4200 8342
259 1299 351 1391 gulis
386 1298 488 1371 annis
522 1303 673 1389 quatuor
706 1317 840 1369 marcas
866 1298 1032 1370 ecclesiae
1059 1303 1096 1369 et
1131 1297 1278 1388 plebano
1305 1296 1342 1369 in
1370 1296 1614 1387 Strzezora
1648 1301 1815 1390 tanquam

259 1420 367 1492 matri
393 1440 477 1493 snae
504 1440 546 1491 ac
568 1417 750 1509 genitrici,
776 1418 911 1490 solvere
938 1424 975 1490 et
1000 1418 1095 1491 dare.

364 1540 579 1629 Zunuowm
605 1539 690 1617 uilla
715 1540 780 1611 sub
797 1540 964 1630 parochia
989 1539 1032 1612 de
1060 1593 1201 1611 ......
1229 1540 1298 1611 sita
1307 1593 1456 1610 ......
1496 1540 1584 1611 ltern
1612 1541 1816 1613 emethones

259 1660 462 1759 praedictae
488 1660 592 1734 villae
605 1659 691 1734 dant
715 1660 886 1733 mensales
912 1661 949 1731 in
966 1658 1197 1733 Strzozow
1225 1660 1371 1751 quilibet
1396 1682 1460 1751 per
1485 1680 1645 1751 grossrm
1671 1700 1706 1750 .,-.
1725 1716 1733 1733 .
1753 1715 1786 1732 ..

367 1783 542 1855 eruow
578 1782 661 1855 uilla
695 1783 760 1854 suh
796 1781 961 1873 parochia
995 1782 1162 1854 ecclesiae
1198 1781 1241 1852 de
1268 1834 1408 1851 ......
1435 1783 1520 1873 sita,
1557 1783 1654 1855 cuius
1689 1784 1815 1856 haeres

260 1905 457 1978 Stanislaus
483 1904 778 1996 Prochenslry
805 1903 849 1976 de
876 1902 977 1976 domo
1004 1900 1269 1976 Griiionum
1271 1955 1384 1974 .....

957 2025 1120 2099 bureau.

367 2147 462 2220 Villa
498 2146 629 2218 habens
664 2147 700 2218 iu
728 2166 765 2218 se
797 2146 1030 2236 parochialem
1067 2145 1246 2217 ecclesium
1282 2145 1469 2217 Natiuitati
1495 2144 1528 2217 S.
1559 2146 1694 2218 Mariae
1722 2146 1815 2218 dica-

261 2278 345 2360 tam,
364 2269 462 2341 cuius
488 2269 611 2339 haeres
637 2266 788 2339 lacobus
817 2265 1209 2359 Ozepyclyowsky
1237 2266 1407 2338 dedomo
1436 2265 1698 2338 Grillonum

365 2389 577 2479 Zauenmn,
613 2387 696 2461 villa
732 2389 796 2460 sub
832 2388 998 2479 parochia
1032 2387 1076 2459 de
1112 2388 1350 2479 Lyuthcza
1386 2388 1470 2477 sita,
1513 2388 1611 2459 cuius
1647 2389 1814 2461 haeredes

261 2512 438 2602 Nicolaus,
465 2509 653 2600 Martinus,
680 2509 807 2582 Petrus
834 2510 877 2581 dc
904 2509 1010 2581 armis
1038 2508 1308 2582 Griifonum.
1335 2510 1375 2580 ln
1404 2530 1471 2599 qua
1498 2515 1579 2581 sunt
1606 2563 1720 2582 .....

366 2630 560 2722 Gadanus,
595 2629 679 2703 villa
712 2631 776 2703 sub
811 2630 977 2721 parochia
1011 2629 1176 2703 ccclesiae
1203 2630 1246 2701 de
1271 2629 1505 2720 Lyuthoza
1534 2684 1647 2703 .....

919 2752 1159 2855 Tnezruuun.

365 2875 459 2947 Villa
483 2872 717 2966 parochialem
753 2873 933 2945 ecclesiam
969 2850 1100 2946 hahens
1137 2874 1173 2947 in
1200 2892 1238 2947 se
1263 2872 1432 2965 ligneam,
1464 2873 1590 2947 Sancto
1618 2874 1811 2949 Laurentio

259 2998 414 3091 hlarty-ri
431 2996 588 3085 dicatam,
615 2996 712 3067 cuius
730 2995 853 3067 haeres
870 2994 1049 3067 «lohannes
1069 2995 1303 3067 Trczensh
1312 3017 1336 3087 y
1354 2995 1479 3067 nobilis
1497 2995 1540 3066 de
1559 2995 1660 3069 demo
1684 2995 1712 3068 P
1726 2998 1815 3069 olu-
1912 2982 1919 2995 ’

258 3120 383 3193 boza.
427 3117 523 3189 Haec
550 3122 666 3189 autem
693 3116 775 3187 villa
802 3123 838 3189 et
865 3118 1031 3207 parochia
1066 3118 1102 3189 iu
1129 3116 1293 3189 extremis
1329 3116 1455 3189 linibus
1491 3117 1660 3189 dioecesis
1687 3116 1813 3189 Croco-

259 3241 401 3329 riensis‚
428 3244 465 3311 et
482 3239 633 3312 amusium
660 3238 883 3311 ecclesiarum
909 3238 1160 3329 parochialium
1188 3238 1454 3328 ultimapropc
1481 3239 1729 3310 Rzeschow
1757 3247 1811 3311 est

259 3364 330 3435 sita
355 3360 595 3434 Gracoviensis
630 3364 666 3431 et
693 3359 976 3450 Praeruysliensis
1013 3360 1180 3431 dioecesis
1216 3365 1337 3431 tenens
1370 3359 1525 3431 continia
1561 3359 1606 3429 ¹In
1634 3368 1812 3450 quaeunt

258 3484 350 3557 lanei
364 3480 608 3571 emethenales,
624 3481 707 3553 item
721 3481 868 3553 taberna
885 3481 1017 3553 hahens
1036 3502 1149 3571 agros,
1163 3480 1247 3553 item
1260 3479 1478 3552 hortulaniae
1493 3480 1662 3552 habentes
1681 3501 1815 3571 agros...

943 3603 1131 3675 Lrunczn.

365 3726 460 3798 Villa
485 3725 617 3797 habens
640 3725 877 3816 ,parochialem
904 3724 940 3796 in
958 3744 995 3797 se
1022 3724 1203 3801 ecclesium
1229 3724 1388 3816 ligneam,
1415 3722 1521 3797 Sanet
1539 3777 1547 3793 .
1567 3776 1574 3793 .
1593 3774 1627 3793 ..
1655 3723 1813 3797 dicatam.

261 3849 300 3923 In
329 3853 510 3940 quaeunt
538 3899 651 3918 .....
679 3845 785 3920 onius
812 3846 936 3919 haeres
963 3899 1104 3916 ......
1197 3858 1199 3863 ·

941 3967 1137 4040 Znscuow.

364 4092 458 4164 Villa
492 4089 724 4183 parochialem
760 4088 940 4161 ecclesiam
975 4089 1123 4180 ligneam
1160 4088 1291 4161 habeus
1326 4087 1441 4177 inse,
1479 4088 1607 4161 Sancto
1645 4087 1815 4161 Clementi

256 4214 412 4307 Martyri
439 4213 608 4302 dicatam,
636 4212 733 4284 cuius
751 4210 876 4284 haeres
894 4210 1029 4283 ratione
1048 4210 1166 4282 uxoris
1185 4210 1377 4282 Stunislaus
1404 4208 1617 4300 Thanczy
1631 4210 1745 4301 usk-y
1772 4211 1815 4280 de

256 4336 367 4409 armis
386 4334 438 4405 Bi
447 4333 668 4426 ppeniunr.
708 4333 748 4402 lu
768 4354 836 4423 qua
863 4338 943 4403 sunt
962 4336 1111 4422 quatuor
1138 4351 1215 4403 cum
1234 4330 1346 4403 medio
1374 4330 1466 4402 lanei
1494 4329 1742 4419 emethenales,
1770 4330 1813 4400 de

256 4458 387 4551 quibus
422 4455 569 4528 soluitur
604 4459 640 4526 et
666 4453 871 4526 conducitur
905 4453 1038 4525 decima
1065 4452 1289 4542 manipularis
1326 4456 1363 4523 et
1388 4449 1564 4539 canapalis
1592 4471 1655 4540 pro
1684 4449 1814 4521 decano
1903 4484 1909 4497 .

256 4578 501 4667 cracoviensi,
532 4581 570 4648 ct
596 4574 693 4648 valor
728 4575 802 4647 eius
830 4573 1034 4647 aestimatur
1070 4573 1114 4646 ad
1142 4578 1291 4663 quatuor
1325 4590 1468 4643 marcas.
1513 4571 1601 4643 Item
1628 4568 1814 4643 incudem

256 4700 344 4775 rilla
375 4705 456 4773 sunt
485 4698 643 4790 quinque
680 4697 771 4769 lanei
799 4700 937 4786 praeter
963 4696 1118 4785 priores,
1145 4695 1187 4765 ‹le
1215 4690 1339 4784 quibus
1367 4691 1501 4765 decima
1527 4691 1719 4783 pecunialis
1747 4692 1815 4764 sol·

257 4824 356 4895 uitur
382 4841 445 4912 pro
472 4819 603 4893 decano
630 4818 865 4907 cracoviensi,
892 4838 954 4907 per
982 4838 1087 4889 unum
1115 4816 1299 4903 lertcnern3
1334 4814 1417 4887 item
1444 4819 1499 4886 ost
1525 4814 1574 4886 ibi
1601 4813 1815 4904 praebenda-

257 4945 333 5016 rius
361 4941 492 5015 habens
518 4963 624 5013 unum
650 4941 805 5028 laneum,
833 4959 933 5029 quern
961 4939 1055 5010 solus
1083 4937 1183 5027 colit,
1210 4936 1253 5007 de
1280 4956 1348 5026 quo
1376 4934 1482 5008 etiam
1501 4940 1652 5009 tenetur.
1668 4934 1814 5009 reddere

258 5064 429 5137 decimam
464 5063 614 5151 decan03
650 5063 732 5135 item
768 5066 822 5133 est
856 5061 906 5132 ibi
932 5059 1112 5151 praedium
1139 5079 1263 5146 unum,
1290 5057 1383 5148 quod
1409 5057 1558 5130 decimat
1584 5055 1750 5129 ecelesiae
1777 5056 1840 5127 in·
1884 5039 1886 5043 ¹

258 5185 486 5261 Zacchow.
1551 5244 1554 5249 .

364 5304 632 5397 Wrnwronun,
658 5306 741 5378 villa
767 5304 831 5377 sub
851 5303 1015 5393 parochia
1042 5302 1085 5374 de
1111 5302 1329 5374 Zasehow
1356 5300 1431 5388 sita,
1460 5298 1556 5370 euius
1584 5296 1708 5369 haeres
1735 5294 1813 5367 Sta-

259 5430 393 5503 nislaus
420 5426 757 5519 Thanczynslry
783 5426 920 5497 ratione
938 5425 1066 5496 uxoris.
1106 5424 1146 5495 ln
1166 5442 1235 5513 qua
1252 5426 1333 5493 sunt
1356 5417 1588 5509 quadraginta
1605 5416 1697 5487 lanei
1723 5436 1814 5487 eme-

259 5550 434 5638 thenales,
461 5547 504 5620 de
532 5549 657 5639 quibus
683 5548 816 5620 decima
842 5544 1023 5619 tertonulis
1050 5544 1199 5617 solu-itur
1224 5562 1287 5631 pro
1306 5539 1436 5612 decano
1463 5536 1704 5626 Gracoviensi3
1731 5536 1815 5609 item

261 5672 385 5743 haeres
412 5669 573 5761 deposuit
598 5676 672 5741 tres
698 5669 817 5741 laneos
843 5666 1096 5755 emethenales,
1133 5669 1169 5735 et
1195 5660 1366 5734 convertit
1392 5680 1452 5733 eos
1479 5660 1515 5732 in
1541 5657 1750 5751 praediales,
1778 5662 1813 5729 ct

263 5792 407 5865 abstulit
433 5790 599 5863 decimam
625 5810 649 5863 a
673 5790 813 5879 decano,
839 5793 875 5861 et
901 5786 1049 5859 decimat
1075 5784 1117 5857 de
1145 5782 1196 5855 eis
1223 5782 1387 5855 ecclesiae
1414 5781 1450 5854 in
1476 5781 1670 5855 Zassow.

364 5912 480 6004 Rezu',
508 5911 591 5985 villa
608 5910 673 5985 auh
692 5910 858 6005 parochia
875 5906 1041 5984 ecclesiae
1068 5906 1110 5979 de
1129 5905 1314 5981 Zassow
1341 5903 1427 5995 sita,
1454 5903 1489 5975 in
1508 5921 1578 5995 qua
1596 5905 1678 5975 sunt
1696 5899 1813 5993 plures
