4200 8342
874 1914 1186 1988 Sunnsaowrczn
1562 1973 1571 1982 .

361 2054 472 2142 villa,
499 2055 631 2126 habens
665 2056 702 2125 in
728 2076 767 2126 se
792 2054 970 2126 ecclesiam
995 2053 1228 2145 parochialem
1254 2053 1424 2143 lignum,
1451 2052 1600 2125 Sancite
1624 2050 1806 2144 Πυρη-

259 2175 341 2249 thas
367 2176 494 2267 virgini
520 2175 680 2265 dimum,
705 2177 803 2247 ouius
829 2176 1027 2265 proprietas
1043 2181 1081 2246 et
1098 2174 1287 2246 dominium
1304 2174 1349 2244 ad
1366 2174 1625 2246 serenissimum
1640 2173 1805 2247 Poloniae

258 2316 374 2386 rogem
401 2297 565 2387 pertinet,
590 2297 689 2367 cuius
714 2297 883 2387 plebanus
908 2295 1088 2368 Jolrannes
1114 2296 1158 2366 de
1184 2295 1559 2386 Koprzprrnicza
1584 2295 1622 2366 in
1639 2301 1807 2388 quasunt

256 2416 349 2489 lanei
384 2416 633 2505 cmetbonalos,
660 2417 705 2488 de
739 2418 864 2507 quibus
890 2417 1039 2487 solvitur
1064 2424 1102 2488 et
1126 2417 1333 2488 conducitur
1357 2416 1492 2489 decima
1516 2416 1747 2506 manipularis
1770 2422 1807 2488 et

257 2537 434 2628 campalis
460 2558 524 2627 pro
550 2537 792 2609 mansionariis
818 2537 983 2608 ecclcsiae
1009 2537 1220 2608 cathedralis
1245 2538 1354 2609 castri
1378 2535 1630 2626 (nacoriensis,
1653 2543 1696 2610 ot
1709 2536 1807 2609 ralor

258 2658 332 2729 eius
358 2659 561 2730 aestimatur
588 2657 668 2729 ad.
695 2713 704 2728 .
730 2713 745 2728 ,
764 2658 853 2729 Item
880 2658 998 2729 estin
1023 2657 1146 2730 eadem
1171 2658 1257 2729 villa
1280 2658 1430 2730 taberna
1447 2677 1527 2748 m
1542 2658 1678 2743 babens
1695 2678 1807 2750 agros,

258 2779 302 2850 de
328 2779 453 2870 quibus
488 2779 637 2852 solritur
670 2779 805 2850 decima
829 2779 1055 2869 manipularis
1080 2778 1229 2871 plebano
1255 2779 1292 2849 in
1317 2778 1688 2855 Smarszorricze.
1720 2780 1806 2852 Item

257 2905 313 2971 est
337 2904 376 2970 et
401 2900 581 2990 praedium
606 2900 741 2991 regium
768 2900 827 2989 ibi,
854 2900 898 2971 de
924 2920 992 2990 quo
1009 2900 1203 2972 decimatur
1218 2899 1367 2991 plebum
1383 2900 1420 2970 in
1438 2899 1805 2975 Smarszorricze

258 3020 361 3092 quta
393 3027 511 3093 autem
545 3023 772 3093 assertionem
808 3021 949 3111 plebani
984 3021 1029 3092 de
1054 3020 1411 3093 Smarszo-wicze
1437 3020 1597 3093 suntabi
1622 3021 1662 3093 iu
1688 3023 1807 3094 adeun

258 3142 339 3213 villa
365 3142 505 3233 quidam
532 3142 623 3214 lanei
650 3163 793 3214 numero
821 3141 1082 3232 quatuordecim
1107 3140 1343 3216 ometbcrnles
1368 3141 1440 3231 alii,
1466 3162 1554 3233 quos
1574 3141 1806 3217 slabosen

257 3265 452 3336 muntarins
479 3263 588 3334 castri
613 3261 828 3353 Oozyecz,
855 3263 900 3333 ad
927 3263 1020 3353 quod
1045 3262 1620 3335 dimasillaSmarszowicze
1646 3262 1807 3356 peltinet

256 3384 292 3454 iu
320 3389 480 3456 naturam
506 3383 640 3473 praedii
665 3384 755 3474 regii
780 3384 1002 3475 computavit,
1029 3392 1066 3455 et
1091 3405 1156 3475 pro
1181 3383 1325 3474 praedio
1350 3385 1449 3475 regio
1475 3390 1555 3456 arat
1580 3389 1618 3456 et
1643 3385 1740 3476 colit,
1765 3387 1806 3458 de

258 3526 326 3595 qno
353 3525 432 3576 cnm
456 3505 634 3577 Johannes
660 3503 837 3594 praefatus
864 3505 907 3576 de
933 3504 1301 3597 Koprzpunicza
1325 3505 1496 3596 plebanus
1520 3524 1639 3578 secum
1666 3514 1805 3580 conten

256 3625 374 3716 disset,
399 3632 437 3697 et
462 3626 548 3714 iure,
565 3630 605 3696 ut
631 3646 735 3697 unam
752 3645 948 3697 mensuram
965 3626 1115 3717 siliginis
1131 3632 1169 3698 et
1184 3626 1332 3698 alteram
1349 3646 1482 3698 avenae
1498 3627 1637 3698 rationo
1654 3627 1805 3699 masobia

257 3745 300 3816 de
328 3746 482 3836 quolibet
507 3745 616 3836 leuco,
643 3747 744 3818 iuxta
768 3767 811 3818 ao
835 3748 872 3818 in
899 3748 986 3838 aliis,
1010 3769 1098 3838 qnos
1116 3747 1317 3820 emethones
1334 3748 1621 3838 arantbebcrct,
1638 3749 1707 3823 sibi
1725 3749 1807 3822 dare

260 3873 298 3939 et
324 3867 459 3940 solvere
485 3873 677 3959 cogeretur,
704 3868 932 3959 convenisset,
959 3870 1110 3942 cessarit
1133 3890 1194 3941 eos
1220 3867 1344 3959 colere,
1370 3873 1408 3940 et
1432 3869 1582 3941 incultos
1608 3875 1706 3942 stare
1730 3891 1806 3962 per·

258 3989 376 4060 mittit.
401 3990 490 4062 Item
516 3988 685 4080 plebanus
711 3991 864 4062 eiusdem
891 3992 1057 4065 ecclesiae
1083 3991 1191 4063 habet
1216 4010 1321 4081 agros
1346 3989 1518 4081 proprios,
1544 3989 1589 4062 ad
1607 4011 1671 4065 sex
1690 3992 1807 4064 laneos

256 4113 467 4206 aestimatos,
493 4132 557 4203 pro
584 4111 728 4203 praedio
754 4134 826 4184 suo.
852 4111 941 4185 Item
958 4112 1094 4185 ratione
1112 4109 1264 4182 meacm
1280 4112 1389 4183 habet
1404 4110 1574 4203 plebanus
1589 4132 1696 4186 unam
1713 4133 1806 4185 men·
1835 4125 1843 4133 '

258 4254 374 4304 suram
401 4235 558 4325 siliginis,
584 4234 730 4305 alteram
758 4254 887 4306 avenae
913 4234 957 4306 de
984 4234 1140 4325 quolibet
1164 4233 1273 4303 laneo.

361 4352 651 4443 Ozrnnowrczn,
677 4353 761 4425 villa
787 4355 852 4426 sub
878 4355 1044 4444 parochia
1061 4354 1105 4427 de
1121 4353 1482 4426 Smarsaowiene
1508 4353 1588 4457 ⁸i²b
1604 4355 1705 4429 cuius
1723 4356 1804 4445 bae·

258 4472 359 4545 redes
385 4471 589 4562 Stanislans,
615 4471 750 4563 Petrus,
777 4473 943 4546 Nicolaus
968 4480 1005 4547 et
1030 4475 1144 4546 Adam
1162 4473 1331 4566 germani,
1348 4472 1434 4545 dicti
1454 4473 1806 4570 Adamlowicnp

258 4593 301 4666 de
328 4594 460 4665 armis.
489 4647 496 4662 .
524 4646 532 4661 .
559 4647 586 4683 .,
613 4593 650 4664 in
677 4614 745 4684 qua
771 4601 852 4666 sunt
877 4596 968 4667 lanei
993 4596 1238 4685 emethonales,
1264 4596 1349 4666 item
1371 4600 1526 4686 quatuor
1550 4594 1696 4687 pnsum
1718 4598 1807 4670 mili·

258 4714 357 4803 tario,
385 4711 428 4784 de
455 4713 579 4803 quibus
606 4713 765 4786 omnibus
791 4713 939 4786 solvitur
965 4720 1002 4787 et
1027 4715 1232 4787 conducitur
1257 4713 1391 4786 decima
1407 4710 1634 4806 mundaris
1651 4721 1690 4788 et
1706 4737 1807 4788 oana-

258 4835 348 4925 palis
383 4853 447 4924 pro
482 4834 629 4906 ecclesia
658 4839 695 4904 et
719 4835 866 4926 plebano
893 4837 929 4907 in
955 4836 1334 4926 Smarsrowicze,
1361 4836 1460 4908 valor
1485 4836 1560 4909 eius
1587 4836 1633 4909 ud
1658 4837 1806 4911 sedecim

260 4977 394 5029 mareas
421 4956 634 5029 aestimatur.
689 5008 714 5047 Η
761 5006 765 5011 -
1563 5028 1565 5035 .

363 5076 697 5168 Sczonmrowrczn,
722 5078 807 5150 villa
833 5078 896 5150 sub
913 5078 1082 5170 parochia
1098 5077 1263 5149 ecclesiae
1281 5077 1324 5149 de
1342 5077 1705 5173 Smarspouione
1731 5079 1808 5171 sin,

217 5267 221 5276 .
260 5200 356 5272 cuius
390 5199 559 5271 haeredes
594 5199 773 5272 Johannes
799 5200 1122 5292 Woyewodlra,
1150 5199 1343 5272 Stanislaus
1370 5198 1610 5289 qurman,
1635 5198 1808 5273 Matthiae

259 5321 526 5413 Masiczslry
561 5327 598 5392 et
633 5321 831 5412 Skorky,
858 5323 894 5392 in
931 5343 1000 5413 qua
1035 5329 1118 5394 snut
1151 5322 1244 5393 lanei
1270 5321 1520 5413 emethonales,
1547 5321 1632 5393 item
1658 5328 1809 5413 quatuor

258 5443 400 5533 praedia
426 5442 600 5533 militaria,
626 5442 670 5514 de
698 5444 822 5533 quibus
848 5444 1007 5517 omnibus
1022 5444 1182 5515 solvitur
1208 5450 1246 5515 et
1271 5443 1475 5516 conducitur
1501 5442 1636 5517 decima
1650 5445 1808 5536 manipu-

258 5566 342 5637 laris
377 5572 415 5637 et
449 5565 623 5655 campalis
658 5584 723 5655 pro
758 5565 904 5637 ecclesia
937 5570 974 5637 et
999 5566 1148 5656 plebano
1176 5567 1212 5637 in
1238 5564 1617 5655 Smarszowicne,
1644 5570 1683 5638 et
1708 5567 1808 5639 valor

259 5688 333 5760 eius
358 5688 564 5759 aestimatur
592 5683 638 5759 ad
665 5739 673 5755 .
700 5739 708 5756 .
738 5740 745 5755 .

361 5809 532 5881 Wrnnua
558 5806 714 5897 Wrnsz,
741 5807 824 5878 villa
850 5807 914 5879 sub
941 5808 1108 5899 parochia
1134 5807 1178 5880 de
1206 5806 1565 5881 Smarszowioae
1590 5808 1679 5899 sita,
1706 5809 1807 5883 onius

212 6024 215 6031 ι
258 5932 454 6023 proprietas
482 5930 526 6003 od
553 5928 809 6003 serenissimum
836 5927 1000 6001 Poloniae
1027 5950 1146 6023 regem
1172 5929 1333 6020 pertinet,
1359 5929 1396 6000 in
1423 5951 1492 6022 qua
1509 5935 1592 6002 sunt
1607 5930 1701 6003 lanei
1718 5951 1809 6003 ome·

258 6053 435 6141 thonales‚
462 6052 505 6124 de
540 6053 664 6145 quibus
701 6052 859 6124 omnibus
895 6052 1044 6124 solvitur
1069 6057 1106 6123 et
1133 6050 1338 6123 conducitur
1364 6051 1497 6126 decima
1520 6051 1748 6142 manipularis
1774 6059 1810 6125 et

259 6173 434 6265 canopalis
460 6173 677 6263 praebendae
705 6173 933 6265 cracoviensi,
961 6195 1050 6265 quae
1077 6178 1222 6246 vocatur
1248 6224 1257 6243 .
1353 6173 1441 6249 Item
1468 6173 1648 6264 praedium
1673 6176 1809 6267 regium
1859 6261 1863 6275 Ι

260 6302 313 6368 est
339 6295 376 6367 in
402 6292 524 6366 eadem
549 6294 651 6384 villa,
678 6294 720 6366 do
748 6296 845 6367 cuius
871 6294 965 6385 agris
992 6294 1192 6367 solvebatur
1219 6293 1353 6366 decima
1379 6294 1616 6385 superioribus
1643 6297 1809 6387 tempori-

259 6418 325 6490 bus
360 6416 516 6508 plebano¹
542 6414 579 6487 in
614 6413 988 6506 Smarszowioze,
1016 6421 1052 6488 et
1087 6416 1226 6507 quidam
1252 6416 1423 6507 plebanus
1451 6414 1605 6488 eiusdem
1632 6417 1808 6508 ecelesiae,

260 6538 373 6613 dictus
400 6537 433 6611 N
442 6557 509 6630 os,
535 6558 611 6611 eam
645 6537 859 6631 percipiebat
886 6539 984 6611 etin
1011 6558 1111 6613 suum
1137 6539 1300 6611 horreum
1328 6536 1495 6630 ducebat3
1522 6538 1583 6610 sed
1609 6538 1808 6633 praedictos
