4200 8342
1731 1575 1804 1666 tot

256 1782 416 1863 omnibus
442 1781 510 1861 etsi
537 1782 775 1877 superioribus
812 1782 911 1858 annis
938 1783 1071 1858 decima
1096 1781 1332 1877 manipularis,
1354 1790 1390 1857 et
1418 1779 1594 1876 canapulis
1620 1782 1807 1877 parochiae
1874 1830 1879 1840 ·

256 1908 529 1983 Sandomiriensi
555 1908 768 1998 solvebatur,
795 1907 944 1979 ecclesia
968 1913 1084 1979 tamen
1112 1905 1231 1978 Sancti
1256 1905 1414 1977 Mauritii
1441 1925 1484 1977 ex
1510 1902 1808 2004 Zawichosjth

256 2033 295 2104 in
321 2030 481 2102 Borow
506 2030 696 2118 monetata,
733 2028 918 2100 Luthho
955 2028 998 2100 de
1025 2027 1234 2099 Thokari
1266 2027 1492 2099 scholasticus
1518 2023 1808 2099 Sandomiriensis

257 2151 402 2224 donavit
428 2170 506 2222 earu
532 2150 718 2221 donatione
744 2155 930 2238 perpetua,
971 2148 1136 2218 ecclesiae
1176 2149 1212 2218 in
1241 2148 1420 2236 Borow,
1460 2169 1563 2237 quam
1589 2149 1809 2252 donatiouem

255 2271 525 2345 Luthkouis
559 2268 736 2342 Johannes
763 2270 945 2358 episcopus
972 2265 1231 2355 OracoviensiS,
1259 2267 1302 2339 de
1329 2282 1500 2340 consensu
1524 2271 1686 2361 capituli,
1717 2292 1807 2344 auno

257 2392 398 2465 Domini
428 2393 527 2464 1465
555 2390 788 2480 confirmavit;
815 2390 851 2460 in
878 2388 975 2461 cuins
1002 2408 1261 2479 recompensam
1288 2388 1482 2478 aliqualem,
1510 2391 1616 2461 cessit
1641 2445 1809 2465 .......

232 2498 427 2604 'plebanus
454 2511 498 2584 de
524 2511 695 2602 Borow,
722 2509 767 2582 ad
794 2529 902 2601 quem·
923 2528 965 2581 ex
992 2509 1135 2598 antiquo
1157 2508 1364 2599 pertinebat,
1391 2512 1427 2582 et
1452 2509 1551 2581 valor
1576 2512 1651 2586 eius
1669 2512 1714 2585 ad
1732 2519 1820 2586 octo.

260 2652 405 2706 marcas.
902 2632 908 2647 '
1900 2712 1904 2719 ,

362 2752 511 2843 Kosara,
538 2753 622 2824 villa
648 2753 712 2825 sub
738 2750 905 2843 parochia
929 2750 974 2822 de
1001 2749 1161 2822 Borow
1188 2750 1274 2839 sita,
1302 2750 1399 2821 cuius
1426 2751 1594 2825 haeredes
1622 2757 1808 2830 sanctimo-
1868 2785 1875 2798 ·

259 2873 370 2946 nieles
397 2872 516 2945 Sancti
543 2871 706 2945 Andreae
732 2872 777 2944 de
803 2870 1041 2944 cracovia.
1085 2870 1125 2940 ln
1158 2890 1226 2961 qua
1252 2871 1402 2962 quinque
1438 2872 1528 2946 lanei
1566 2875 1810 2968 emethonales,

259 3012 330 3066 nna
347 2994 520 3083 taberna,
547 2997 696 3084 quatuor
723 2993 961 3081 hortulauiae,
988 2990 1057 3062 dno
1082 2990 1297 3082 molendina,
1324 2992 1440 3064 omnia
1465 2994 1597 3067 habent
1623 3017 1740 3088 agros,
1766 2998 1811 3069 de

261 3114 387 3205 qubus
413 3114 547 3187 decima
572 3113 798 3206 manipularis
824 3116 861 3185 et
886 3111 1063 3202 canapalis
1089 3111 1297 3184 scholastiae
1323 3111 1609 3207 Sandomiriensi,
1650 3124 1686 3191 et
1712 3119 1811 3191 valor

260 3235 337 3308 sius
364 3236 569 3307 aestimatur
595 3233 640 3306 ad
667 3235 818 3325 quinque
843 3253 988 3305 marcas

366 3354 587 3446 Marscunrc,
613 3374 701 3446 qnae
728 3355 810 3427 olim
836 3353 1040 3426 unuczrnn
1067 3353 1271 3444 vocabatur,
1296 3354 1381 3425 villa
1406 3355 1471 3427 sub
1498 3356 1619 3429 eadem
1646 3359 1811 3448 parochia

262 3474 307 3549 de
333 3475 494 3548 Boron
520 3477 603 3567 sita,
629 3480 665 3548 et
690 3475 794 3567 longo
821 3479 976 3566 tempore
1003 3492 1067 3563 per
1091 3491 1244 3563 gwerras
1271 3472 1464 3565 desertata,
1492 3478 1589 3549 cuius
1615 3481 1812 3569 proprietas

263 3596 308 3668 ad
334 3597 612 3668 sanctimoniales
635 3595 753 3668 Sancti
772 3595 934 3666 Andreae
961 3593 1004 3666 de
1031 3591 1260 3665 Oracovia
1286 3592 1445 3684 pertinet
1472 3595 1512 3667 In
1540 3604 1715 3686 quaeunt
1741 3604 1812 3672 tre-

262 3716 374 3789 decim
400 3737 476 3789 cum
502 3717 617 3789 medio
643 3717 734 3788 lanei
760 3714 1006 3804 emethonales,
1033 3713 1077 3785 de
1095 3714 1251 3804 quolibet
1267 3715 1428 3804 episcopo
1447 3714 1668 3790 Gracoviansi
1694 3719 1813 3792 decem

262 3839 376 3929 grossi
401 3859 466 3930 pro
493 3838 625 3910 decima
651 3837 822 3928 pecuniali
849 3835 1038 3909 solvuntur.
1065 3834 1154 3906 Item
1173 3834 1338 3906 scoltetus
1356 3843 1411 3908 est
1427 3837 1486 3925 ibi,
1512 3838 1645 3910 habens
1664 3847 1813 3931 quatuor

262 3957 392 4048 laneos,
419 3959 525 4030 etde
552 3958 703 4048 antiquis
730 3957 824 4048 agris
851 3956 956 4028 solvit
982 3954 1147 4037 decimam
1175 3955 1381 4026 scholastico
1409 3955 1688 4050 Sandomiriensi,
1715 3965 1752 4031 et
1769 3961 1813 4032 de

266 4078 401 4151 duabus
427 4079 583 4151 tabernis
610 4086 646 4151 et
673 4078 715 4150 de
742 4098 811 4150 uno
837 4068 1055 4165 molendino,
1081 4081 1118 4145 et
1144 4074 1187 4146 de
1214 4080 1363 4165 quatuor
1390 4077 1616 4168 hortulaniis,
1643 4099 1694 4170 eo,
1721 4078 1814 4170 quod

264 4198 300 4269 in
327 4199 481 4290 antiquis
507 4199 612 4270 locati
638 4204 730 4287 sunt3
757 4197 800 4268 de
825 4196 925 4269 novis
951 4216 1035 4293 uero
1061 4196 1211 4286 percipit
1238 4216 1312 4267 eam
1329 4198 1506 4287 ,plebanus
1533 4199 1576 4270 de
1602 4199 1770 4273 Borow.

372 4300 1030 4410 Pszunnno1,aliasPosrauznrczn,
1071 4317 1155 4389 villa
1185 4318 1248 4389 snb
1275 4319 1439 4408 parochia
1474 4319 1517 4390 de
1543 4319 1701 4393 Borow
1737 4320 1814 4412 sita,

255 4424 363 4514 ‘emus
389 4442 585 4532 proprietas
620 4440 665 4511 ad
699 4439 866 4511 moniales
901 4437 1019 4510 Sancti
1045 4436 1209 4510 Andreae
1243 4439 1404 4529 pertinet.
1447 4439 1488 4510 In
1516 4462 1583 4532 qua
1619 4447 1701 4514 suut
1736 4447 1811 4515 tres

264 4561 357 4635 lanei
382 4561 632 4650 emethonales,
667 4561 711 4632 de
738 4560 863 4651 quibus
889 4559 1037 4631 solvitur
1064 4566 1101 4630 et
1127 4558 1331 4632 conducitur
1366 4561 1498 4632 decima
1524 4562 1750 4653 manipularis
1777 4568 1813 4634 et

265 4682 440 4774 canapalis
466 4702 531 4773 pro
558 4680 765 4755 scholastria
790 4679 1072 4769 Sandomiriensi,
1099 4681 1196 4753 cuius
1222 4680 1320 4751 valor
1347 4683 1552 4753 aestimatur
1569 4683 1613 4753 ad
1632 4689 1704 4754 tres
1723 4702 1815 4753 mar·

266 4820 335 4877 aas.
361 4802 451 4876 Item
476 4823 546 4875 non
573 4807 629 4873 est
653 4800 704 4873 ibi
730 4799 918 4890 praedium,
945 4820 1013 4870 non
1041 4806 1123 4870 sunt
1148 4800 1330 4889 tabernae,
1357 4821 1425 4871 non
1453 4806 1534 4872 sunt
1559 4803 1789 4874 hortulaniae.

371 4923 541 5012 Osraow,
568 4922 652 4993 villa
678 4921 743 4992 snb
762 4913 934 5010 'parochia
961 4919 1004 4990 de
1031 4919 1192 4991 Borow
1218 4920 1299 5010 sita,
1326 4921 1423 4992 cuius
1449 4924 1645 5012 proprietas
1672 4923 1716 4995 ad
1741 4944 1815 4995 mo·

268 5045 459 5118 hasterium
485 5042 604 5116 Sancti
631 5041 793 5114 Andreae
820 5039 1130 5112 sanctimonialium
1158 5039 1193 5109 in
1221 5038 1448 5113 Cracovia
1475 5044 1637 5133 pertinet.
1680 5043 1720 5115 ln
1748 5065 1816 5135 qua

269 5171 352 5240 sunt
376 5185 500 5237 uorem
526 5163 619 5236 lanei
646 5160 898 5250 emethonales,
924 5160 1008 5232 item
1035 5181 1106 5231 una
1130 5159 1277 5232 taberna
1302 5159 1434 5234 habens
1460 5184 1573 5254 agree,
1600 5165 1683 5236 item
1709 5187 1815 5236 unum

269 5285 502 5359 molendinum
528 5284 660 5356 habens
687 5303 800 5373 agros,
827 5281 870 5353 de
898 5280 1022 5372 quibus
1049 5281 1206 5354 omnibus
1234 5281 1380 5354 solvitur
1398 5289 1433 5354 et
1451 5284 1653 5357 conducitur
1684 5286 1817 5358 decima

270 5407 497 5499 manipularis
514 5411 551 5479 et
568 5403 744 5495 canapalis
771 5422 835 5494 pro
853 5402 1062 5474 scholastria
1080 5400 1361 5494 Sandomiriensi,
1388 5405 1485 5476 cuius
1510 5406 1609 5478 valor
1636 5406 1680 5478 ad
1699 5406 1817 5477 decem

271 5548 405 5601 marcas
432 5528 645 5600 aestimatur.
671 5521 909 5597 Molendinum
935 5528 1051 5595 autem
1077 5521 1279 5616 praefatum,
1306 5546 1471 5597 unacum
1496 5527 1639 5616 piscina,
1667 5526 1818 5617 pertinet

271 5649 316 5721 ad
341 5650 591 5741 proprietatem
617 5645 819 5720 monasterii
854 5644 1002 5717 fratrum
1027 5644 1198 5718 minorum
1233 5646 1268 5716 in
1295 5645 1609 5738 Zawichosth,
1650 5652 1686 5716 et
1712 5645 1818 5717 solvit

272 5769 357 5842 duas
384 5774 551 5842 metretas
579 5769 730 5840 omnium
757 5765 1064 5839 emolimentomm

376 5889 597 5981 Marsorum,
623 5889 709 5961 alias
736 5887 930 5978 marran,
958 5886 1040 5959 villa
1056 5887 1131 5959 ‘sub
1159 5889 1325 5978 parochia
1350 5886 1393 5958 de
1420 5887 1580 5959 Borow
1606 5887 1693 5977 sita,
1720 5887 1817 5959 cuius

272 6009 470 6102 proprietas
497 6009 542 6082 ad
567 6009 815 6082 monasterium
847 6006 1158 6098 sanctimonialium
1186 6007 1304 6080 Sancti
1331 6007 1492 6079 Andreae
1518 6008 1562 6079 de
1588 6006 1819 6081 Gracoria

272 6132 442 6224 pertinet,
469 6136 614 6222 propter
639 6129 835 6219 frequentia
860 6127 953 6200 bella
979 6127 1066 6200 adeo
1093 6129 1287 6219 desertata,
1313 6136 1354 6200 ut
1379 6149 1422 6201 ex
1449 6129 1532 6201 villa
1557 6128 1818 6200 heremitorium

274 6251 396 6326 allecta
422 6253 553 6325 abolito
580 6255 719 6325 vetusto
746 6249 893 6341 nomine,
918 6247 1132 6321 Mniszek
1162 6249 1268 6321 etiam
1293 6250 1462 6322 hactenus
1488 6255 1641 6324 vocetur.
1683 6248 1725 6320 In
1752 6270 1820 6340 qna

275 6379 329 6446 est
353 6373 513 6448 scultetis
538 6374 670 6447 habens
698 6375 847 6463 quatuor
873 6369 1000 6462 laneos,
1026 6390 1091 6461 pro
1110 6390 1173 6442 suo
1192 6371 1344 6463 praedio,
1372 6378 1408 6444 et
1434 6371 1520 6443 duas
1538 6373 1711 6463 tabernas,
1738 6371 1820 6440 item

378 6665 576 6711 maumam.
1422 6637 1424 6641 ’
1620 6643 1657 6693 ⁰⁴
