4200 8342
1729 1644 1800 1718 189

258 1849 416 1939 dicatam,
444 1849 541 1920 cuius
559 1850 683 1920 haeres
709 1809 885 1922 lohannes
910 1849 1198 1941 Dzaleczsky
1223 1871 1287 1941 pro
1313 1871 1383 1921 nna
1407 1850 1614 1940 medietate,
1649 1856 1685 1921 et
1710 1850 1803 1922 Mat-

257 1971 360 2059 thias,
386 1968 548 2040 Andreas
574 1975 612 2040 et
638 1969 800 2041 NIcolaus
827 1990 891 2059 pro
917 1971 1028 2041 altera
1054 1970 1249 2042 medietate.
1277 1972 1316 2042 In
1335 1992 1404 2061 qua
1427 1975 1508 2042 sunt
1535 1972 1625 2046 lanei
1653 1973 1804 2043 66161116-

256 2091 370 2178 66166,
396 2088 440 2162 (16
458 2090 582 2180 quibus
600 2089 748 2181 solvitpr
775 2088 906 2160 (1661616
934 2139 954 2160 .-
962 2144 1076 2161 .....
1103 2091 1191 2162 11616
1218 2091 1375 2182 61661616
1401 2092 1545 2163 66616616
1571 2091 1677 2163 habet
1702 2110 1804 2181 agros

256 2210 433 2300 speciales,
460 2230 614 2299 proauo
641 2211 783 2301 praedio
810 2216 846 2281 et
873 2212 1088 2283 necessitate.
1817 2223 1819 2228 “

363 2319 603 2404 Urnsznzncz
616 2331 819 2419 Uaramus,
846 2331 929 2402 villa
947 2333 1011 2403 sub
1029 2331 1195 2423 parochia
1213 2332 1256 2403 de
1273 2330 1559 2421 Woyhowicze
1577 2330 1816 2404 Kosczelne·

257 2453 343 2541 sita,
379 2451 477 2523 chius
512 2450 681 2523 haeredes
717 2450 908 2523 Stanislans
935 2438 972 2523 61
997 2451 1176 2523 Johannes
1212 2449 1506 2542 Grahowsky.
1549 2452 1590 2522 In
1626 2472 1694 2541 qua
1724 2458 1805 2523 sunt

132 2592 134 2596 ’
257 2578 406 2662 quatuor
432 2571 524 2643 lanei
550 2571 783 2643 amethonales
810 2576 845 2643 et
870 2572 1026 2661 praedia,
1063 2571 1106 2642 de
1133 2572 1257 2661 quibus
1284 2571 1417 2642 decima
1443 2571 1668 2660 manipularis
1695 2571 1802 2672 eccle-

259 2694 329 2763 siae
356 2693 392 2763 in
419 2691 668 2763 86166166·
689 2692 778 2762 Item
805 2692 889 2763 villa
914 2691 1075 2782 praelata
1101 2692 1206 2765 solvit
1232 2692 1396 2765 ecclcsiae
1424 2693 1459 2763 iu
1486 2691 1802 2797 Woykowicze

258 2812 545 2884 columhationem
572 2816 609 2883 61
634 2810 752 2886 Sancti
777 2810 876 2883 Petri
902 2812 1093 2884 denarium.

363 2932 582 3004 Urnznzacz
601 2951 816 3022 raoxnmoa,
834 2933 917 3004 villa
936 2934 999 3004 sub
1018 2932 1183 3023 parochia
1210 2932 1252 3003 dc
1270 2931 1557 3023 Woykowicze
1579 2932 1805 3003 Kosczelne
1899 2928 1901 2930 ’

267 3055 352 3142 6116,
392 3053 489 3124 66166
523 3050 692 3123 haeredes
718 3052 929 3143 Matthaeus,
957 3051 1117 3124 Andreas
1134 3059 1186 3130 ¹et
1212 3053 1445 3142 Nicolaum-de
1472 3053 1573 3123 domo
1600 3052 1807 3139 Nowina;

261 3194 348 3262 qnae
375 3172 481 3243 hahet
507 3171 592 3242 dnos
619 3172 738 3243 laneos
765 3173 1007 3262 emethonales,
1035 3171 1078 3243 de
1098 3171 1222 3262 (6111166
1241 3173 1374 3244 decima
1391 3172 1615 3263 manipularis
1642 3171 1806 3243 ecclesiae

259 3294 294 3362 in
331 3291 614 3383 Schyewyor.
644 3293 734 3364 Item
768 3292 852 3363 villa
878 3292 1036 3382 praelata
1071 3293 1176 3365 solvit
1202 3293 1367 3365 ccclesiae
1402 3294 1438 3364 in
1473 3293 1802 3383 Woykowycze

260 3413 546 3485 columhationem
573 3419 610 3483 ct
637 3412 756 3484 Sancti
782 3412 880 3484 Petri
907 3412 1096 3485 denarium.
1213 3483 1217 3491 ,
1761 3417 1763 3422 ’

362 3532 543 3622 Dauara,
578 3533 662 3605 villa
688 3534 751 3603 suh
779 3535 944 3623 parochia
970 3534 1013 3604 (16
1039 3533 1359 3624 WoykowIcze
1391 3534 1478 3626 sita,
1514 3534 1611 3605 cuius
1637 3533 1805 3634 haeredes

128 3681 165 3766 ·-
261 3653 670 3744 NicolausDamhsky
696 3652 857 3726 dedomo
886 3653 1158 3744 Sternbark,
1186 3655 1364 3727 lohannes
1384 3652 1805 3744 Golanskydedomo

149 3777 151 3780 ’
262 3773 1807 3866 8161611611(6116166666116666116616(16(1611161166166.111(]666661

264 3915 324 3966 sex
350 3895 441 3966 lanei
467 3895 710 3984 cmethonales,
736 3895 820 3969 item
847 3895 1059 3966 scoltetiales
1087 3895 1155 3966 duo
1182 3895 1284 3984 lanei,
1312 3895 1354 3966 (16
1381 3896 1505 3985 quihus
1531 3895 1689 3967 omnibns
1716 3888 1807 3966 deci*-

262 4036 318 4085 ma
336 4069 502 4086 .......
529 4016 614 4086 Item
643 4015 711 4087 duo
737 4015 889 4106 praedia,
917 4016 960 4088 de
987 4016 1111 4107 quihus
1138 4014 1332 4086 decimatur
1359 4014 1525 4084 cccleslae
1553 4012 1807 4102 praebendatos

262 4134 378 4206 Sancti
404 4136 574 4207 Iohannis
600 4136 783 4227 Baptistae
809 4135 1064 4208 Gracoviae
1091 4137 1198 4225 sitae,
1225 4137 1285 4226 qui
1311 4139 1393 4206 sunt
1420 4134 1559 4224 patroni
1577 4187 1691 4203 .....
1717 4133 1806 4206 Item

263 4256 345 4326 villa
378 4255 535 4347 praefata
569 4257 673 4330 solvit
698 4258 734 4328 in
761 4256 1080 4347 Woykowiczc
1114 4256 1280 4328 ecclesiae
1314 4254 1601 4327 columhationem
1627 4259 1664 4326 et
1690 4251 1808 4325 Sancti

263 4376 361 4464 Petri
386 4377 575 4470 denarium.
823 4449 826 4454 .

366 4494 633 4588 Gournnscnn,
659 4498 742 4569 villa
768 4453 1025 4588 suhffnarochia
1051 4498 1094 4569 de
1120 4496 1437 4588 Woykowiczc
1465 4497 1543 4586 sita,
1570 4496 1667 4568 cuius
1685 4496 1807 4565 haeres

264 4616 426 4688 Nicolaus
451 4618 679 4710 Damhsky
704 4604 820 4690 iudei
834 4617 951 4690 terrae
977 4618 1299 4709 SchyewyeriensiS,
1326 4618 1369 4688 dc
1397 4619 1506 4689 armis
1530 4616 1809 4701 Sternharlr,

262 4736 439 4809 lohannes
466 4736 674 4812 Golansk
684 4761 706 4828 y
734 4738 776 4809 de
803 4739 908 4811 armis
935 4738 1206 4810 Sternhark.
1241 4738 1282 4808 In
1310 4759 1378 4828 qua
1404 4743 1485 4809 sunt
1511 4758 1572 4807 sex
1598 4737 1689 4806 lanei
1716 4755 1807 4806 cmc-

263 4858 430 4948 thonales,
456 4859 500 4930 de
527 4839 651 4949 quibus
678 4859 824 4930 solvitur
850 4860 984 4931 decima
1008 4849 1243 4948 manipularis,
1271 4856 1333 4928 sed
1359 4858 1536 4946 perceptio
1563 4856 1637 4925 eius
1664 4856 1808 4925 diversi-

264 4979 397 5067 ficatum
423 5000 491 5050 uno
519 4979 609 5050 enlm
637 4999 727 5052 anno
753 4981 846 5051 161111
870 4980 965 5050 illam
992 4971 1174 5070 episcopus
1202 4977 1448 5066 cracoviensis
1477 4977 1545 5047 alio
1564 4995 1647 5047 vero
1665 4975 1810 5046 ecclesia

117 5106 120 5110 ’
265 5106 300 5169 61
316 5091 493 5188 plebanus
520 5098 563 5170 de
590 5097 867 5190 Ozyelyadz,
895 5099 992 5171 cuins
1017 5099 1117 5170 valor
1143 5099 1186 5169 ad
1214 5119 1275 5170 sex
1301 5094 1435 5167 marcas
1462 5096 1676 5167 aestimatur.
1716 5095 1807 5166 Item

265 5218 332 5289 duo
359 5218 512 5309 praedia,
538 5219 581 5308 de
608 5219 732 5311 quibus
759 5217 951 5291 decimatur
978 5219 1143 5291 ecclesiae
1169 5215 1289 5305 Sancti
1314 5216 1484 5289 Iohannis
1511 5202 1809 5287 1601666116.

367 5338 661 5429 Munnrowrczr,
689 5339 772 5410 villa
799 5341 863 5411 sub
890 5340 1056 5429 parochia
1082 5339 1124 5410 de
1151 5336 1471 5429 Woykowicze
1498 5337 1574 5427 sita,
1604 5337 1700 5407 cuius
1727 5337 1809 5407 hae-

265 5458 560 5531 redes-Jonannes
579 5457 826 5551 Golansky,
853 5460 1016 5533 Nicolaus
1041 5457 1272 5550 Damhsky
1298 5464 1335 5530 61
1352 5457 1560 5547 Α1111666....;
1587 5457 1623 5527 16
1641 5477 1710 5548 qna
1727 5463 1809 5528 sunt

274 5581 366 5652 lanei
393 5579 639 5671 61116111666166,Ι
665 5581 748 5652 item
775 5581 1004 5672 hortulaniae,
1030 5580 1074 5652 de
1102 5581 1226 5670 quibus
1254 5580 1411 5651 omnihus
1444 5578 1595 5651 solvitur
1620 5576 1752 5649 (1661616
1754 5630 1810 5647 ......
1925 5617 1928 5624 -

265 5702 352 5774 Item
386 5700 471 5772 11116
502 5700 662 5791 praelata
695 5702 799 5773 solvit
834 5699 997 5798 ecclesiae
1032 5703 1068 5771 ln
1102 5700 1427 5791 Woykowicz'e
1462 5697 1748 5771 columhationem
1775 5701 1811 5766 et
1950 5696 1953 5701 '

266 5817 445 5894 denarium
471 5820 590 5918 Sancti
615 5820 724 5893 Petri.

392 5957 398 5968 “
575 5951 579 5958 “
946 5941 1140 6011 Β611611111.

367 6058 540 6151 Oppidum
566 6062 701 6151 regium
735 6062 867 6134 hahens
883 6062 929 6132 in
955 6082 993 6132 se
1020 6060 1201 6132 ecclesiam
1227 6055 1462 6149 parochialem
1488 6054 1603 6159 lapide
1630 6060 1811 6147 muratam,

266 6186 302 6253 et
327 6182 454 6253 Sancto
473 6236 481 6251 .
552 6236 560 6251 .
579 6236 587 6253 .
605 6177 763 6252 dicatam.
788 6179 829 6251 In
849 6202 926 6271 ,qua
950 6188 1033 6254 sunt
1060 6181 1150 6252 lanei
1169 6178 1429 6269 oppidanorum,
1456 6175 1499 6250 de
1518 6177 1643 6268 quihus
1661 6177 1809 6250 solvitur
1885 6223 1892 6240 κ

266 6303 399 6374 decimu
423 6302 613 6393 pecunialis
639 6323 702 6392 pro
730 6301 875 6373 ccclesia
901 6307 938 6373 et
963 6301 1111 6390 plebano
1138 6299 1174 6371 iir
1201 6296 1432 6388 Bandzyn.
1467 6298 1554 6369 Item
1580 6298 1747 6389 plebanus
1774 6304 1811 6370 ct

266 6422 567 6500 6666611666(
591 6422 641 6496 ihi
666 6422 828 6519 61661166
854 6441 956 6512 agros
983 6426 1019 6492 61
1044 6426 1157 6510 prata,
1183 6439 1246 6514 pro
1274 6439 1355 6572 aaz,
1362 6417 1508 6542 praedio
1534 6424 1571 6498 ct
1596 6419 1811 6496 necessitate.
