4200 8342
259 1614 332 1686 554

359 1812 616 1902 Wouscurno,
643 1811 727 1882 villa
753 1809 818 1882 snb
844 1809 1010 1900 parochia
1036 1808 1080 1880 de
1106 1796 1353 1912 Karimiraf
1368 1807 1455 1897 citat
1482 1808 1581 1879 cuius
1607 1806 1801 1899 proptictas

120 1924 123 1928 ⁴
255 1937 300 2009 ad
326 1908 532 2007 advocatum
557 1933 594 2004 in
620 1910 855 2003 Kazimirz
880 1930 1033 2019 pertinet
1051 1983 1059 1997 .
1078 1983 1085 1997 .
1104 1982 1111 1996 .
1129 1927 1229 2000 Hanc
1244 1925 1422 2001 decimam
1443 1948 1517 1999 non
1535 1927 1688 2018 percipit
1704 1928 1800 2000 modo

255 2054 503 2130 monasterium
529 2051 676 2124 Sanctae
702 2048 833 2140 Crucis,
860 2054 896 2121 et
920 2047 1012 2121 torte
1039 2038 1317 2139 eamduunquam
1334 2047 1558 2155 pergipiebat,
1576 2047 1641 2119 sed
1658 2048 1802 2139 param

255 2196 333 2251 eam
358 2174 460 2266 pleno
487 2173 563 2245 iure
589 2176 627 2244 et
652 2171 782 2261 absque
808 2169 1044 2260 diminutione,
1074 2169 1219 2249 ecclesia
1244 2176 1280 2240 et
1305 2156 1473 2260 pleba'u'us
1500 2162 1800 2335 isswsmjlt

256 2298 352 2394 cuius
379 2294 479 2367 valor
505 2293 708 2365 aestimatur
734 2289 779 2363 ad
805 2290 957 2382 quinque
983 2310 1128 2362 marcas.
1397 2368 1399 2371 ,
1601 2320 1617 2373 a
1633 2289 1730 2373 ιέι-’ϊ
1757 2300 1786 2373 ’,

243 2489 249 2501 ,
340 2397 542 2504 Usciuca.
579 2466 587 2481 .
641 2466 648 2480 .
701 2466 709 2481 .
763 2465 769 2479 .
1075 2450 1080 2461 ,
1670 2342 1739 2481 ἵ*

251 2601 253 2605 ,
359 2531 626 2606 mammam
685 2584 692 2598 .
745 2583 754 2600 .
806 2582 814 2598 .
868 2583 875 2599 .

359 2650 533 2726 Kanna,
582 2705 590 2721 .
644 2705 651 2719 .
703 2703 711 2719 .
764 2702 772 2719 .
1011 2656 1012 2660 '

941 2765 1131 2840 wmrow.
1272 2838 1274 2842 .
1627 2862 1633 2881 1

359 2891 456 2966 Villa
480 2891 612 2965 habeus
638 2889 818 2963 ecclesiam
845 2889 1078 2980 parochialem
1105 2889 1141 2960 iu
1168 2909 1205 2961 se
1231 2890 1395 2981 ligneam,
1422 2897 1459 2963 et
1485 2889 1614 2963 Sancto
1642 2890 1801 2963 Floriam

257 3013 403 3106 martyri
429 3012 598 3101 dicatam,
634 3010 731 3083 cuius
765 3029 830 3104 pro
856 3008 971 3082 medio
997 3014 1098 3100 parte
1125 3009 1249 3083 haeres
1275 3009 1439 3082 Nicolaus
1473 3010 1801 3102 Kazimirzsky

257 3133 301 3205 de
327 3133 434 3205 armis
460 3131 610 3221 Rana,
645 3151 710 3221 pro
737 3130 849 3201 altera
875 3128 1053 3202 Johannes
1083 3129 1449 3221 Drzewyeczsky
1484 3129 1528 3202 de
1556 3130 1661 3203 domo
1699 3129 1801 3201 Tau·

256 3272 418 3332 rorum.
461 3251 503 3323 Iu
530 3271 599 3342 qua
626 3254 708 3322 sunt
733 3254 807 3321 tres
843 3249 936 3321 lanei
962 3249 1215 3339 emethonales‚
1251 3249 1445 3340 dequibus
1472 3250 1634 3322 omnibus
1661 3250 1803 3323 solvitur

237 3379 293 3446 et
307 3372 522 3446 conducitur
549 3370 682 3443 decima
708 3370 931 3462 manipularis
958 3376 995 3442 et
1021 3370 1197 3470 canapulis
1222 3391 1287 3461 pro
1314 3371 1526 3443 monasterio
1553 3370 1705 3442 Sanctae
1723 3370 1803 3442 Gru·

258 3495 317 3584 cis,
345 3494 442 3566 cuius
468 3492 565 3564 valor
592 3492 797 3564 aestimatur
823 3490 868 3562 ad
895 3490 982 3563 duas
1009 3510 1155 3562 marcas
1180 3491 1268 3562 Item
1295 3492 1344 3563 ibi
1370 3512 1441 3563 non
1467 3497 1550 3563 sunt
1575 3492 1803 3580 hortulaniae,

258 3619 340 3687 suut
365 3617 481 3686 numm
507 3612 595 3683 duae
620 3611 785 3684 tabernae
813 3631 881 3682 non
908 3611 1076 3684 habentes
1102 3618 1274 3701 agrost
1241 3612 1328 3683 Item
1346 3619 1401 3684 est
1418 3612 1467 3684 ibi
1485 3632 1591 3685 nuum
1619 3611 1804 3706 prpedium,

258 3734 427 3806 iohannis
461 3732 841 3823 Drzewyeczsky,
883 3729 926 3803 de
954 3731 1050 3803 cuius
1089 3732 1183 3822 agris
1218 3732 1365 3804 solvitur
1400 3732 1535 3807 decima
1569 3690 1800 3804 ecolesinam

259 3852 304 3925 W
311 3854 471 3946 ylkow
497 3852 585 3924 Item
612 3851 819 3924 ecclesiat
783 3855 819 3923 et
844 3850 1013 3942 plebanum
1031 3852 1139 3923 habet
1165 3852 1215 3924 ibi
1241 3852 1401 3943 proprios
1427 3873 1532 3946 agros
1550 3857 1585 3924 et
1604 3859 1718 3943 prata
1743 3872 1803 3943 pro

259 3995 321 4047 suo
347 3994 414 4046 usu
440 3978 476 4045 et
501 3960 717 4047 necessitate

361 4093 637 4182 scansion,
677 4091 760 4163 villa
786 4092 850 4163 sub
878 4091 1042 4182 parochia
1064 4089 1113 4163 de
1140 4090 1344 4183 Wylkow
1370 4092 1456 4182 sita,
1497 4092 1595 4164 cuius
1621 4091 1804 4166 haerfflea:

258 4213 419 4303 Jacobus‚
447 4212 643 4288 Stauislaus
666 4217 702 4284 et
719 4211 886 4283 Nicolaus
913 4209 1261 4302 Chotheczsczy
1287 4211 1329 4283 de
1359 4211 1461 4284 domo
1479 4211 1654 4284 -Nabra
1680 4204 1806 4304 Iu-q'ia

259 4337 340 4404 sunt
367 4339 515 4423 quatuor
542 4333 634 4405 lanei
661 4331 913 4421 emethonales‚
950 4330 992 4403 de
1020 4332 1146 4422 quibus
1172 4331 1331 4404 omnibus
1366 4333 1471 4405 solvit
1455 4337 1514 4406 tor
1539 4337 1578 4405 et
1593 4330 1805 4407 mnducitur

260 4452 392 4523 decima
428 4452 653 4542 manipularis
689 4457 726 4522 et
753 4451 928 4541 canapalis
963 4473 1028 4542 pro
1060 4452 1270 4523 monasterio
1307 4450 1439 4525 Calvi
1474 4451 1671 4544 Montis,
1711 4428 1859 4595 ιιιᾴ..

259 4572 356 4644 valor
391 4571 478 4644 adt
462 4578 536 4643 tres
572 4591 707 4643 marcas
743 4573 953 4643 aestimatur.
997 4572 1085 4644 Item
1114 4579 1167 4644 est
1193 4572 1242 4644 ibi
1270 4594 1375 4644 unum
1402 4573 1602 4663 praedium,
1639 4574 1684 4646 de
1711 4548 1827 4673 euirati}¹

260 4692 354 4784 agris
382 4693 530 4766 solvitur
557 4692 690 4763 decima
705 4746 821 4761 .....

360 4811 572 4902 Ponooazu,
600 4813 683 4884 villa
709 4813 773 4884 snb
796 4813 961 4902 parochia
988 4813 1030 4885 de
1058 4812 1261 4903 Wylkow
1289 4815 1366 4904 sita,
1393 4815 1491 4890 cuius
1509 4815 1634 4887 haeres
1652 4813 1804 4887 Mathias

259 4941 293 5006 et
320 4934 498 5006 Johaunes
526 4935 568 5005 de
596 4935 702 5005 aunis
737 4932 933 5006 Leward.
978 4934 1019 5005 In
1046 4939 1221 5025 quaeunt
1248 4942 1398 5024 quatuor
1433 4935 1524 5019 lanei
1549 4937 1802 5023 'emethonales

258 5055 301 5126 de
328 5055 453 5146 quibus
489 5055 646 5126 omuibus
684 5056 835 5144 solvitur
857 5060 892 5127 et
920 5055 1123 5141 conducitur
1158 5055 1291 5126 decima
1316 5057 1541 5162 manipularis
1568 5063 1605 5128 et
1631 5057 1804 5147 canapalis

259 5196 322 5264 pro
350 5178 561 5246 monasterio
589 5174 735 5248 Sanctae
764 5175 884 5251 Crucis
913 5175 1045 5246 Calvi
1072 5175 1269 5264 Montis,
1298 5177 1394 5247 cuius
1414 5177 1512 5249 valor
1539 5177 1584 5247 ad
1611 5177 1698 5248 duas
1717 5197 1805 5247 mar·

260 5315 317 5364 cas
345 5295 557 5365 aestimatur.
602 5297 688 5366 Item
717 5317 785 5366 non
815 5304 894 5366 sunt
920 5295 969 5365 ibi
996 5295 1224 5384 hortulaniae,
1251 5317 1361 5387 neque
1389 5298 1565 5368 tabernae.
1611 5298 1701 5368 Item
1728 5303 1805 5368 suut

259 5412 308 5484 ibi
336 5411 403 5483 dno
431 5415 575 5501 praedia
602 5414 775 5503 militaria,
804 5416 845 5487 de
864 5436 1014 5510 quorum
1028 5417 1123 5504 agris
1142 5417 1289 5487 solvitur
1306 5417 1438 5489 decima
1456 5418 1682 5507 manipularis
1700 5417 1805 5489 eccle·

260 5534 331 5605 siae
359 5553 442 5603 suae
469 5533 505 5603 in
533 5532 745 5625 Wylkon'.

361 5653 640 5745 Ζιιοιιιιιοιι,
681 5656 764 5727 uilla
791 5658 853 5728 sub
881 5646 1046 5746 parochia
1074 5658 1116 5733 de
1143 5657 1347 5750 Wylkow
1388 5660 1473 5748 sita,
1513 5660 1611 5730 cuins
1639 5658 1805 5730 haeredes

257 5776 435 5865 lohannes
463 5783 498 5847 et
525 5776 689 5848 Nicolaus
715 5776 1060 5868 Kazimirzsczy
1093 5778 1135 5849 de
1163 5779 1264 5851 domo
1291 5778 1498 5864 Ranadn
1527 5785 1705 5869 quaeunt
1733 5778 1806 5869 agri

258 5918 326 5968 non
354 5898 507 5968 distincti
544 5900 579 5967 in
606 5898 742 5987 laneos,
778 5899 972 5989 dequibus
1009 5901 1166 5971 omuibus
1203 5901 1349 5972 solvitur
1376 5909 1412 5971 et
1439 5900 1643 5975 conducitur
1676 5899 1807 5971 decima

258 6019 481 6108 manipularis
502 6026 535 6089 et
555 6020 729 6111 canapalis
757 6021 966 6092 monasterio
994 6021 1142 6093 Sanctae
1170 6020 1290 6094 Crucis
1317 6021 1450 6093 Calui
1477 6021 1675 6110 Μοιιιιι,
1711 6022 1807 6093 cuins

258 6141 355 6212 valor
381 6140 585 6211 aestimatur
612 6141 656 6212 ad
684 6162 785 6219 ornain
813 6162 973 6213 marcam.
1001 6140 1080 6213 Non
1107 6150 1188 6215 sunt
1206 6144 1253 6215 ibi
1272 6145 1448 6232 tabernae,
1476 6165 1545 6214 non
1572 6148 1655 6215 suut
1674 6149 1710 6213 et
1727 6143 1807 6215 hor·

258 6262 427 6348 tulaniae,
463 6283 574 6351 neqne
602 6262 791 6351 praedium.
836 6262 932 6333 Haec
967 6269 1082 6337 autem
1119 6264 1252 6336 decinra
1288 6266 1440 6336 alienata
1467 6272 1521 6335 est
1547 6285 1569 6335 a
1596 6264 1807 6336 monasterio

258 6381 388 6471 eodem,
416 6384 584 6453 Incertum
615 6404 656 6452 ex
677 6405 744 6473 qua
772 6403 875 6456 causa
895 6383 1079 6474 velmede,
1105 6392 1166 6457 ont
1193 6406 1261 6476 quo
1289 6395 1454 6477 ternpore,
1480 6365 1517 6456 et
1545 6385 1700 6477 pertinet
1718 6405 1809 6459 ιιιιιιι
