4200 8342
1725 1625 1799 1701 445

350 1827 497 1908 Wonrn
523 1829 804 1928 Pnnouownrn,
831 1832 916 1911 villa
941 1837 1006 1912 sub
1032 1833 1198 1930 parochia
1225 1833 1267 1910 de
1291 1891 1404 1909 .....
1432 1836 1511 1910 sita.
1558 1832 1598 1908 ln
1627 1857 1695 1930 qua
1721 1840 1801 1910 sunt

242 1957 335 2030 lanei
365 1958 607 2048 cmethonaleS,
635 1960 718 2029 item
745 1959 922 2053 tabernac,
949 1962 1032 2032 item
1060 1960 1288 2051 hortulanus,
1316 1960 1359 2031 dc
1387 1960 1511 2052 quibus
1547 1961 1705 2033 omnibus
1733 1959 1801 2032 sol-

244 2080 339 2152 vitur
368 2085 403 2150 ct
430 2079 634 2152 conducitur
660 2081 793 2152 decima
820 2082 1045 2174 manipularis
1074 2087 1110 2152 et
1139 2083 1312 2174 canapnlis
1346 2083 1510 2154 ccclesiae
1538 2083 1573 2154 in
1601 2081 1800 2175 Gnoyno‚

248 2201 346 2273 cuius
374 2201 473 2274 valor
499 2201 542 2273 ad
562 2256 677 2272 .....

348 2323 524 2414 unauna,
552 2323 636 2395 villa
662 2325 726 2397 sub
755 2325 921 2415 parochia
952 2325 995 2397 dc
1023 2322 1214 2416 Gnoyno
1242 2326 1326 2415 sita,
1355 2325 1450 2397 cuius
1477 2325 1644 2398 haeredes
1684 2327 1803 2395 .'....

243 2452 323 2538 post
351 2467 495 2537 quorum
517 2465 621 2537 agros
647 2445 839 2519 decimatur
866 2447 1031 2519 ecclcsiae
1059 2448 1104 2519 im
1133 2445 1331 2538 Gnoyno.

348 2567 495 2640 Wonun
521 2567 735 2659 Boxrczun,
769 2569 853 2640 villa
888 2568 953 2642 sub
988 2569 1154 2660 parochia
1189 2570 1232 2641 de
1268 2623 1381 2638 .....
1417 2569 1494 2639 sita.
1538 2569 1577 2638 In
1610 2588 1679 2659 qua
1714 2573 1795 2640 sunt

244 2689 335 2762 lauoi
363 2690 605 2782 emetlronalcs,
631 2692 715 2763 item
740 2691 924 2782 tabernac,
950 2692 1033 2764 item
1060 2691 1298 2781 hortulaniae,
1326 2690 1367 2761 de
1397 2691 1520 2781 quibus
1548 2691 1705 2763 omnibus
1733 2690 1800 2760 sol-

244 2813 338 2884 uitur
356 2818 392 2884 et
409 2812 614 2884 conducitur
634 2814 766 2885 decima
784 2814 1008 2905 manipularis
1037 2821 1073 2887 ot
1091 2815 1264 2905 canapalis
1291 2835 1355 2904 pro
1374 2814 1517 2884 ecclesia
1545 2814 1579 2883 in
1610 2811 1801 2904 Gnoyno

246 2935 343 3006 cuius
369 2935 468 3008 valor
494 2935 700 3007 aestimatur
727 2936 773 3007 ad
802 2991 916 3007 .....

351 3053 519 3146 Gunmu,
546 3057 631 3129 villa
649 3056 713 3128 sub
731 3058 897 3148 parochia
915 3057 1082 3131 ecclesiae
1101 3056 1143 3129 de
1162 3055 1334 3130 Sidlou
1353 3057 1429 3128 sita.
1469 3056 1511 3127 In
1529 3075 1598 3148 qua
1615 3060 1696 3128 sunt
1713 3056 1803 3128 lanei

247 3177 502 3270 cmsthonalcs,
528 3179 610 3250 itam
637 3180 822 3271 tabernac,
849 3180 931 3252 itum
958 3179 1153 3270 hortulani,
1190 3180 1380 3270 dequibus
1408 3179 1566 3252 omnibus
1594 3177 1740 3252 solvitur
1766 3183 1803 3251 et

247 3299 452 3372 conducitur
479 3299 612 3372 decima
639 3301 866 3392 manipularis
893 3309 930 3374 et
956 3301 1133 3392 canapalis
1161 3301 1326 3373 ecclesiae
1354 3301 1390 3372 in
1417 3298 1615 3392 Gnoynm
1643 3307 1679 3372 et
1705 3299 1803 3372 valor

248 3421 322 3493 cius
349 3423 553 3494 aestimatur
578 3422 623 3494 ad
651 3477 765 3495 .....

350 3543 721 3636 Jnnruscuowuczn,
748 3546 832 3618 uilla
858 3547 923 3618 sub
949 3545 1116 3638 parochia
1151 3545 1194 3618 de
1222 3542 1413 3637 Gnoyno
1442 3545 1520 3617 sita.
1558 3544 1599 3617 ln
1627 3565 1696 3636 qua
1721 3549 1803 3616 sunt

248 3664 341 3738 lanei
367 3665 620 3758 cmethonalcs,
656 3667 699 3740 de
727 3666 852 3759 quibus
880 3668 1039 3740 omnibus
1066 3667 1214 3742 solvitur
1240 3675 1277 3740 ct
1304 3667 1508 3741 conducitur
1535 3666 1669 3740 decima
1695 3667 1803 3738 mani·

249 3787 382 3879 pularis
408 3793 445 3860 et
471 3789 647 3880 canapalis
675 3790 840 3861 ccclesiae
867 3791 902 3862 iu
931 3787 1131 3882 Gnoyno.

354 3910 597 4002 Bonzruown,
624 3912 708 3983 villa
725 3912 789 3983 sub
807 3912 973 4004 parochia
991 3912 1034 3984 dc
1054 3909 1223 4004 Gnoyno
1250 3913 1331 4002 sita,
1359 3911 1456 3983 cuius
1474 3909 1643 3983 haerodes
1662 3909 1804 3982 Borzi-

249 4031 452 4123 lrousczy,
479 4039 560 4123 post
585 4054 673 4124 quos
700 4032 940 4106 tantummodo
967 4033 1160 4106 decimatur
1187 4033 1351 4104 ccclesiae
1378 4033 1414 4104 in
1442 4030 1643 4124 Gnoyno.

352 4153 772 4246 Dzuwsnnwuowrczn,
808 4154 892 4226 villa
926 4156 991 4228 surb
1026 4155 1191 4246 parochia
1227 4154 1270 4226 de
1306 4151 1499 4244 Gnoyno
1535 4154 1612 4225 sita.
1657 4152 1697 4223 In
1734 4172 1803 4245 qua

250 4282 331 4347 sunt
357 4274 450 4347 lanei
476 4276 728 4368 cmcthonalcs‚
764 4277 849 4349 itam
875 4275 1061 4367 tabarnac,
1088 4277 1172 4348 item
1199 4275 1394 4366 hortulani,
1423 4274 1465 4346 dc
1493 4275 1619 4366 quibus
1646 4273 1804 4347 omnibus

249 4395 397 4468 solvitur
423 4404 459 4469 ct
478 4396 682 4470 conducitur
699 4398 833 4470 decima
850 4398 1078 4490 manipularis
1105 4405 1141 4471 et
1160 4398 1335 4488 canapalis
1354 4397 1520 4470 ecclesiae
1548 4397 1583 4468 in
1602 4393 1761 4488 Gnoyn
1772 4415 1803 4486 o,

251 4525 287 4589 ct
313 4518 412 4590 valor
438 4520 512 4591 cius
539 4522 744 4593 aestimatur
770 4521 815 4592 ad
842 4576 956 4592 .....
1362 4541 1366 4548 ·

354 4639 500 4712 Wocrn
518 4641 726 4736 Kouuown,
753 4643 837 4716 villa
854 4645 918 4718 snb
937 4645 1104 4734 parochia
1131 4643 1174 4716 dc
1202 4697 1317 4714 .....
1344 4645 1421 4715 sita.
1461 4641 1501 4715 In
1517 4662 1586 4733 qua
1613 4645 1693 4714 sunt
1712 4639 1804 4712 lanai

252 4762 496 4854 cmctlronalcs,
523 4765 606 4836 ilem
632 4765 757 4854 tabern
772 4818 886 4836 .....
912 4767 996 4838 item
1023 4766 1261 4854 lrortulaniae‚
1290 4765 1485 4856 dequibus
1513 4763 1671 4835 omnibus
1700 4761 1805 4832 solvi-

250 4889 310 4956 tur
335 4890 372 4956 at
397 4885 600 4958 conducitur
627 4886 761 4958 decima
787 4887 1013 4976 manipularis
1039 4893 1076 4958 et
1094 4886 1268 4976 canapalis
1295 4886 1330 4957 in
1351 4883 1510 4976 Gnoyu
1520 4905 1550 4975 0,
1578 4885 1675 4957 cuius
1703 4881 1802 4953 valor

253 5003 298 5076 ad
325 5061 465 5078 ......

356 5127 525 5220 Souzow,
552 5128 634 5199 villa
660 5103 918 5220 sub’paroclria
944 5129 987 5200 de
1006 5185 1013 5200 .
1032 5183 1040 5198 .
1059 5183 1093 5198 ..
1121 5129 1198 5220 sita,
1225 5128 1322 5199 cuius
1348 5127 1545 5218 proprietas
1572 5125 1616 5198 ad
1634 5130 1805 5199 monasta-

252 5249 342 5320 rium
368 5251 404 5320 in
432 5251 611 5323 Buszlro
647 5251 809 5341 pertinet
848 5251 889 5322 In
925 5272 994 5342 qua
1028 5256 1110 5322 suut
1135 5250 1227 5322 lanei
1264 5249 1516 5342 cmcthonales,
1552 5251 1636 5322 item
1672 5255 1728 5321 est
1753 5242 1816 5322 ibi¹

252 5371 430 5461 praedium
458 5373 676 5466 coenobiale,
702 5373 745 5446 dc
764 5375 889 5468 quibus
907 5373 1067 5446 omnibus
1086 5372 1233 5445 solvitur
1260 5377 1295 5444 ct
1313 5372 1517 5446 conducitur
1543 5372 1677 5445 decima
1694 5372 1805 5444 mani-

252 5492 384 5583 pularis
411 5500 447 5566 et
474 5495 649 5587 canapalis
676 5496 842 5569 ccclesiae
877 5497 913 5568 in
940 5492 1147 5588 Gnoyno,
1184 5495 1281 5568 cuius
1308 5495 1406 5569 valor
1433 5497 1638 5568 aestimatur
1673 5494 1717 5567 ad
1745 5513 1806 5564 sex

253 5633 398 5690 marcas.

357 5737 507 5809 Poznor
533 5737 686 5830 Maron,
711 5740 796 5814 uilla
813 5740 878 5813 sub
906 5740 1075 5831 parochia
1093 5739 1136 5812 de
1155 5793 1270 5812 .....
1290 5741 1367 5831 sita
1386 5741 1482 5812 cuius
1501 5739 1624 5810 haeres
1642 5733 1803 5807 Andreas

254 5855 298 5927 do
324 5855 635 5930 Olcschnicza
661 5860 760 5934 milas
777 5861 905 5934 nobilis
931 5849 1095 5934 dadomo
1113 5867 1150 5932 et
1165 5861 1296 5933 familia
1322 5861 1534 5931 Dambno.
1575 5857 1614 5928 In
1636 5875 1706 5948 qua
1725 5860 1806 5928 sunt

253 5977 346 6048 lanai
381 5978 634 6070 cmethonales‚
669 5981 754 6054 item
787 5983 973 6073 tabarnac,
1016 5983 1102 6055 item
1137 5980 1371 6070 hortulaniac,
1406 5980 1449 6051 de
1485 5979 1610 6070 quibus
1646 5976 1806 6049 omnibns

254 6099 403 6172 solvitur
429 6105 465 6172 ct
483 6099 686 6174 conducitur
704 6101 837 6174 decima
853 6102 1079 6196 manipularis
1107 6109 1142 6176 et
1160 6083 1335 6193 canapalis
1358 6100 1523 6174 ccclesiae
1549 6101 1585 6172 in
1604 6097 1763 6191 Gnoyu
1775 6119 1805 6188 Q,

256 6226 293 6293 et
319 6222 417 6296 valor
443 6223 518 6294 cius
544 6223 750 6304 aestimatur
775 6223 820 6296 ad
848 6277 990 6296 ......

360 6338 626 6436 Gauranum,
660 6346 745 6418 villa
770 6345 834 6418 sub
861 6346 1027 6437 parochia
1054 6346 1097 6418 dc
1124 6397 1266 6416 ......
1306 6344 1346 6416 ln
1373 6365 1442 6436 qua
1468 6351 1523 6416 cst
1549 6364 1638 6416 unus
1665 6363 1805 6433 campus

255 6465 435 6560 militaris,
461 6467 505 6540 dc
532 6489 600 6560 qno
626 6467 821 6566 decimatur
846 6467 1012 6564 ecclcsiae
1038 6467 1075 6538 in
1103 6462 1301 6560 Gnoyuo.

353 6587 576 6684 uPnoszurn,
610 6587 695 6666 villa
729 6591 795 6665 sub
828 6589 995 6684 parochia
1028 6587 1073 6662 de
1100 6585 1290 6682 Gnoyno
1326 6590 1404 6661 sita
1444 6589 1484 6660 ln
1511 6609 1580 6680 qua
1606 6591 1688 6660 sunt
1713 6588 1805 6661 lanei
