4200 8342
464 1466 643 1535 sunt
690 1450 1052 1535 duodecim
1102 1458 1287 1563 lanei
1338 1460 1825 1553 cmethonales,
1878 1461 1966 1534 de
2020 1462 2272 1554 quibus
2325 1420 2656 1537 omnibus⁶
2694 1442 3122 1554 sufflet
3167 1452 3583 1554 fflnflussltur
3709 1507 3713 1511 -

482 1330 753 1431 aliquos
788 1316 1163 1431 Dntifioes
1214 1328 1729 1443 Oracovi'chses,
1780 1342 1855 1411 et
1906 1334 2162 1413 Sancto
2215 1334 2514 1432 Acgidio
2549 1318 2926 1417 confessuri
2962 1334 3290 1458 dicafassQ
3331 1338 3431 1425 Lu
3442 1362 3583 1434 qua

480 1582 749 1657 &eima
800 1552 1255 1673 manipularis
1306 1587 1382 1654 et
1432 1558 1783 1674 canapalis
1835 1603 1965 1674 pro
2209 1604 2342 1677 opo
2397 1582 2887 1678 cracovieush·
2896 1559 3146 1658 valor
3170 1586 3335 1691 fiijus
3362 1586 3583 1662 aesti-

474 1706 714 1779 mssur
762 1703 852 1776 ad
904 1703 1143 1776 decem
1194 1708 1268 1775 et
1318 1702 1493 1776 duas
1542 1724 1830 1815 marcas:
1884 1703 2077 1776 Item
2276 1704 2375 1777 ibi
2428 1704 2790 1796 praedium
2826 1685 3235 1802 episcopale,
3263 1704 3373 1782 de
3391 1710 3579 1778 cuius

478 1825 669 1917 agris
723 1826 1020 1899 solvitur
1090 1822 1357 1897 decima
1408 1824 1773 1898 ecclesiae
1794 1825 1865 1895 in
1922 1825 1978 1896 T
1999 1827 2297 1897 arzek.
2371 1825 2543 1898 Item
2597 1826 2894 1902 ecclesia
2941 1826 3263 1935 praefata
3315 1834 3387 1902 'et
3439 1830 3581 1918 ple-

476 1946 701 2050 banus
754 1948 903 2020 eius
957 1946 1172 2019 habet
1222 1966 1431 2037 agros
1482 1946 1705 2021 bonos
1756 1952 1831 2019 et
1879 1953 2107 2039 prata,
2161 1968 2289 2039 pro
2325 1968 2452 2020 suo
2486 1934 2795 2039 praedio
2809 1954 2886 2021 et
2919 1946 3356 2023 necessitate.
3408 1949 3581 2021 Item

478 2088 621 2142 non
674 2075 785 2159 qt
836 2068 1159 2143 scoltetia
1209 2068 1282 2140 in
1336 2067 1579 2141 eadem
1632 2068 1817 2161 villa,
1870 2091 2011 2142 non
2061 2075 2173 2141 est
2226 2067 2708 2165 molendinum,
2751 2090 2894 2163 mn
2929 2074 3095 2143 sunt
3127 2068 3584 2142 hortulaniae.

476 2188 645 2263 Fuit
696 2194 929 2261 autem
978 2174 1061 2263 1ιῖ
1107 2188 1287 2265 loco
1292 2189 1433 2262 i-llo
1486 2190 1831 2281 quondan.
1885 2191 2212 2282 oppidum
2249 2191 2639 2283 episcopale
2673 2191 3012 2283 notabile3
3065 2191 3188 2265 sed
3224 2191 3585 2264 Bodzan-

482 2311 647 2383 tha
698 2311 785 2384 de
839 2312 1042 2384 domo
1098 2294 1172 2384 et
1218 2292 1484 2385 familia
1535 2312 1910 2403 Roszae‚
1964 2314 2272 2385 existens
2307 2320 2478 2386 tunc
2511 2312 2988 2387 cracoviensis
3027 2314 3408 2405 episcopuS,
3443 2314 3584 2385 situ

620 2433 753 2507 ori
821 2434 1278 2525 investigato,
1348 2433 1521 2506 illud
1594 2436 1665 2505 in
1736 2434 1960 2521 locum
2027 2434 2236 2526 paulo
2306 2435 2624 2509 altiorem
2693 2435 3090 2527 transtulit,
3160 2436 3229 2506 in
3304 2457 3439 2527 quo
3511 2443 3584 2509 et

776 2555 1148 2647 ampliores
1201 2556 1414 2628 habet
1466 2576 1693 2649 agros,
1744 2556 1821 2629 in
1820 2554 2107 2665 radice
2162 2557 2376 2629 cruda
2426 2557 2834 2651 extirpatos,
2889 2558 3007 2648 qui
3044 2557 3252 2629 etiam
3291 2558 3362 2629 in
3400 2555 3581 2629 hanc

524 2674 661 2749 iem
712 2678 1173 2769 extirpantur,
1228 2684 1301 2750 et
1353 2698 1441 2750 ex
1492 2692 1621 2750 suo
1672 2640 1965 2851 ψ.
2000 2678 2192 2751 illam
2245 2676 2852 2770 Bodzanczin,
2907 2679 3091 2771 quod
3143 2684 3216 2751 et
3269 2679 3340 2750 in
3393 2678 3576 2751 hanc

478 2798 665 2877 diem
716 2800 991 2890 retinet,
1042 2799 1441 2873 intitulavit.

684 2912 1117 3012 Sma'rn,
1170 2921 1339 2993 villa
1392 2922 1521 2995 sub
1556 2922 1889 3015 parochia
1940 2919 2027 2993 de
2080 2918 2374 2993 Thai-s
2392 2943 2429 2991 z
2450 2942 2488 2992 e
2506 2920 2554 2991 k
2609 2921 2763 3012 sita,
2818 2921 3013 2993 cuius
3057 2921 3453 3012 proprietas
3490 2920 3579 2994 ad

480 3042 953 3134 episcopatum
1008 3039 1541 3115 Gracovienscm
1590 3042 1915 3135 pertinet.
1991 3040 2074 3113 In
2131 3062 2272 3135 qua
2319 3047 2486 3114 sunt
2537 3041 2897 3115 duodecim
2952 3041 3132 3114 lanei
3188 3041 3583 3114 cmethona-

476 3162 614 3255 les,
682 3164 853 3263 item
905 3164 1043 3235 duo
1098 3163 1565 3255 scoltetiales‚
1634 3163 1799 3237 item
1870 3168 1981 3236 est
2050 3162 2521 3236 molendinum
2574 3164 2962 3256 episcopale
3034 3164 3299 3235 habens
3353 3183 3582 3253 agroS,

477 3284 641 3357 item
695 3242 817 3357 &t
854 3286 1149 3359 taberna
1218 3284 1631 3377 episcopalis
1701 3284 1966 3357 habens
2019 3304 2263 3376 agroS,
2343 3286 2513 3356 item
2567 3286 2889 3359 scoltetia
2950 3285 3165 3358 habet
3216 3284 3579 3357 tabernam

476 3410 549 3477 et
594 3405 771 3478 duas
823 3406 1275 3498 hortulaniaa
1334 3407 1406 3477 in
1462 3406 1649 3497 agris
1702 3406 2061 3479 scoltetiae
2114 3404 2416 3496 locatas,
2472 3406 2558 3476 de
2611 3406 2860 3495 quibus
2916 3406 3236 3478 omnibus
3288 3405 3582 3477 solvitur

476 3532 549 3599 et
600 3528 1010 3600 conducitur
1078 3526 1347 3600 decima
1412 3527 1864 3619 manipularis
1934 3533 2009 3600 et
2046 3524 2451 3617 canapalis;
2523 3546 2682 3597 nam
2738 3526 2822 3597 de
2875 3548 3014 3598 uno
3082 3546 3323 3617 campo
3395 3523 3579 3596 tollit

478 3666 629 3721 eam
682 3648 1169 3740 praepositura
1220 3646 1675 3741 Kelcziensis,
1754 3654 1849 3745 et..
1878 3650 2076 3723 valor
2130 3649 2278 3720 eius
2333 3648 2744 3721 aestimatur
2797 3646 2886 3718 ad
2941 3654 3241 3738 quatuor
3292 3665 3579 3734 marcaS,

476 3768 563 3839 de
614 3769 919 3842 secundo
954 3788 1121 3841 vero
1158 3789 1399 3861 campo
1452 3752 1675 3853 tollit?
1692 3768 1847 3849 eam
1874 3770 2296 3863 'praebenda
2330 3767 2774 3860 Kelcziensis,
2830 3789 3007 3860 quae
3061 3774 3351 3841 vocatur
3387 3766 3575 3839 Sira-

482 3888 785 3983 dowska„
839 3895 914 3962 et
966 3890 1164 3963 valor
1216 3892 1365 3965 eius
1417 3880 1825 3987 aestimatur
1878 3890 1968 3963 ad
2022 3897 2324 3984 quatuor
2357 3911 2650 3981 marcas3
2705 3891 2790 3962 de
2835 3892 3048 3963 tertio
3103 3904 3346 3981 campo
3399 3888 3583 3962 tollit

394 4036 407 4045 ·
478 4030 633 4083 eam
686 4010 979 4083 ecclesia
1027 4012 1445 4104 parochialis
1481 4017 1554 4084 et
1585 4012 1922 4104 plebanus
1976 4015 2127 4086 eius
2181 4013 2266 4085 de
2319 4011 2383 4084 D
2406 4015 2760 4103 ambno,
2813 4018 2886 4084 et
2939 4011 3135 4084 valor
3187 4010 3338 4083 eius
3393 4011 3582 4081 simi-

477 4130 643 4205 liter
692 4132 1103 4206 aestimatur
1134 4134 1245 4206 -ad
1298 4140 1599 4225 quatuor
1652 4156 1937 4208 marcas.
1990 4135 2170 4209 Item
2211 4141 2319 4207 est
2353 4135 2427 4206 in
2463 4134 2703 4207 eadem
2757 4134 2923 4213 villa
2965 4132 3283 4223 specialis
3319 4120 3582 4221 laneus,

476 4252 575 4325 ad·
616 4255 1123 4345 proprietatem
1176 4256 1509 4328 ecclesiae
1564 4262 1639 4329 et
1688 4257 1969 4348 plebani
2000 4256 2635 4329 'Bodzanczinensis
2682 4256 3058 4347 pertinens„
3114 4255 3199 4325 de
3237 4274 3372 4344 quo
3409 4251 3581 4322 nulli

466 4368 689 4447 solvit
738 4374 1075 4449 decimam
1125 4378 1643 4470 manipularem,
1698 4399 1921 4470 neque
1974 4399 2275 4468 censum,
2330 4378 2455 4449 sed
2508 4377 2739 4449 omnia
2791 4396 2874 4447 ex
2929 4374 3049 4447 illo
3104 4372 3583 4464 provenientia

440 4514 605 4587 =pro
656 4516 735 4569 se
786 4495 991 4571 tollit.
1077 4497 1255 4569 Item
1311 4499 1604 4572 ecclesia
1654 4500 1729 4571 in
1783 4499 1903 4572 Th
1926 4520 2134 4571 arsz
2155 4520 2193 4570 e
2215 4500 2262 4570 k
2334 4498 2548 4571 habet
2599 4518 2684 4569 ex
2739 4496 3054 4586 praefata
3106 4490 3272 4569 villa
3325 4494 3583 4566 colum-

474 4614 848 4710 bationem‚
900 4623 974 4691 et
1022 4618 1471 4711 offertorium,
1526 4628 1598 4692 et
1653 4620 1891 4693 Sancti
1943 4620 2139 4693 Petri
2193 4619 2572 4692 denarium.

684 4738 1305 4833 Bnourxomczn,
1359 4741 1526 4814 villa
1579 4743 1709 4816 sub
1746 4742 2077 4834 parochia
2131 4741 2218 4813 de
2273 4740 2394 4813 Th
2415 4761 2510 4813 ar
2529 4762 2617 4813 sz
2638 4741 2741 4813 ek
2796 4741 2957 4829 sita,
3013 4738 3208 4810 cuius
3262 4736 3579 4830 proprie-

472 4864 585 4939 tas
638 4860 731 4933 ad
783 4862 1258 4954 episcopatum
1312 4863 1838 4938 Gracoviensem
1891 4864 2217 4957 pertinet.
2269 4864 2354 4935 In
2390 4885 2526 4955 qua
2577 4868 2743 4935 sunt
2787 4861 3024 4934 decem
3075 4867 3150 4933 et
3203 4866 3360 4933 octo
3395 4860 3582 4931 lanei
3727 4956 3752 4969 ..

446 4982 967 5075 methonales,
1021 4985 1187 5057 item
1241 5006 1382 5058 una
1431 4987 1727 5061 taberna
1778 4987 2214 5079 episcopalis,
2269 4986 2358 5058 de
2393 4987 2643 5078 quibus
2697 4984 3014 5057 omnibus
3069 4983 3365 5056 solvitur
3399 4981 3582 5053 deci-

362 5284 523 5371 ¹.

472 5122 597 5177 na-
638 5106 1095 5197 manipularis
1149 5113 1222 5179 et
1277 5106 1628 5200 canapalis
1680 5130 1810 5201 pro
1846 5111 2255 5202 episcopatu
2309 5107 2772 5199 Gracoviensi,
2827 5114 2900 5179 et
2935 5102 3168 5178 valor
3179 5106 3336 5177 eius
3374 5102 3583 5174 aesti-

474 5209 713 5299 matur
736 5226 827 5299 ad
856 5228 1249 5318 quindecim
1277 5250 1565 5303 marcas.
1591 5231 1769 5304 Item
1796 5233 1952 5304 est
1932 5254 2005 5304 ιιι
2034 5230 2277 5304 eadem
2314 5232 2482 5303 villa
2509 5229 2828 5303 scoltetia
2853 5227 3116 5300 habens
3145 5226 3318 5297 duos
3345 5224 3582 5295 laneos

474 5344 737 5421 liberos
757 5403 776 5440 ,
854 5349 1021 5421 item
1077 5351 1290 5423 habet
1342 5354 1695 5444 propriam
1748 5354 2114 5433 tabernam
2177 5352 2549 5425 habentem
2605 5370 2844 5440 εει-οε,
2925 5349 3093 5419 item
3147 5346 3357 5418 habet
3410 5343 3584 5415 duas

472 5466 909 5573 hortu-lanias
932 5462 1296 5545 ‘habentes
1350 5494 1589 5566 agroe,
1647 5474 1733 5545 de
1788 5475 2038 5565 quibus
2094 5475 2412 5546 omnibus
2467 5472 2763 5543 solvitur
2814 5475 2886 5541 et
2939 5468 3346 5541 conducitur
3400 5465 3583 5537 deci-

474 5608 591 5677 ma
640 5592 1112 5685 manipulariS,
1168 5615 1296 5686 pro
1335 5596 1627 5668 ecclesia
1664 5600 1736 5667 et
1771 5596 2066 5686 plebano
2123 5597 2194 5666 in
2252 5595 2600 5666 Tharsz
2622 5591 2760 5681 ek,
2815 5596 2888 5663 et
2940 5589 3136 5664 valor
3188 5590 3338 5661 eius
3375 5587 3585 5659 aesti-

472 5718 715 5785 matur
754 5706 851 5785 'ad
904 5714 1079 5789 duas
1130 5737 1420 5790 marcas.
1510 5718 1689 5789 Item
1742 5737 1881 5789 non
1936 5723 2047 5790 est
2100 5718 2180 5811 in,
2227 5715 2468 5788 eadem
2523 5714 2691 5787 villa
2761 5712 3150 5804 episcopale
3201 5709 3581 5804 praedium,

470 5826 617 5907 non
670 5842 781 5909 est
832 5828 1319 5913 molendinum.

1814 5960 2287 6033 DAMBROWA.

686 6078 877 6153 Villa
927 6082 1195 6156 habens
1247 6085 1322 6153 in
1374 6102 1451 6155 se
1503 6081 1866 6154 ecclesiam
1920 6080 2388 6173 parochialem
2443 6086 2806 6169 muratam,
2861 6083 2932 6148 et
2983 6077 3278 6150 Sanctae
3314 6074 3582 6148 Mariae
