4200 8342
258 1638 332 1715 358

256 1849 498 1941 emethonoles,
525 1848 609 1922 item
634 1848 822 1941 tabernae,
849 1848 932 1923 item
959 1844 1196 1939 hort-alaniae,
1224 1844 1268 1919 de
1295 1846 1419 1939 quibus
1447 1842 1595 1921 solvitur
1621 1852 1655 1919 et
1677 1850 1767 1923 eondu-

257 1975 348 2045 aitur
373 1972 506 2043 decima
531 1971 756 2062 manipularis
782 1975 820 2041 et
846 1970 1039 2062 canapalis;
1067 1972 1127 2041 sed
1154 1970 1331 2062 perceptio
1359 1971 1432 2041 eius
1451 1970 1703 2061 diversificatur,
1717 1994 1769 2045 nan
1837 1954 1844 1967 ⁸

256 2093 476 2165 rnnedietatem
512 2093 587 2163 eius
623 2092 746 2183 recipit
781 2092 1001 2184 episcopatus
1029 2090 1278 2182 cracoviensis,
1316 2096 1352 2162 et
1379 2090 1478 2163 valor
1505 2092 1588 2163 eius¹
1607 2092 1772 2165 aestimatur

251 2214 304 2284 ad
331 2220 481 2305 quatuor
517 2234 671 2303 marcus,
699 2212 741 2284 de
769 2213 880 2285 altera
906 2232 989 2285 reno
1015 2212 1203 2285 medietate
1230 2212 1354 2303 villae,
1387 2212 1537 2303 percipit
1564 2232 1639 2285 carn
1665 2212 1773 2285 ecelaia

259 2336 302 2405 de
328 2334 686 2427 Wyelyawycsz‚
713 2341 749 2406 et
776 2334 874 2406 valor
901 2334 975 2407 eius
1002 2335 1107 2407 ctiam
1135 2334 1340 2408 aestimatur
1366 2334 1411 2405 ad
1439 2340 1591 2424 quatuor
1616 2354 1741 2407 marcas
1854 2334 1855 2349 ¹

181 2434 185 2443 ¹
361 2456 567 2547 Znunzow,
594 2455 678 2527 rilla
713 2456 777 2527 sub
813 2457 979 2547 parochia
1015 2456 1058 2527 de
1085 2455 1129 2525 W
1138 2455 1431 2549 yelyanya'o'a'.
1450 2456 1538 2547 sitm,
1564 2456 1662 2527 cuius
1685 2455 1776 2529 lraercr

260 2576 420 2649 huldreus
447 2576 756 2667 Osszolinslrp·
783 2577 826 2649 de
853 2579 959 2649 amris
986 2584 1022 2649 et
1050 2576 1180 2650 lannilia
1206 2577 1527 2669 Bippennium.
1566 2576 1608 2649 In
1637 2592 1700 2669 qua
1720 2574 1787 2649 off

258 2699 350 2769 lanei
378 2698 622 2787 cmethonales,
649 2699 732 2769 item
758 2699 934 2789 tabernac,
961 2701 1043 2771 item
1072 2697 1309 2790 hortulaniae,
1337 2699 1532 2791 dequibus
1560 2700 1712 2769 omnihus
1732 2698 1777 2769 nl

259 2822 352 2893 ritur
378 2824 415 2891 et
440 2819 642 2892 conducitur
668 2818 800 2890 decima
826 2820 1051 2911 manipularis
1079 2828 1115 2892 et
1142 2821 1335 2913 centapolis,
1362 2842 1426 2913 pro
1454 2820 1659 2913 episcopata
1682 2818 1777 2891 cao

259 2940 378 3031 riensi,
405 2944 443 3013 et
467 2940 565 3013 valor
591 2941 667 3011 eins
694 2942 901 3014 aestimatur
927 2941 1073 3014 ad·trcs
1091 2962 1235 3015 marcas.
1262 2942 1350 3016 ltern
1367 2948 1422 3015 eat
1439 2944 1488 3016 ibi
1507 2942 1675 3035 quaedam
1691 2940 1776 3033 portio

261 3061 477 3153 uniuslanei,
492 3062 616 3153 dequo
639 3061 830 3136 decimatur
848 3062 1013 3136 ecclesiae
1032 3066 1066 3136 in
1086 3063 1131 3134 W
1139 3065 1211 3156 pel
1222 3086 1442 3157 yawyesz.
1469 3065 1556 3136 ltem
1577 3062 1779 3155 praediun...

362 3183 663 3274 Monnznscuow,
690 3184 773 3257 rilla
799 3186 863 3256 suh
891 3186 1056 3276 parochia
1083 3186 1125 3257 de
1144 3186 1488 3279 Wyelyawyesz
1517 3186 1597 3277 sita,
1616 3186 1708 3257 euius
1722 3180 1779 3255 ne

259 3326 316 3379 res
342 3306 584 3377 serenissimus
611 3306 772 3397 princeps
799 3306 964 3379 Poloniac
991 3328 1064 3379 rex.
1090 3307 1130 3378 ln
1159 3328 1227 3399 qna
1254 3312 1336 3380 suant
1358 3309 1447 3379 lanei
1467 3305 1708 3397 cmethoaales,
1723 3306 1781 3377 itm

260 3430 435 3517 tabernae,
461 3427 505 3499 de
533 3428 658 3517 qaribus
685 3428 844 3499 omnibus
871 3429 1021 3501 solvitur
1057 3429 1191 3502 decima
1219 3430 1408 3520 pecunialis
1435 3430 1602 3501 eeclesiae
1620 3428 1664 3521 ¹in
1689 3424 1781 3533 Wp'a

260 3550 498 3640 lyawyesz,
524 3556 560 3620 et
586 3549 686 3621 valor
714 3551 789 3621 eius
816 3552 1021 3624 aestimatur
1049 3552 1119 3623 ad.
1148 3608 1155 3621 .
1183 3608 1190 3621 .
1218 3553 1305 3623 ltenn
1332 3558 1386 3623 est
1412 3550 1460 3623 ihi
1476 3552 1657 3641 'scultella
1682 3532 1785 3623 host

263 3672 349 3741 (lauans
375 3670 503 3759 laneos,
531 3671 574 3741 de
602 3672 726 3761 paribus
753 3672 944 3745 decimatur
970 3674 1104 3745 decima
1129 3673 1356 3765 manipularis
1382 3694 1446 3765 pro
1473 3672 1620 3745 eeclesia
1639 3673 1673 3743 in
1691 3668 1788 3761 Wpe

263 3792 503 3883 lyauyesr..
528 3791 616 3863 Item
644 3799 698 3864 cst
724 3794 772 3864 ihi
800 3795 980 3884 praedium
1006 3796 1165 3887 militare,
1194 3794 1237 3867 dc
1264 3815 1331 3886 quo
1357 3794 1552 3868 decimatur
1579 3850 1587 3865 .
1615 3848 1623 3865 .
1651 3848 1659 3864 .

365 3911 558 4002 Krmssow,
586 3913 670 3984 rilla
697 3914 761 3986 suh
779 3917 945 4005 parochia
964 3916 1006 3989 dc
1025 3915 1448 3991 (lawluscheuieze
1474 3916 1552 4007 sita,
1572 3916 1671 3989 onim
1688 3912 1793 3985 haeres

263 4034 440 4105 lohannes
475 4032 882 4127 llorzyenyowslry
918 4038 960 4109 de
996 4038 1097 4111 domo
1133 4036 1156 4109 J
1166 4038 1307 4111 anina.
1347 4038 1388 4109 ln
1415 4058 1484 4131 qna
1510 4044 1593 4109 sunt
1621 4042 1700 4109 octo
1725 4034 1800 4107 lanei

264 4155 506 4247 emethonales,
534 4156 617 4227 item
645 4157 812 4229 tabernae
839 4158 936 4249 (luae,
960 4160 1042 4231 item
1061 4160 1281 4233 hortulanioe
1300 4166 1458 4251 quatuor,
1477 4179 1544 4230 non
1564 4158 1806 4247 hahentapfl

264 4278 433 4367 proprios,
461 4277 520 4347 sed
549 4278 706 4368 curiales,
734 4278 928 4369 dequibus
955 4280 1114 4353 omnibus
1142 4282 1290 4354 solvitur
1316 4286 1352 4353 et
1371 4280 1573 4354 conducitur
1593 4280 1730 4351 decima
1746 4298 1807 4351 ma-

264 4396 433 4484 nipularis
459 4404 495 4468 et
522 4399 697 4489 canapalis
724 4420 787 4490 pro
814 4401 976 4493 episeopo
1003 4402 1233 4493 Craeoriensi,
1260 4410 1296 4475 ct
1323 4402 1422 4475 valor
1447 4402 1521 4474 eins
1549 4398 1811 4473 aestimaturad

266 4524 398 4607 septem
425 4538 566 4589 marcas.
592 4520 681 4590 Item
709 4526 764 4591 est
790 4520 838 4593 ibi
866 4544 970 4595 unum
984 4524 1177 4614 praedium
1205 4524 1365 4615 militare,
1392 4523 1435 4596 de
1454 4524 1553 4595 cuius
1570 4524 1669 4613 agris
1689 4522 1813 4593 decima

265 4638 491 4729 manipularis
518 4640 664 4713 solvitur
691 4642 855 4715 ecclcsiae
881 4645 1070 4735 parochiali
1090 4646 1124 4717 iu
1144 4645 1517 4737 Wyelyawyesch
1545 4666 1611 4735 pro
1630 4666 1702 4715 rrrro
1721 4662 1817 4719 anno.

268 4780 332 4849 pro
360 4761 470 4833 altero
507 4783 589 4833 roro
625 4784 715 4835 anno
743 4765 891 4837 solvitur
916 4768 1082 4839 ecclesiae
1110 4768 1299 4859 parochiali
1327 4770 1361 4839 in
1390 4765 1820 4839 Gauluschowicze.

370 4880 483 4953 Villae
510 4885 745 4974 parochiales:
772 4884 1127 4981 Wyelpawyeaz,
1155 4888 1447 4983 Szyedlyeez,
1474 4888 1710 4980 Zalrrznrr,
1737 4886 1820 4959 hle·

268 5004 546 5096 krzesehow,
573 5004 793 5099 Klysaou.

924 5132 1170 5206 lllrcnoczrn.

372 5244 466 5319 Villa
491 5248 622 5321 habens
650 5252 683 5322 in
713 5272 750 5324 se
776 5253 954 5326 ecelesiam
983 5254 1225 5345 parochialem,
1253 5252 1400 5325 Sanctae
1427 5252 1562 5325 Mariae
1588 5244 1852 5353 mammo.

268 5366 428 5457 dicatam,
454 5368 569 5459 lapide
597 5392 659 5460 per
685 5373 818 5445 noldles
846 5375 889 5446 de
914 5373 1046 5447 familia
1064 5374 1287 5448 Habdaulr
1314 5380 1495 5465 muratam,
1514 5374 1612 5447 euius
1630 5360 1822 5447 nancua’z

269 5486 370 5559 nodos
396 5486 570 5561 Martinus
598 5497 634 5563 et
659 5492 822 5566 Nicolaus
849 5496 1144 5589 hlachoirslry
1173 5498 1216 5569 dc
1242 5495 1475 5585 Habdank,
1503 5502 1539 5567 et
1564 5494 1721 5569 Jacohns
1744 5486 1822 5567 mr

269 5610 450 5681 marath
490 5611 534 5682 de
570 5610 829 5703 Grzynnala.
868 5618 908 5687 ln
941 5638 1009 5709 qua
1045 5624 1126 5689 saint
1152 5618 1242 5690 lanei
1270 5616 1522 5707 cmethonales,
1550 5616 1634 5689 item
1672 5616 1822 5709 quinque

269 5732 452 5823 tahemae,
488 5732 656 5806 lrabeutcs
693 5756 813 5827 agroS,
840 5743 875 5809 et
911 5739 956 5810 ad
990 5740 1241 5830 proprietatem
1269 5739 1407 5830 plebani
1434 5742 1648 5829 spectantes,
1679 5739 1826 5829 quam

269 5852 358 5925 duae
384 5854 524 5927 solvunt
550 5856 714 5929 eeclesiae
741 5877 805 5947 pro
832 5880 937 5932 censu
964 5882 1027 5950 per
1054 5868 1135 5932 tres-
1150 5859 1311 5951 fertonm,
1331 5860 1438 5931 tertia
1456 5880 1540 5931 rere
1560 5852 1829 5949 quatuordoffl

269 5994 429 6067 grossos,
457 5984 582 6068 quarta
616 5979 763 6051 mediam
801 6001 968 6073 marcam,
996 5984 1118 6073 quinta
1146 5982 1294 6053 sedecim
1321 6000 1481 6073 grossos3
1510 5982 1594 6052 itern
1621 5976 1821 6053 honorante

271 6098 458 6186 numilem
485 6100 664 6189 praedium
691 6102 842 6173 militare
869 6124 983 6193 arrarum,
1010 6104 1054 6175 de
1082 6106 1206 6195 quibus
1234 6104 1392 6175 omnibus
1424 6102 1573 6175 solvitur
1600 6108 1636 6173 et
1663 6100 1823 6173 conduci·

273 6224 333 6288 tnr
359 6217 492 6290 decima
518 6224 742 6313 mauipularis
770 6231 806 6295 et
832 6224 1007 6314 canapalis
1034 6246 1098 6316 pro
1126 6226 1272 6297 ecclesio
1298 6226 1332 6295 in
1360 6224 1637 6309 Michoezin,
1665 6228 1703 6295 et
1729 6220 1824 6295 valor

271 6339 344 6410 rius
371 6341 573 6413 aestimator
600 6344 644 6415 ad
672 6346 818 6433 triginta
845 6367 987 6418 marcas.
1015 6348 1102 6418 Item
1130 6348 1235 6420 hahet
1262 6348 1408 6420 ecclesia
1428 6346 1585 6437 praelata
1603 6364 1709 6435 agros
1727 6362 1824 6437 prac-

273 6458 381 6531 diales
408 6462 627 6556 sufficientes,
656 6466 804 6558 liberos;
830 6470 913 6541 item
941 6470 1048 6543 habet
1075 6476 1176 6561 prata
1200 6468 1407 6541 sufficientia
1425 6466 1823 6559 inWyelyopolye,

276 6578 357 6651 item
392 6592 492 6673 prata
529 6586 598 6660 alia
635 6589 670 6659 in
705 6588 978 6665 Zmarsczelr
1012 6592 1105 6665 circa
1142 6592 1411 6681 (lezczicae3
1438 6590 1521 6663 item
1559 6590 1667 6663 hahet.
1694 6588 1825 6683 sylnm
