4200 8342
264 1628 336 1701 238

119 1852 127 1945 j
262 1837 428 1927 dicatam,
464 1837 560 1908 carius
591 1835 787 1926 proprietas
823 1834 974 1924 pertinet
1000 1834 1043 1905 ad
1070 1832 1318 1906 monasterium
1344 1830 1635 1903 Wancboczensc.
1675 1829 1715 1900 In
1740 1849 1799 1920 qna

261 1964 343 2030 sunt
377 1957 501 2047 viginti
536 1957 629 2046 agri,
666 1956 739 2027 sive
764 1955 858 2026 lanei
892 1955 1103 2044 indistincti,
1139 1954 1222 2025 item
1248 1974 1318 2024 una
1351 1953 1498 2024 taberna
1527 1951 1663 2023 babens
1698 1971 1799 2040 agros

261 2080 343 2149 Item
371 2082 424 2148 est
450 2077 499 2148 ibi
526 2076 686 2148 scoltetia
712 2076 844 2147 habens
871 2075 957 2146 duos
984 2074 1121 2163 laneca,
1149 2094 1252 2145 unam
1278 2073 1462 2144 tabernam
1488 2076 1526 2143 et
1547 2091 1656 2143 unum
1683 2071 1800 2143 molon·

259 2199 394 2286 dinum,
429 2198 596 2269 babentes
632 2217 755 2287 agr0s3
799 2196 842 2266 de
878 2196 1035 2267 omnibus
1072 2201 1188 2267 autem
1224 2194 1319 2285 agris
1350 2192 1627 2265 cmetlronalibns
1665 2191 1802 2262 solvitur'

260 2319 393 2389 decima
427 2317 651 2408 manipulau's
687 2323 724 2389 et
760 2315 932 2407 canapalis
967 2337 1031 2407 pro
1067 2316 1172 2388 altari
1207 2314 1411 2387 Sanctorum
1445 2313 1542 2386 Petri
1580 2318 1631 2401 et·
1651 2311 1748 2384 Pauli
1770 2312 1802 2382 in

259 2439 404 2509 ecclesia
430 2439 553 2510 maiori
579 2437 818 2527 cracoviensi,
850 2443 886 2509 et
912 2437 1009 2509 valor
1036 2436 1111 2509 eius
1137 2437 1343 2509 aestimatur
1369 2434 1415 2508 ad
1440 2439 1519 2508 octo
1545 2453 1702 2505 marcas:
1728 2433 1802 2503 item

262 2560 305 2630 de
332 2561 426 2650 agris
453 2559 607 2649 scolteti,
633 2559 800 2630 tabernae
818 2564 855 2630 et
871 2558 1060 2631 molendini
1086 2557 1241 2630 eiusdem
1268 2556 1422 2629 solvitur.
1436 2556 1569 2627 decima
1585 2551 1804 2644 manipularis

261 2680 426 2753 ecclesiae
452 2684 489 2754 et
514 2679 587 2754 eius
614 2680 762 2771 plebano
788 2679 824 2750 in
851 2677 1087 2770 Olchava,
1113 2684 1150 2751 et
1176 2678 1250 2751 elus
1277 2677 1376 2750 valor
1401 2676 1607 2749 aestimatur
1634 2674 1682 2747 ad
1699 2726 1804 2745 .....

851 2799 996 2873 Maera
1022 2799 1223 2872 Lmnrczn.

362 2921 457 2993 Villa
481 2922 613 2993 habens
640 2922 676 2991 in
703 2942 740 2992 se
766 2921 945 2993 ecclesiam
972 2920 1224 3010 parochialem,
1250 2918 1365 3010 lapide
1392 2922 1580 3008 muratam,
1607 2915 1806 2991 visitationi

261 3043 406 3114 Sanctae
433 3041 567 3114 Mariae
601 3042 766 3131 dicatam,
803 3042 901 3114 cuius
926 3042 1051 3113 haeres
1077 3040 1230 3113 Iacobus
1266 3038 1612 3131 Trzeczyesslry
1640 3040 1806 3114 dedomo

110 3141 111 3145 ¹
259 3163 539 3253 Streparum.
575 3162 615 3232 In
643 3182 712 3253 qua
737 3167 819 3234 sunt
844 3161 938 3235 lanei
964 3161 1218 3250 cmetbonales,
1254 3159 1297 3232 de
1324 3159 1450 3250 quibus
1476 3159 1637 3231 omnibus
1666 3160 1807 3235 solvitur

259 3288 295 3353 et
320 3282 524 3355 conducitur
550 3282 685 3354 decima
714 3282 939 3373 manipularis
966 3288 1003 3353 et
1028 3282 1203 3372 canapalis
1228 3301 1292 3371 pro
1319 3280 1481 3370 episcopo
1508 3277 1750 3372 cracoviensi,
1775 3289 1808 3356 et

259 3403 356 3474 valor
383 3405 457 3475 eins
484 3404 690 3475 aestimatur
707 3403 751 3474 ad
769 3404 915 3494 triginta
933 3423 1075 3481 marcas.
1102 3402 1189 3474 Item
1216 3401 1379 3492 oppidani
1406 3400 1546 3474 solvunt
1570 3421 1636 3490 pro
1663 3402 1807 3492 plebano

259 3545 357 3620 oszep
384 3545 448 3614 per
474 3507 580 3595 unum
607 3525 750 3596 chorum
777 3525 942 3614 siliginiS,
969 3544 1034 3613 per
1060 3524 1166 3595 alium
1192 3542 1340 3594 avenae:
1367 3543 1436 3594 nen
1463 3527 1518 3592 est
1544 3520 1594 3592 ibi
1619 3524 1806 3611 praedium.
1867 3538 1869 3541 ’

370 3643 584 3734 Jaszvonn,
619 3644 702 3716 villa
736 3645 802 3716 sub
828 3643 993 3734 parochia
1026 3644 1071 3716 de
1105 3644 1350 3735 Lypnyoza
1384 3642 1470 3732 sita,
1506 3642 1604 3716 cuins
1640 3645 1805 3718 haeredes

259 3764 517 3855 Franczud,
543 3766 798 3838 Demaratb
824 3769 861 3836 et
886 3764 1062 3856 Schrop
1089 3764 1225 3837 nobiles
1243 3764 1286 3836 de
1304 3763 1407 3836 domo
1426 3818 1540 3834 .....
1566 3764 1608 3837 In
1635 3788 1706 3858 qua
1731 3774 1807 3841 sunt

259 3887 350 3957 lanei
386 3886 636 3976 emethonales‚
671 3887 754 3958 item
791 3907 861 3957 nna
897 3886 1057 3958 scoltetia
1090 3887 1223 3958 habens
1248 3906 1362 3976 agros
1397 3887 1576 3977 proprios,
1612 3886 1659 3959 de
1672 3889 1807 3978 ·quibm

258 4008 415 4080 omnibus
442 4007 590 4080 solvitur
608 3995 865 4079 etconducitur
891 4007 1024 4078 decima
1041 4007 1266 4097 manipularis
1293 4011 1330 4077 et
1355 4007 1530 4097 canapaIIs
1555 4026 1621 4097 pro
1642 4009 1807 4099 episcopo

258 4127 487 4201 Craeoviensi.
514 4129 602 4199 Item
629 4134 711 4201 sunt
736 4128 786 4200 ibi
812 4129 882 4201 tria
908 4128 1052 4218 praedia
1070 4127 1262 4217 militaria,
1297 4126 1340 4198 de
1368 4128 1493 4218 quibus
1519 4126 1714 4201 decimatur
1739 4131 1807 4220 ple·

257 4250 347 4321 bano
374 4250 410 4320 in
436 4271 594 4340 magna
619 4249 882 4341 Lypnyoza,
909 4250 1006 4321 cuius
1033 4249 1132 4321 valor
1159 4250 1363 4320 aestimatur
1389 4248 1460 4319 ad.
1480 4303 1488 4318 .
1507 4303 1541 4319 ..

360 4369 604 4454 Zaaanczm,
640 4370 723 4441 villa
759 4371 823 4442 sub
859 4370 1024 4461 parochia
1049 4369 1093 4440 de
1120 4389 1278 4460 magna
1311 4369 1373 4460 Ly
1381 4390 1555 4461 pnyoza
1590 4371 1679 4460 sita,
1712 4373 1806 4443 cuins

257 4490 380 4559 haeres
406 4489 579 4579 Schrop
605 4490 790 4580 praefatus.
817 4490 857 4561 In
885 4512 952 4581 qua
978 4494 1059 4562 sunt
1084 4491 1177 4563 lanei
1203 4491 1455 4580 cmethonales,
1481 4490 1524 4562 dc
1551 4491 1679 4581 quibus
1706 4491 1806 4564 solvi·

256 4615 314 4679 tur
341 4591 491 4680 decima¹
508 4610 695 4700 pecunialis
721 4631 784 4700 per
811 4632 916 4682 nuum
942 4611 1113 4684 fertonem
1140 4610 1183 4683 dc
1211 4611 1366 4702 quolibet
1400 4611 1518 4701 laneo,
1554 4631 1619 4700 pro
1647 4614 1806 4704 episeopo

257 4728 485 4802 cracoviensi.
513 4731 600 4802 Item
627 4738 682 4803 est
708 4732 757 4803 ibi
785 4753 853 4802 una
870 4732 1047 4822 scoltetia,
1074 4732 1117 4802 de
1136 4752 1205 4822 qua
1222 4731 1355 4803 decima
1382 4732 1487 4803 etiam
1513 4730 1698 4806 fertonalis
1724 4733 1806 4809 lato

256 4872 332 4922 rurn
359 4872 561 4943 grossorum
588 4873 652 4942 pro
679 4853 827 4943 plebano
855 4854 890 4924 in
918 4854 1171 4944 Lypnyoza.

361 4959 615 5064 Bonowrncn,
650 4974 734 5045 villa
769 4975 833 5047 sub
868 4975 1033 5064 parochia
1068 4974 1111 5045 de
1138 4994 1297 5064 magna
1331 4975 1556 5063 Llpnicza
1590 4975 1679 5064 sita,
1714 4977 1807 5047 cuius

254 5094 453 5169 haereditas
481 5094 525 5166 ad
551 5096 745 5185 praefatum
777 5097 952 5186 Schrop
980 5096 1141 5186 pertinet.
1177 5096 1217 5166 In
1245 5116 1313 5185 qua
1340 5102 1421 5167 sunt
1446 5096 1536 5168 lanei
1565 5097 1805 5186 emetbonales,

257 5214 299 5284 de
327 5216 451 5305 quibos
477 5213 612 5286 decima
636 5216 819 5289 fertonalis
846 5217 994 5289 solvitur
1016 5219 1178 5308 episcopo
1206 5214 1445 5306 cracoviensi3
1472 5218 1555 5288 item
1582 5238 1652 5288 non
1681 5225 1737 5290 est
1761 5218 1807 5290 ibi

164 5414 168 5425 Ι
258 5335 397 5425 aliquod
423 5335 612 5424 praedium.
1144 5418 1148 5425 ,

285 5466 287 5468 ’
946 5459 1122 5530 Iwnovvn.

360 5576 454 5648 Villa
480 5577 611 5648 habens
638 5578 674 5649 in
701 5598 738 5649 se
766 5579 944 5650 ecclesiam
971 5580 1205 5669 parochialem
1230 5580 1396 5670 ligneam,
1423 5578 1569 5651 Sanctae
1598 5577 1723 5652 Crucis
1749 5582 1806 5653 ho

255 5700 331 5770 nori
360 5698 527 5788 dIcatam,
564 5699 660 5770 cuius
696 5700 892 5788 proprietas
928 5700 972 5771 ad
999 5701 1255 5772 serenissimum
1291 5699 1456 5770 Poloniae
1491 5721 1609 5790 regem
1644 5703 1809 5790 pertinet.

253 5820 294 5891 In
322 5841 390 5911 qna
417 5826 499 5892 sunt
525 5818 618 5892 lanei
645 5820 894 5910 cmethonales,
922 5821 1006 5891 item
1024 5821 1261 5909 hortulaniae,
1288 5820 1372 5892 item
1398 5821 1582 5906 tabernae,
1611 5820 1654 5892 de
1684 5823 1808 5913 quibus

256 5942 414 6014 omnibus
442 5942 590 6013 solvitur
624 5941 757 6013 decima
793 5942 982 6031 pecunialis
1008 5961 1073 6032 per
1100 5963 1204 6013 unum
1240 5940 1409 6014 fertonem
1437 5941 1480 6013 dc
1506 5941 1664 6033 quolibet
1699 5943 1810 6033 laneo,

255 6082 318 6152 pro
345 6063 506 6152 episcopo
533 6062 764 6135 cracoviensi.
790 6062 877 6134 Item
900 6068 955 6134 est
981 6062 1030 6137 ibi
1057 6063 1216 6134 scoltetia
1241 6083 1312 6134 una
1338 6062 1474 6134 habens.
1496 6062 1582 6134 duos
1609 6063 1741 6154 mneos,
1768 6064 1811 6138 de

254 6183 379 6273 quibus
406 6183 553 6254 solvitur
579 6184 712 6256 decima
747 6183 975 6274 manipularis
1007 6182 1172 6254 ecclesiae
1200 6189 1236 6255 et
1262 6184 1410 6274 plebano
1437 6183 1512 6256 eius
1538 6184 1576 6256 in
1601 6184 1810 6277 Iwkovva,

255 6311 291 6375 et
318 6305 415 6376 valor
443 6304 516 6373 eius
544 6304 748 6375 aestimatur
775 6305 820 6376 ad
838 6358 953 6374 .....
981 6305 1069 6374 Item
1096 6305 1203 6377 habet
1229 6306 1279 6376 ibi
1304 6306 1473 6395 plebanus
1495 6305 1634 6379 invilla
1650 6305 1812 6397 praefata

254 6422 447 6497 Iwkowa
473 6421 643 6517 naescbne,
670 6444 692 6494 a
718 6424 872 6522 quolibet
898 6426 1078 6504 emethone
1105 6425 1158 6502 de¹
1174 6426 1275 6501 laneo
1291 6447 1406 6501 unam
1433 6446 1630 6501 mensuram
1658 6427 1810 6521 siliginis
