4200 8342
271 1622 342 1693 138

264 1827 301 1897 in
335 1825 520 1897 medietate
563 1821 729 1913 descripti
769 1819 948 1893 videlicet:
987 1818 1227 1911 sigismundus
1267 1817 1526 1910 Bobowslry
1568 1823 1605 1891 et
1641 1814 1817 1890 lohannes

264 1945 526 2035 Zabawslry.
551 1944 592 2014 In
619 1964 688 2034 qua
713 1947 795 2014 sunt
820 1943 913 2014 lanei
939 1941 1184 2031 cmethonales,
1201 1924 1254 2012 ¹de
1281 1941 1568 2031 quibus'dccima
1592 1939 1816 2029 manipularis

265 2073 302 2138 et
328 2065 501 2155 campalis
528 2064 675 2136 solvitur
701 2068 737 2134 et
763 2063 967 2135 conducitur
993 2083 1058 2152 pro
1076 2061 1276 2152 praehenda
1292 2060 1501 2152 Visliciensi,
1520 2080 1610 2152 quae
1627 2061 1818 2132 Drochecz-

265 2187 330 2257 ska
356 2185 493 2275 dicitur,
521 2185 618 2255 culus
647 2183 747 2256 valor
773 2183 818 2255 ad
845 2184 996 2274 qulnque
1031 2201 1176 2254 marcas.
1211 2182 1301 2253 Item
1326 2183 1522 2273 praedium,
1550 2183 1634 2257 item
1660 2182 1816 2271 taberna,

120 2357 126 2369 .
264 2307 349 2378 item
373 2305 593 2378 normaniae
619 2305 703 2376 icem
730 2304 876 2376 ecclesia
900 2304 1142 2377 cracoviensis
1160 2304 1267 2376 meet
1284 2303 1334 2375 ror
1351 2287 1642 2381 mastalonem
1659 2307 1698 2373 et
1716 2301 1818 2372 rena-

265 2426 355 2496 rium
382 2425 415 2498 S.
441 2424 546 2497 Petri
1359 2433 1361 2438 '
1455 2436 1462 2445 ''

370 2546 642 2636 Bacnowrczr,
663 2545 749 2617 villa
784 2544 850 2616 sub
881 2545 1049 2635 parochia
1074 2545 1117 2616 de
1142 2543 1357 2635 Woynicz
1384 2543 1471 2633 sita,
1497 2543 1595 2615 cuius
1621 2541 1818 2632 proprietas

266 2665 311 2737 ad
337 2666 573 2756 episcopatum
608 2664 881 2738 cracoviensem·
904 2666 1066 2755 pertinet
1101 2665 1143 2735 In
1169 2684 1239 2755 qua
1263 2664 1352 2735 sunt
1372 2668 1522 2755 quatuor
1547 2663 1640 2735 lanei
1667 2663 1818 2734 cmetho-

265 2785 374 2876 noles,
397 2785 441 2857 dc
468 2785 593 2876 quibus
619 2785 820 2858 solvebatur
846 2786 980 2858 decima
1005 2785 1232 2876 manipularis
1254 2788 1295 2855 et
1321 2784 1497 2875 campalis
1525 2786 1590 2874 pro
1617 2784 1818 2874 episcopatu

267 2904 499 2991 Oratoriensi,
525 2905 587 2977 sed
612 2904 791 2978 lohannes
816 2905 1161 2996 Rzeschousky
1194 2904 1375 2995 episcopus
1402 2903 1653 2995 (hacoricnsis,
1681 2908 1820 2994 accepto

266 3047 351 3116 agro
378 3026 414 3097 in
431 3026 645 3097 haereditate
663 3026 821 3118 Lanky
847 3033 884 3098 et
902 3028 938 3098 in
956 3027 1090 3117 praedii
1107 3025 1349 3101 Radlovicnsis
1367 3025 1629 3116 ampIItudInem
1647 3025 1819 3114 adiuncto,

266 3147 362 3219 dedit
396 3148 432 3218 iu
468 3167 727 3237 recompensam
762 3153 932 3241 perpetuo
968 3148 1135 3220 decimam
1170 3166 1309 3219 mensae
1336 3166 1419 3217 suae
1445 3146 1482 3216 in
1508 3145 1819 3234 Bachowicze,

266 3269 409 3359 capituli
435 3286 605 3340 consensu
629 3269 824 3359 accedente,
852 3269 1017 3341 ccclesiae
1044 3267 1279 3357 Radlomensi,
1305 3268 1403 3338 cuius
1428 3267 1529 3338 valor
1554 3266 1762 3337 aestimatur
1778 3265 1819 3338 ad

267 3394 417 3478 quatuor
450 3408 595 3461 marcas.
633 3388 721 3460 Item
758 3410 827 3460 non
863 3396 917 3461 ost
952 3389 1135 3479 praedium
1169 3389 1205 3459 iu
1241 3387 1361 3459 eadem
1386 3387 1487 3479 villa,
1512 3406 1625 3479 neque
1652 3383 1820 3485 switelm,

266 3528 378 3600 noque
403 3506 645 3600 molendinum,
671 3530 783 3600 neque
810 3509 973 3600 taberna,
999 3530 1112 3601 neque
1137 3509 1366 3582 hortulaniae.
1447 3558 1451 3571 ·

941 3629 1156 3702 Sczunown.
1188 3652 1190 3656 ’
1252 3646 1284 3678 -·

181 3844 184 3849 ἡ
370 3747 466 3822 Villa
491 3749 624 3822 habens
651 3750 830 3822 ecclesiam
858 3749 1092 3839 parochialem
1109 3749 1260 3839 ligneam
1276 3749 1314 3820 in
1331 3768 1378 3838 se,
1402 3746 1529 3820 Sancto
1546 3748 1816 3821 Bartholomaeo

266 3869 436 3963 Apostolo
462 3872 623 3962 dicatam,
650 3871 748 3943 cuins
772 3872 894 3942 unicus
921 3871 1323 3961 collatorretpctronus
1340 3875 1395 3941 est
1411 3869 1591 3960 opiscopus
1611 3868 1818 3942 Gracorien·

180 4046 186 4057 .
266 3994 332 4083 sis,
358 3992 404 4064 ad
431 4013 532 4084 quem
558 3992 738 4084 praefatae
752 3993 875 4064 sullae
901 3997 1046 4083 spectat
1062 3991 1268 4082 proprietas.
1303 3990 1350 4062 Iu'
1372 4002 1440 4081 qua
1466 3997 1550 4062 sunt
1573 4011 1699 4062 novem
1725 3990 1818 4061 lanei

265 4114 517 4205 cmethonalcs,
544 4113 587 4186 de
614 4115 741 4206 quibus
767 4114 915 4186 solvitur
942 4120 978 4185 et
1005 4113 1213 4203 conducitur
1239 4110 1373 4183 decime
1398 4111 1625 4202 manipularis
1652 4118 1690 4183 et
1716 4131 1819 4182 cana-

263 4235 353 4324 palis
379 4255 443 4325 pro
471 4235 672 4325 episcopatu
699 4233 937 4325 Gracovicnsi,
959 4235 1057 4307 cuius
1084 4233 1183 4306 valor
1201 4234 1408 4304 aestimatur
1426 4232 1470 4304 ad
1489 4253 1551 4304 sex
1566 4252 1713 4304 marcas
1731 4232 1817 4303 item

267 4355 412 4425 ecclesia
438 4360 474 4426 et
500 4355 668 4444 plebanus
695 4355 802 4426 habet
828 4355 996 4444 speciales
1018 4355 1314 4446 agrosproprIos
1339 4353 1470 4425 liberos
1488 4346 1525 4425 et
1541 4357 1651 4443 prata
1670 4374 1736 4444 pro
1755 4373 1817 4427 suo

265 4474 418 4564 praedio,
445 4494 510 4545 usn
537 4479 573 4545 et
599 4474 815 4545 necessitate.
841 4474 930 4546 Item
956 4480 1010 4546 est
1035 4475 1085 4546 ibi
1111 4475 1270 4549 scoltetia
1294 4474 1427 4546 habens
1454 4473 1541 4546 duos
1567 4474 1706 4564 laneos,
1734 4475 1817 4545 item

236 4614 370 4694 *uuam
404 4590 587 4667 tabernam
621 4595 804 4667 habentem
832 4615 954 4685 agros,
981 4595 1066 4666 item
1092 4616 1195 4666 unam
1222 4595 1456 4675 hortulaniam
1482 4594 1668 4666 habentem
1696 4615 1819 4684 agros,

266 4716 309 4787 de
337 4717 462 4805 quibus
499 4717 657 4788 omnibus
693 4715 848 4788 solvitur
876 4722 913 4788 et
939 4716 1144 4788 conducitur
1171 4715 1304 4788 decima
1330 4714 1555 4806 manipularis
1580 4735 1644 4805 pro
1672 4715 1818 4787 ecclesia

266 4840 302 4907 et
325 4837 475 4926 plebano
503 4837 538 4908 in
565 4837 817 4911 Scaurowa.
843 4824 930 4908 Item
958 4837 1000 4908 de
1027 4837 1112 4908 villa
1133 4835 1292 4927 praefata
1308 4836 1414 4908 datur
1430 4836 1639 4928 columbatio
1658 4842 1695 4908 et
1712 4836 1818 4908 dena·

264 4958 337 5028 rius
364 4957 483 5030 Sancti
509 4957 607 5029 Petri
633 4957 790 5048 pleba‘no'.
1280 4972 1285 4981 '

367 5077 658 5168 Rznwscrrown,
685 5079 770 5169 villa
794 5080 858 5151 sub
886 5078 1051 5169 parocbia
1077 5078 1241 5150 ecclesiae
1268 5078 1311 5149 de
1338 5076 1579 5150 Sczurowa
1605 5077 1694 5167 sita,
1720 5078 1817 5150 cuius

265 5198 460 5285 proprietas
488 5198 531 5267 ad
568 5199 803 5288 episcopatum
839 5199 1103 5270 Cracovicnsem
1138 5199 1300 5289 pertinet.
1344 5198 1385 5270 Iu
1413 5219 1482 5288 qua
1506 5220 1577 5270 non
1611 5204 1694 5269 sunt
1727 5199 1818 5270 lanei

266 5316 437 5405 distincti,
465 5317 527 5387 sed
553 5317 662 5387 solum
689 5319 784 5389 horti
803 5326 839 5390 ct
857 5341 1020 5413 agrorum
1038 5321 1154 5410 pecies
1172 5320 1253 5391 hinc
1273 5319 1361 5390 inde.
1381 5320 1593 5409 extIrpatae,
1621 5318 1664 5391 de
1692 5321 1817 5411 quibus

264 5435 413 5506 soletur
439 5441 475 5505 et
502 5437 706 5508 conducitur
741 5438 873 5509 decima
909 5441 1134 5531 manipularis
1169 5461 1233 5531 pro
1269 5441 1470 5530 episcopatu
1506 5438 1746 5531 Cracoriensi,
1782 5424 1820 5514 ct

265 5556 364 5628 valor
390 5556 464 5627 eius
499 5556 542 5627 ad
570 5557 656 5628 duas
691 5578 825 5630 marcas
846 5562 1072 5633 aestimatur.
1111 5563 1199 5633 Item
1235 5561 1393 5633 scoltetia
1427 5565 1481 5632 ast
1506 5562 1542 5632 in
1569 5561 1689 5632 eadem
1725 5562 1817 5652 villa,

266 5697 354 5766 quae
380 5677 488 5747 habet
514 5697 617 5766 agros
643 5680 804 5768 proprIos
830 5685 867 5752 et
893 5682 1031 5772 hortos,
1059 5682 1103 5754 de
1121 5678 1261 5773 quibus·
1272 5681 1421 5754 solvitur
1438 5681 1816 5772 decimamanipularis

265 5819 328 5888 pro
348 5853 356 5868 .
375 5853 382 5869 .
402 5853 435 5868 ..
462 5797 551 5870 Item
578 5798 661 5868 villa
686 5799 844 5890 praefata
871 5802 975 5874 solvit
1002 5803 1290 5875 columbatiouem
1313 5809 1349 5874 et
1366 5803 1547 5875 denarium
1573 5802 1692 5875 Sancti
1718 5802 1817 5875 Petri

266 5920 430 5990 ecclesiae
457 5920 493 5991 in
521 5918 772 5994 Sczurowa.
915 5931 940 5955 ³
980 5980 987 5987 .
1142 5936 1145 5943 ·

368 6039 563 6132 Rsrsnno,
589 6042 673 6114 villa
690 6043 939 6132 subparocbia
963 6044 1128 6116 ccclesiae
1157 6044 1201 6115 de
1226 6043 1470 6118 Sczuroua
1495 6045 1583 6136 sita,
1607 6045 1718 6117 cuius·
1734 6066 1815 6136 pro·
1868 6037 1873 6044 ’

265 6160 398 6250 prietes
433 6161 477 6231 ad
513 6162 746 6253 episcopatum
781 6163 1045 6239 CracovIenscm
1082 6165 1244 6255 pertinet.
1265 6164 1335 6249 .·In
1356 6186 1424 6256 qua
1459 6171 1541 6238 sunt
1574 6167 1814 6257 hcntummodo

263 6278 483 6353 hortulanIae
509 6280 675 6355 habentes
702 6305 806 6373 agros
832 6304 959 6373 parvos
987 6290 1023 6354 et
1048 6284 1189 6373 breves,
1226 6284 1268 6356 dc
1296 6286 1420 6375 quihus
1451 6286 1597 6358 solvitur
1623 6292 1660 6358 ct
1687 6287 1815 6378 condu-

265 6403 356 6474 citur
382 6403 515 6473 decima
540 6403 765 6493 manipularis
793 6411 829 6476 et
856 6406 1032 6496 canapalis
1059 6428 1123 6495 pro
1150 6407 1350 6497 episcopatu
1378 6406 1616 6497 Cracovicnsi,¹
1653 6414 1690 6478 et
1716 6409 1814 6480 valor

261 6523 337 6599 e‘ns
370 6524 576 6597 aestimatur
601 6522 758 6597 adduas
793 6546 937 6598 marcas.
972 6527 1059 6600 Item
1095 6527 1254 6599 scoltetia
1280 6532 1335 6600 est
1366 6529 1400 6598 in
1428 6529 1549 6600 eadem
1582 6527 1684 6643 silla,
1721 6549 1810 6622 quae

265 6608 275 6627 ,
292 6608 296 6617 .
