4200 8342
1738 1652 1812 1731 477

365 1852 532 1949 Jnurvvu,
559 1854 644 1931 villa
670 1857 734 1932 sub
761 1860 927 1950 parochia
953 1855 1118 1933 ecclesiae
1145 1856 1188 1932 de
1206 1858 1376 1951 Knnou
1404 1860 1483 1953 sita,
1501 1861 1598 1935 cuius
1616 1865 1813 1957 proprietas

260 1978 308 2051 ad
333 1981 533 2071 episcopum
561 1978 824 2061 cracoviensem
850 1983 1011 2072 pertinet.
1038 1982 1078 2053 In
1107 2003 1174 2074 qua
1200 1990 1282 2055 sunt
1308 2005 1430 2055 novem
1458 1984 1551 2079 lanei
1570 1986 1812 2077 emethonaloS,

260 2102 304 2174 de
331 2101 457 2193 quibus
492 2102 651 2174 omnibus
686 2104 833 2175 solvitur
868 2110 904 2175 00
931 2104 1136 2177 conducitur
1163 2104 1295 2177 decima
1321 2106 1548 2196 manipularis
1576 2113 1612 2178 et
1638 2108 1813 2198 canapalis

258 2243 324 2313 pro
351 2224 513 2316 episcopo
548 2223 787 2315 Gracoviensi,
815 2225 910 2297 cuius
946 2226 1044 2297 valor
1070 2226 1275 2298 aestimatur
1309 2228 1354 2298 ad
1390 2248 1450 2300 sex
1477 2248 1621 2300 marcas.
1659 2229 1748 2301 ltem
1776 2230 1811 2300 in

259 2345 379 2418 endem
406 2346 489 2420 villa
514 2368 584 2419 non
610 2351 664 2419 cst
690 2346 880 2437 praedium,
907 2367 975 2418 non
1003 2353 1085 2419 sunt
1111 2348 1301 2438 scoltetiae,
1327 2369 1391 2420 noc
1417 2349 1646 2423 hortulaniae.

363 2468 674 2558 Snvcuvuwvczs,
711 2468 797 2539 alias
826 2466 1034 2558 anznvn,
1063 2469 1146 2541 villa
1182 2471 1246 2543 sub
1273 2470 1440 2561 parocbia
1468 2471 1510 2542 dc
1537 2472 1708 2545 Kunovv
1736 2475 1813 2564 sita,

258 2590 357 2663 euius
382 2590 580 2681 proprietas
606 2590 651 2660 ad
677 2589 876 2680 episcopum
894 2589 1157 2663 cracoviensem
1176 2592 1338 2682 pertinet,
1357 2612 1459 2682 quam
1478 2592 1681 2683 Sbigneus
1699 2594 1812 2666 cardi-

259 2710 349 2783 nalis
376 2716 413 2782 et
439 2712 623 2803 episcopus
651 2709 893 2783 cracoviensis
919 2712 955 2782 iu
982 2712 1091 2784 cruda
1116 2712 1233 2784 radice
1251 2711 1409 2784 fundavit
1426 2720 1462 2785 et
1480 2714 1627 2805 locavit3
1654 2716 1697 2787 de
1715 2716 1812 2787 cuius

259 2834 356 2924 agris
383 2832 516 2905 decima
541 2833 767 2923 manipularis
793 2833 955 2923 episeopo
982 2833 1204 2906 Cracoviensi
1231 2834 1336 2906 debet
1362 2836 1554 2925 provenire.

363 2954 611 3045 Ouoczvmovv,
637 2954 721 3027 villa
748 2954 812 3027 snb
839 2955 1005 3045 parocbia
1031 2956 1197 3027 ecclesiae
1224 2956 1267 3028 de
1285 2956 1457 3030 Kunow
1483 2959 1560 3030 sita.
1586 2957 1627 3029 In
1646 2958 1711 3030 hac
1729 2958 1812 3030 villa

257 3078 364 3151 babet
389 3078 607 3168 episcopatus
633 3084 670 3147 et
695 3098 814 3148 mensa
840 3096 904 3148 sua
930 3082 1043 3149 certos
1070 3098 1181 3168 agree,
1209 3078 1244 3148 in
1272 3079 1396 3168 quibus
1423 3078 1592 3151 sedebant
1609 3080 1696 3151 alias
1714 3080 1813 3151 nobi·
1867 3082 1869 3091 '

258 3201 319 3289 les,
347 3220 433 3290 quos
459 3220 502 3270 ex
528 3198 725 3270 huiusmodi
762 3199 856 3287 agris
884 3198 1049 3271 alibertus
1077 3198 1119 3270 de
1145 3198 1550 3291 Jastrzambyecz,
1575 3190 1659 3273 tunc
1686 3200 1812 3274 Craco-

259 3322 388 3393 vicnsis
423 3321 622 3412 episcopus,
658 3319 741 3391 data
777 3319 936 3391 scoltetia
970 3321 1006 3390 in
1041 3319 1234 3411 Jamnyk
1270 3340 1408 3392 mensae
1445 3342 1528 3393 snae
1562 3322 1811 3413 appropriavit,

257 3442 426 3535 quosdam
461 3462 544 3515 vero
580 3440 810 3531 Sbigneus
845 3440 1031 3513 cardinalis
1067 3447 1104 3512 et
1131 3442 1312 3534 episcopus
1339 3440 1580 3515 Gracoviensis
1607 3444 1749 3534 coemit,
1776 3450 1813 3516 ct

258 3564 499 3648 aestimantur,
523 3564 721 3635 huiusmodi
757 3564 834 3653 agri
860 3563 905 3634 ad
932 3568 1005 3634 tres
1032 3564 1170 3653 laneos,
1197 3564 1252 3636 vel
1279 3561 1381 3654 paulo
1409 3565 1575 3656 amplius,
1603 3586 1679 3637 cum
1706 3567 1812 3638 certis

257 3687 371 3776 arvis,
398 3691 435 3758 et
469 3685 630 3756 coluntur
664 3705 728 3775 pro
756 3685 853 3755 curia
879 3682 1108 3774 Gunoviensi3
1145 3682 1206 3756 sed
1233 3705 1336 3776 agros
1364 3687 1597 3777 abepiscopo
1625 3693 1811 3779 coemptos,

257 3828 328 3879 non
356 3808 517 3879 obstante
543 3806 785 3877 maledictione
813 3806 856 3876 ab
884 3806 1004 3877 eodem
1031 3804 1228 3897 Sbignco
1256 3807 1427 3897 episcopo,
1446 3813 1567 3879 contra
1583 3829 1693 3899 genus
1712 3830 1811 3881 suum

257 3929 350 4019 data,
377 3950 485 4021 nepus
513 3949 595 4000 snus
614 3927 773 3999 Andreas
793 3934 905 3999 vnorte
923 3928 1076 3999 eiusdem
1095 3928 1247 4018 episcopi
1266 3932 1393 4018 secuta,
1411 3930 1602 4019 occupavit.
1624 3929 1711 4000 Item
1730 3934 1812 4001 sunt

257 4050 308 4123 ibi
334 4051 441 4141 aliqui
468 4050 610 4139 nobiles,
638 4054 673 4119 ot
699 4049 877 4138 signanter
904 4047 1095 4139 Gregorius
1122 4047 1499 4143 Ghocaimowslvy
1526 4049 1568 4122 de
1587 4049 1689 4122 domo
1707 4049 1810 4141 Oxa,

257 4173 390 4262 etalii,
417 4173 476 4263 qui
502 4172 632 4242 habent
658 4170 802 4261 praedia
828 4176 865 4241 et
890 4170 1115 4261 lrortulanias,
1144 4170 1186 4241 de
1214 4170 1337 4260 quibus
1365 4171 1523 4245 omnibus
1550 4172 1682 4244 decima
1700 4172 1811 4243 mani-

257 4294 390 4386 pularis
425 4301 462 4364 ct
497 4291 672 4382 canapalis
699 4291 847 4363 solvitur
873 4312 937 4382 pro
964 4292 1110 4363 ecclesia
1137 4292 1173 4362 in
1198 4291 1386 4383 Kunow,
1414 4300 1450 4364 et
1476 4292 1575 4366 valor
1602 4293 1676 4385 eius
1704 4294 1809 4365 aesti-

257 4422 374 4489 matur
399 4416 444 4487 ad
471 4436 532 4487 sex
559 4434 703 4486 marcas.
1858 4482 1863 4493 ,

363 4537 664 4627 Pnnwvnnczvrv,
692 4536 775 4607 villa
802 4537 865 4609 sub
893 4536 1058 4626 parochia
1085 4535 1127 4607 dc
1146 4531 1316 4608 Ku'novv
1342 4537 1418 4625 sita,
1437 4536 1534 4609 cuius
1552 4537 1748 4630 proprietas
1766 4536 1811 4611 ad
1868 4515 1870 4519 ¹

257 4662 426 4734 militares
453 4660 533 4731 olim
561 4658 767 4749 pertinebat,
795 4657 855 4729 sed
883 4657 1071 4730 Gatlrerina
1097 4658 1220 4729 relicta
1247 4658 1328 4729 olim
1357 4657 1560 4750 Skalsky
1587 4658 1740 4731 Thomae
1766 4657 1809 4730 de

256 4780 600 4874 Prawyanczin,
626 4801 753 4871 genere
776 4779 903 4851 nobilis
929 4780 1132 4871 Morova,
1161 4780 1408 4871 proprietatem
1437 4780 1690 4872 quinquaginta
1716 4800 1808 4851 mar·

257 4924 374 4977 carum
401 4904 549 4975 latorum
577 4923 778 4993 grossorum
804 4902 1015 4973 monasterio
1043 4902 1190 4973 Sanctae
1209 4900 1329 4974 Crucis
1353 4902 1387 4971 in
1407 4900 1638 4991 elemosynam
1656 4900 1809 4995 donavit,

257 5027 313 5099 cui
338 5034 376 5098 et
402 5046 518 5097 eoram
544 5025 671 5096 iudicio
698 5025 859 5096 terrestri
885 5024 921 5094 in
949 5044 990 5095 ea
1016 5024 1201 5115 inscripsit
1241 5022 1282 5093 In
1310 5042 1379 5113 qua
1405 5027 1487 5094 sunt
1514 5042 1574 5093 sex
1600 5021 1694 5095 lanei
1720 5042 1810 5093 ame-

257 5148 433 5238 thonales,
460 5149 542 5218 item
569 5152 719 5238 quatuor
745 5147 913 5217 tabernae
939 5146 1108 5217 habentos
1136 5165 1257 5235 agros,
1284 5144 1367 5215 item
1395 5143 1614 5217 hortulaniae
1641 5144 1810 5217 habentes

256 5290 371 5362 agros,
397 5270 441 5341 de
467 5271 592 5361 quibus
619 5269 786 5358 omnibus
814 5267 1018 5339 conducitur
1041 5273 1078 5338 et
1095 5267 1242 5338 solvitur
1259 5266 1393 5337 decima
1410 5265 1636 5357 manipularis
1655 5270 1691 5339 et
1708 5286 1810 5338 cana-

257 5390 346 5483 palis
373 5411 437 5481 pro
464 5390 610 5461 ecclesia
637 5395 674 5460 et
700 5389 846 5479 plebano
874 5389 909 5459 in
936 5388 1119 5479 Kunow,
1147 5394 1182 5459 00
1208 5388 1307 5461 valor
1333 5389 1407 5459 eins
1434 5389 1478 5459 ad
1506 5388 1650 5479 triginta
1676 5409 1810 5461 marcas

257 5514 471 5585 aestimatur.
510 5511 599 5582 Item
626 5511 662 5581 in
694 5510 814 5581 eadem
840 5510 923 5581 villa
949 5516 1004 5581 est
1031 5510 1210 5600 praedium
1238 5510 1409 5601 quondam
1438 5510 1605 5601 militare,
1633 5508 1693 5581 sed
1720 5530 1811 5581 nunc

256 5635 467 5723 coenobiale,
496 5633 538 5704 de
566 5633 663 5705 cuius
690 5654 775 5722 agro
803 5633 950 5704 solvitur
977 5632 1109 5703 decima
1135 5632 1360 5723 manipularis
1379 5632 1545 5704 eeclesiae
1564 5631 1754 5721 parochiali
1773 5630 1809 5702 in

256 5752 492 5849 Gyelzow,
528 5756 664 5826 ratione
700 5755 797 5825 cuins
834 5754 1004 5844 decimae,
1041 5754 1186 5845 quilibet
1213 5755 1335 5824 haeres
1363 5760 1398 5825 00
1425 5774 1606 5843 possessor
1631 5750 1809 5843 praelatae

257 5878 361 5951 villae
388 5877 738 5969 Pravvyancnyn,
766 5882 821 5947 est
848 5875 994 5947 collator
1020 5882 1056 5947 ot
1082 5881 1251 5965 patronus
1278 5874 1443 5947 ecclesiae
1470 5874 1506 5945 in
1534 5871 1564 5943 G
1574 5872 1756 5964 yelzow.

890 6100 1179 6175 Vnseuoczsro.

237 6332 239 6337 y
360 6242 532 6336 Oppidum
559 6244 658 6315 iuxta
683 6236 822 6313 llvivinm
850 6241 1082 6333 Kamyona
1108 6240 1223 6330 situm,
1251 6238 1343 6310 circa
1370 6258 1469 6329 quem
1489 6245 1543 6311 est
1561 6239 1808 6311 monasterinm

255 6369 411 6459 insigne,
437 6367 481 6438 ab
518 6366 644 6457 oppido
672 6363 1018 6434 Wanclrocaslvo
1046 6362 1162 6452 aliqua
1189 6360 1355 6432 distantia
1381 6361 1580 6432 distinctum
1608 6366 1644 6431 et
1669 6380 1809 6451 separa·

254 6496 340 6581 tum,
367 6496 404 6561 et
430 6489 510 6562 alba
534 6488 741 6560 fabricatum
769 6488 876 6575 petra,
904 6484 1074 6575 quadrato
1098 6502 1203 6574 opere
1229 6482 1330 6573 iacta,
1360 6483 1457 6553 cuius
1475 6482 1579 6554 etiam
1598 6481 1703 6553 cellae
1721 6482 1810 6555 reie-

254 6610 433 6689 conseo
458 6610 548 6683 aliae
575 6608 734 6683 cilicinae
761 6604 988 6697 coenobiales,
1015 6605 1142 6696 partim
1170 6625 1213 6676 ex
1241 6609 1350 6696 petra,
1373 6603 1500 6695 partim
1520 6624 1562 6677 ex
1581 6609 1679 6677 cocto
1697 6604 1808 6677 latere
