4200 8342
658 1872 903 1956 Praebenda
938 1876 977 1955 ln
1012 1875 1274 1983 Rythwyani.
1331 1882 1333 1887 '

281 2110 355 2183 Suh
385 2116 500 2185 castro
535 2110 815 2204 Rythwyani
841 2114 928 2205 aito,
965 2114 1075 2187 Beato
1109 2117 1253 2206 martyri
1291 2115 1483 2188 Adalherto
1510 2122 1546 2189 et
1571 2117 1727 2207 pontifici

175 2232 373 2305 manum
389 2232 464 2305 eius
481 2232 635 2323 ligneum
660 2232 812 2305 dicatum
838 2240 903 2327 est,
928 2254 992 2325 per
1010 2234 1194 2308 Albertum
1220 2236 1243 2309 J
1254 2239 1619 2328 astrzamhyecz,
1645 2244 1728 2329 tnnc

175 2352 377 2445 upheopnm
403 2352 675 2445 Oraoomensem,
702 2354 746 2427 de
772 2376 893 2428 mensa
918 2356 1105 2447 episcopali
1123 2356 1345 2431 cracoviensi
1372 2358 1501 2430 dotata.
1528 2357 1633 2429 Cuius
1652 2362 1728 2430 uni-

263 2474 390 2547 haereu
415 2480 454 2547 et
477 2480 646 2567 patronus
672 2474 856 2548 Johannes·
878 2476 1163 2569 Rythwensh
1172 2499 1196 2570 y
1222 2478 1265 2549 de
1292 2478 1529 2550 Lubniczo
1555 2478 1728 2569 palatinus

290 2595 419 2667 niensis
441 2594 612 2669 dedomo
638 2596 951 2688 Accipitrum3
979 2598 1076 2670 cuius
1102 2599 1375 2689 praebendarius
1401 2598 1578 2672 lohannes
1604 2598 1729 2672 Scze-

175 2716 430 2815 pgaczslffi
455 2717 553 2795 cuius
580 2716 762 2808 institutio,
789 2719 910 2808 uigore
934 2708 1159 2808 fundationis,
1186 2719 1230 2791 ad
1248 2721 1399 2810 priorem
1425 2740 1490 2810 pro
1510 2726 1666 2810 tempore
1693 2721 1729 2791 iu

175 2836 466 2911 Bansohoua
490 2839 662 2931 pertinet,
698 2839 796 2912 culus
821 2845 1030 2930 proventus:
1066 2840 1192 2931 primo,
1219 2841 1327 2914 habet
1353 2860 1523 2930 expensas
1551 2842 1587 2912 in
1613 2846 1728 2913 castro

175 2956 458 3051 Rpthwyani
492 2966 529 3032 et
554 2980 615 3033 sex
641 2979 749 3051 panes
775 2966 813 3033 et
837 2982 944 3034 unum
971 2960 1129 3053 quartale
1156 2962 1323 3035 cervisiae
1349 2962 1496 3052 singulis
1523 2961 1664 3051 dicbus,
1693 2967 1729 3033 ct

175 3078 267 3153 unm
294 3078 456 3153 decimas.

283 3198 524 3293 Ounnmow,
560 3202 625 3275 suh
652 3203 819 3294 parochia
845 3200 889 3275 de
918 3202 1109 3277 Zhorow
1136 3204 1221 3295 sita,
1262 3204 1359 3276 cuius
1393 3204 1517 3275 haeres
1551 3201 1729 3275 lohannes

177 3322 516 3414 Rythwyenslri
534 3323 710 3415 palatinus
727 3324 976 3397 cmooviensir.
1003 3324 1043 3396 In
1064 3345 1132 3416 qua
1148 3326 1240 3397 lanei
1259 3324 1503 3415 cmethonales,
1521 3318 1606 3397 iton
1623 3347 1728 3397 unum

178 3444 370 3535 praedium,
396 3444 481 3517 ilem
506 3445 683 3535 tabernae,
709 3446 794 3517 item
812 3445 1031 3519 hortulauiae
1049 3446 1218 3519 habentes
1245 3464 1359 3537 agros,
1385 3446 1469 3519 Item
1487 3446 1730 3535 molendinum,

179 3564 224 3637 de
250 3566 378 3657 quitus
404 3565 563 3639 omnibus
598 3566 747 3639 solvitur
772 3572 809 3639 et
832 3568 1040 3649 conducitur
1076 3568 1209 3639 decima
1239 3566 1465 3658 manipularis
1491 3573 1528 3639 et
1554 3566 1730 3657 canapalis

180 3706 244 3779 pru
270 3687 531 3777 praebendula
558 3686 590 3759 R
598 3688 721 3779 ythw
729 3689 856 3779 yani,
883 3694 920 3761 et
944 3688 1044 3761 valor
1070 3690 1144 3761 eius
1171 3688 1215 3760 ad
1242 3690 1366 3779 viginti
1392 3708 1535 3763 marcas.
1562 3688 1650 3761 Item
1677 3692 1730 3759 est

179 3807 239 3881 ihi·
254 3827 347 3881 nnus
373 3828 514 3899 campus
540 3808 737 3900 praedialis,
763 3810 806 3881 de
825 3829 893 3900 quo
911 3810 1003 3882 tollit
1029 3809 1197 3883 decimam
1215 3811 1465 3900 manipularem
1483 3810 1730 3883 monasterium

181 3928 216 3999 in
241 3928 532 4003 Bansszowa.

223 4090 229 4097 -
283 4048 532 4141 Koruuszow,
558 4049 643 4124 villa
668 4050 800 4123 hahens
826 4050 864 4122 in
880 4070 920 4123 se
944 4050 1178 4141 parochialem
1204 4052 1383 4123 ecclesiam
1410 4051 1568 4142 ligneam.
1594 4050 1635 4122 In
1663 4070 1731 4140 qua

182 4176 264 4245 unni
289 4170 383 4243 lanei
409 4171 653 4264 emethonalea,
680 4173 763 4244 imm
789 4172 967 4263 tabernae,
992 4173 1077 4245 Item
1103 4173 1332 4263 hortulaniae,
1359 4172 1546 4264 dequibus
1572 4172 1730 4243 omnihus

218 4272 229 4389 J
257 4292 331 4395 ..r
364 4298 403 4364 et
427 4292 631 4366 conducitur
665 4293 801 4365 decima
835 4293 1062 4383 manipularis
1089 4298 1124 4364 et
1150 4294 1325 4383 canapalis
1360 4313 1424 4383 pro
1461 4292 1659 4385 praebenda
1677 4293 1731 4362 ·In

180 4396 476 4511 ΒΗηαιιί,
502 4421 539 4486 et
563 4414 664 4488 valor·
688 4416 764 4486 eius
791 4414 997 4487 aestimatur
1022 4414 1068 4487 ad
1095 4415 1289 4505 quindecim
1316 4435 1461 4489 marcas.
1505 4414 1612 4505 Item,
1638 4413 1730 4485 idem

177 4535 454 4625 praehendarius
480 4557 544 4627 pro
570 4542 726 4627 tempore
753 4536 913 4626 quilibet,
939 4542 1080 4608 tenetur
1107 4536 1253 4626 singulis
1280 4537 1481 4627 septimanis
1508 4541 1581 4608 tres
1609 4535 1731 4607 missas

175 4652 319 4749 legere,
354 4662 416 4730 aut
441 4658 477 4729 in
504 4658 674 4747 oratorio,
709 4658 832 4728 autin
859 4663 984 4729 castro.
1029 4658 1118 4730 ltem
1144 4657 1251 4729 hahet
1277 4659 1453 4749 propriam
1481 4657 1619 4729 domum
1646 4656 1730 4727 satis

175 4754 363 4869 putaram
389 4783 425 4850 et
451 4779 633 4852 honestam
659 4778 696 4850 iu
722 4776 1020 4871 Bythwyani,
1045 4784 1083 4851 et
1098 4777 1238 4853 hortum
1257 4777 1368 4851 eidem
1387 4778 1504 4851 domui
1522 4778 1730 4867 contIguum.

856 4898 1067 4971 Scurnaow.
1341 4918 1344 4923 ·

238 5072 242 5077 -
287 5014 461 5117 Oppidum
486 5012 630 5112 regium,
657 5040 680 5092 a
708 5017 878 5092 Gasimiro
905 5019 1066 5109 secundo,
1093 5017 1258 5091 Poloniae
1284 5038 1367 5109 rege
1394 5017 1522 5090 illustri
1548 5020 1730 5107 muratum,

176 5162 204 5215 a
228 5138 412 5215 Vladislao
438 5162 522 5213 uero
548 5140 687 5213 Loktelr
714 5139 879 5213 Poloniae
904 5158 987 5229 rege
1022 5139 1173 5213 secundo
1208 5137 1407 5229 fundatum,
1442 5145 1543 5229 patre
1578 5135 1731 5211 eiusdem

175 5252 364 5354 wluin,
396 5262 433 5334 ln
460 5282 528 5352 quo
555 5267 610 5335 est
635 5262 783 5335 ecclesIa
814 5260 1043 5353 parochIalis,
1079 5258 1205 5333 Sancto
1232 5259 1412 5332 Vindialao
1438 5260 1515 5349 regi
1540 5257 1669 5348 dicata,
1696 5263 1733 5329 et

179 5402 246 5475 per
272 5382 467 5475 praelatum
495 5382 700 5455 Gasimirum
726 5381 913 5455 secundum
939 5380 1105 5455 Poloniae
1132 5400 1249 5471 regem
1286 5381 1401 5454 coctili
1428 5401 1527 5453 muro
1553 5379 1733 5454 fabricata.

180 5502 292 5589 mm
316 5524 408 5577 nunc
432 5504 721 5577 Bartholomaeus
747 5503 931 5595 presbyter
955 5508 1012 5577 eat
1036 5503 1216 5594 plebanus.
1241 5501 1282 5574 In
1301 5523 1369 5593 quo
1389 5506 1470 5575 sunt
1487 5507 1624 5574 centum
1642 5501 1733 5571 lanei

181 5624 445 5719 oppidanorum,
471 5625 516 5697 de
542 5626 667 5716 quibua
693 5626 852 5697 omnihus
879 5625 1009 5717 absque
1040 5624 1287 5714 diminutione,
1314 5624 1461 5697 solvitur
1487 5622 1621 5693 decima
1647 5620 1734 5691 dun-

181 5752 284 5819 luat
308 5745 553 5838 mampularia,
593 5746 793 5837 canapalem
820 5746 911 5818 euim
937 5767 1006 5818 non
1033 5746 1174 5819 solvunt
1200 5747 1244 5817 ab
1271 5746 1433 5835 antiquo,
1469 5746 1504 5813 et
1531 5740 1733 5815 conducitur

182 5886 249 5959 pro
275 5866 475 5959 praebenda
499 5866 780 5958 SaudomIriensi,
807 5887 896 5958 quae
914 5866 1312 5958 vocaturZayanczsha,
1339 5868 1374 5937 ct
1400 5862 1500 5935 valor
1527 5861 1601 5934 eius
1628 5860 1733 5931 aesti-

184 5990 301 6061 ὕων
326 5988 372 6061 ad
398 5988 638 6080 quadraginta,
665 5988 851 6079 aliquando
869 5987 916 6059 ad
933 5988 1185 6077 quinquaginta
1210 6004 1354 6056 marcas.
1380 5982 1467 6054 Item
1485 5987 1540 6054 est
1558 5982 1594 6053 in
1612 5981 1733 6053 eodem

181 6092 314 6203 &ido
340 6110 532 6199 advocatia,
558 6129 647 6200 quae
664 6109 709 6181 de
726 6107 877 6199 propriis
903 6108 1007 6199 angs,
1035 6108 1128 6179 ultra
1154 6124 1257 6195 agros
1276 6108 1312 6176 et
1328 6103 1448 6176 laneos
1475 6102 1734 6193 oppidanorum,

187 6230 385 6323 modium
410 6232 518 6305 hahet
543 6252 605 6304 serr
631 6230 759 6320 lancos,
785 6227 829 6299 de
856 6228 982 6319 quihus
1008 6227 1167 6299 omnibus
1197 6224 1366 6296 decimam
1393 6224 1640 6315 manipularem
1667 6223 1735 6294 sol-

185 6350 239 6425 ru
263 6351 431 6425 ecclesiae
465 6352 658 6444 parochiali
692 6352 728 6421 in
755 6348 1008 6438 Schidlow,
1042 6352 1079 6419 et
1109 6346 1208 6420 valor
1243 6346 1319 6418 cius
1354 6347 1559 6419 aestimatur
1593 6344 1639 6416 ad
1674 6364 1735 6415 soa

190 6490 331 6553 aaran.
374 6470 464 6552 lton
490 6472 670 6566 praedium
696 6470 746 6541 ihi
772 6470 925 6559 regium,
964 6468 1008 6540 de
1035 6487 1103 6559 quo
1129 6467 1322 6539 decimatur
1348 6467 1514 6539 ecclesiae
1541 6467 1576 6537 in
1613 6464 1734 6536 Schi-

191 6590 322 6686 dlnu,
348 6600 386 6667 et
411 6594 511 6668 valor
536 6595 612 6665 eins
638 6591 683 6663 od
701 6644 816 6663 .....
842 6590 931 6661 Item
957 6588 1079 6660 eadem
1106 6588 1251 6660 ecclesia
1278 6587 1382 6659 hahet
1408 6606 1472 6677 pro
1499 6609 1561 6659 suo
1592 6585 1734 6678 praedio
