4200 8342
306 1606 378 1681 ‘252

312 1814 472 1903 episcopo
498 1808 738 1898 cracoviensi,
771 1814 809 1881 et
835 1807 933 1880 valer
960 1808 1035 1879 eius
1063 1806 1267 1879 aestimatur
1303 1807 1347 1879 ad
1375 1807 1461 1880 duas
1487 1826 1642 1895 marcas3
1677 1805 1721 1878 de
1746 1808 1840 1879 altera

310 1955 394 2006 vero
420 1932 614 2020 medietate,
640 1929 762 2001 maiori
789 1928 960 2019 videlicet,
987 1928 1136 2001 solvitur
1162 1934 1198 2000 et
1224 1927 1430 2001 conducitur
1456 1926 1670 2001 monasterio
1696 1933 1733 2000 et
1759 1949 1841 2000 saue·

306 2052 539 2125 timouialibus
575 2051 610 2122 in
647 2050 854 2141 Antiqua
889 2047 1111 2139 Saudecz,
1147 2049 1245 2122 cuius
1271 2048 1370 2121 valor
1397 2048 1442 2121 ad
1469 2049 1557 2121 duas
1593 2068 1729 2121 marcas
1754 2049 1843 2121 aesti-

306 2179 430 2246 matur.
456 2172 545 2243 Item
572 2170 620 2243 ibi
648 2170 835 2260 praedium,
862 2169 946 2244 item
972 2169 1149 2259 tabernae,
1177 2169 1261 2241 item
1289 2167 1546 2243 hortulaniae...

367 2378 371 2383 ,
407 2292 628 2382 Zaconzrn,
664 2290 749 2364 villa
773 2291 837 2363 sub
864 2290 1030 2383 parochia
1056 2290 1100 2362 de
1134 2289 1375 2365 Lancesko
1411 2289 1498 2381 sita,
1534 2288 1634 2365 cuius
1661 2290 1847 2381 proprietas

306 2415 350 2487 ad
377 2412 655 2486 sanctimoniales
682 2409 857 2502 praefatas
884 2410 1046 2501 pertinet.
1072 2410 1112 2483 Iu
1140 2429 1210 2503 qua
1235 2430 1296 2489 sex
1323 2409 1415 2483 lanei
1441 2410 1688 2501 emethonales,
1715 2409 1758 2482 de
1783 2412 1848 2501 qui-

304 2539 373 2608 bus
400 2534 549 2627 solvitur
575 2538 611 2605 et
637 2531 840 2605 conducitur
866 2530 1000 2604 decima
1025 2530 1253 2622 manipularis
1268 2536 1306 2607 et
1323 2530 1500 2623 canapalis
1525 2552 1591 2625 pro
1618 2530 1851 2605 muctimonia·

307 2656 398 2728 libus
425 2653 736 2744 Sandeczensibus,
763 2659 800 2726 et
825 2652 925 2727 valan
950 2651 1026 2725 eius
1052 2652 1258 2725 aestiumtur
1284 2653 1329 2726 ad
1357 2652 1509 2745 quinque
1536 2672 1693 2744 marcas,
1720 2660 1851 2744 praeter

310 2785 426 2849 nmen
452 2776 539 2848 duos
566 2774 694 2864 laneos,
720 2773 764 2847 de
790 2774 915 2865 quibus
941 2774 1134 2869 decimatur
1151 2773 1316 2847 eeclesiae
1342 2780 1380 2847 et
1396 2773 1544 2866 plebano
1571 2772 1609 2847 in
1635 2773 1853 2862 Lanezslre,

310 2900 406 2969 cuius
433 2896 532 2969 valor
557 2897 602 2970 ad
628 2915 733 2969 uuam
759 2915 977 2987 sexagenum.
1002 2892 1091 2969 item
1110 2900 1165 2968 est
1182 2894 1231 2967 ibi
1249 2894 1410 2969 scultetis
1434 2894 1568 2969 habens
1590 2915 1699 2967 unum
1726 2895 1851 2967 laneum

308 3018 454 3089 liberum
481 3023 519 3090 et
543 3015 776 3089 molendinum
803 3016 1000 3107 proprium,
1035 3014 1248 3089 et'decimat
1283 3020 1362 3089 octo
1396 3014 1547 3108 pressis¹
1568 3014 1741 3107 plebano,
1779 3014 1851 3087 iun

309 3138 488 3230 praedium
514 3158 581 3209 uon
608 3143 662 3209 est
687 3136 747 3227 ibi,
773 3137 857 3209 item
884 3136 1101 3209 hortulauiae
1127 3156 1197 3209 nou
1223 3141 1315 3209 sunt.

265 3284 270 3297 “
412 3258 710 3348 Maszuowrczn,
737 3256 822 3329 villa
848 3257 912 3330 sub
939 3256 1104 3348 parochia
1130 3257 1174 3330 de
1200 3256 1444 3333 Lanczslr'o
1470 3256 1549 3345 sita,
1576 3256 1678 3329 cuius
1705 3256 1850 3347 proprie

308 3387 363 3453 tas
389 3381 434 3451 ad
461 3378 739 3453 sanctimoniales
765 3377 1019 3451 Sandeczenses
1045 3378 1207 3469 pertinet.
1233 3377 1274 3449 In
1292 3398 1362 3473 qua
1379 3384 1460 3451 snut
1483 3372 1633 3451 sedecim
1660 3376 1756 3449 lanei
1773 3396 1850 3449 cmc-

308 3500 486 3588 tlronales,
520 3498 605 3571 itam
631 3518 701 3571 una
735 3499 881 3571 taberna
914 3499 1047 3571 habens
1074 3518 1198 3590 agros,
1232 3498 1427 3592 dequibus
1454 3476 1613 3573 omuibus
1652 3497 1850 3571 solvituret

311 3620 515 3692 conducitur
536 3618 673 3693 decima
694 3619 919 3710 manipularis
936 3624 974 3693 et
990 3619 1169 3709 emapelis
1185 3639 1249 3710 pro
1267 3619 1430 3711 episcopo
1448 3616 1683 3708 Crotoniensi,
1701 3624 1748 3691 'et
1764 3618 1850 3692 valer

308 3742 383 3814 eius
410 3739 616 3813 aestimatur
642 3740 687 3813 ad
713 3740 907 3832 quindecim
935 3760 1079 3813 marcas
1105 3739 1194 3813 Item
1220 3738 1381 3817 scoltetia
1406 3739 1456 3811 ini
1482 3759 1550 3812 non
1576 3744 1642 3830 est,
1670 3739 1756 3812 item
1782 3738 1850 3813 hor·

308 3861 460 3933 tulaniae
486 3881 555 3933 non
582 3867 672 3952 suut,
699 3861 782 3933 item
810 3860 1026 3952 praedium...

413 3982 643 4071 Scananscu,
678 3981 762 4055 villa
787 3980 853 4054 sub
877 3980 1045 4072 parochia
1070 3980 1115 4053 de
1141 3980 1383 4054 Lauczsko
1410 3981 1495 4072 sita,
1533 3981 1630 4054 euim
1662 3982 1849 4073 proprietas

307 4102 351 4175 ad
378 4102 656 4176 sanctimoniales
682 4102 844 4195 pertinet
870 4101 910 4174 lu
929 4122 1000 4193 que
1016 4107 1100 4175 sunt
1127 4102 1276 4193 quatuor
1301 4100 1393 4174 lanei
1415 4102 1662 4193 emethuuales,
1690 4101 1776 4175 item
1793 4122 1850 4175 uua

308 4224 467 4296 scoltetia
492 4224 625 4296 habeus
652 4222 740 4295 duos
765 4222 884 4295 laneos
910 4222 1056 4315 liberos,
1083 4221 1127 4295 de
1154 4221 1279 4313 quibus
1306 4222 1465 4296 omnibus
1492 4222 1641 4297 solvitur
1668 4228 1708 4295 et
1734 4222 1850 4296 condu-

308 4346 399 4416 citur
425 4343 559 4415 decima
584 4341 810 4433 manipularis
836 4348 873 4415 et
898 4342 1075 4435 canapalis
1102 4363 1166 4434 pro
1192 4343 1393 4435 episcopatu
1420 4340 1662 4433 Graeovieusi,
1698 4348 1737 4417 et
1762 4342 1850 4416 valer

309 4467 382 4535 eius
409 4465 454 4534 ad
480 4468 613 4554 septem
638 4480 774 4535 marcas
799 4462 1025 4555 aestimatum
1060 4463 1226 4538 scultetus
1252 4470 1367 4537 antem
1395 4465 1530 4538 radone
1556 4463 1734 4554 decimae,
1760 4464 1853 4539 soluit

310 4584 457 4674 plebano
485 4602 548 4655 sue
575 4587 653 4655 octo
679 4601 831 4673 grossos
858 4585 944 4657 item
969 4584 1149 4676 praedium
1176 4605 1245 4658 non
1272 4590 1337 4676 est,
1364 4586 1448 4659 item
1473 4585 1642 4659 tabaruae
1669 4607 1740 4659 nen
1769 4590 1854 4674 sunt,

310 4707 393 4777 item
420 4702 640 4776 hortulaniae
666 4723 736 4776 non
764 4709 854 4777 sunt.

414 4823 731 4917 Ocuornnrczun,
756 4824 841 4899 villa
866 4826 931 4898 sub
952 4825 1119 4917 parochia
1144 4826 1189 4899 de
1214 4826 1456 4899 Lauezslro
1483 4825 1560 4919 sita,
1587 4827 1689 4901 cuius
1706 4828 1853 4919 proprie

309 4953 363 5018 tas
389 4947 541 5038 pertinet
567 4945 612 5017 ad
639 4920 920 5019 sanctimoniales
945 4944 1130 5037 praelatas.
1156 4946 1197 5019 In
1216 4967 1284 5038 qua
1301 4952 1384 5020 suut
1410 4951 1560 5039 quatuor
1585 4946 1680 5021 lanei
1708 4948 1853 5022 emethe

308 5068 415 5157 rrales,
442 5065 485 5138 de
512 5064 638 5156 quibus
664 5066 823 5140 omnibus
850 5066 999 5140 soluitur
1015 5073 1052 5139 et
1068 5064 1273 5141 conducitur
1298 5066 1432 5142 decima
1457 5068 1685 5159 manipularis
1705 5076 1743 5143 et
1762 5090 1853 5143 cana-

308 5185 396 5275 palis
431 5207 495 5274 pro
522 5186 668 5258 ecclesia
702 5190 738 5257 et
764 5186 912 5277 plebano
948 5186 983 5257 in
1017 5186 1278 5276 Lauezsko,
1314 5188 1412 5261 euius
1448 5187 1546 5260 valor
1580 5186 1854 5261 aestimaturad

309 5309 457 5394 quatuor
484 5322 628 5396 mareas
655 5307 739 5378 item
764 5307 944 5397 praedium
972 5325 1040 5379 non
1068 5311 1130 5396 est,
1157 5307 1241 5379 item
1268 5307 1429 5381 scultetis
1455 5328 1523 5381 nou
1550 5312 1612 5399 est,
1632 5328 1755 5401 ,neque
1782 5310 1856 5383 luor-

309 5425 473 5514 tnlaulae,
500 5445 612 5515 neque
639 5426 814 5498 tabernae.

408 5544 614 5635 Wouucza
641 5545 726 5618 villa
751 5547 815 5625 sub
842 5548 1008 5638 parochia
1034 5549 1078 5621 de
1104 5548 1344 5621 Lanczslro
1370 5549 1449 5639 sita,
1476 5548 1574 5621 cuius
1596 5550 1804 5643 proprietas
1820 5550 1859 5623 sd

308 5667 566 5740 serenissimum
592 5665 757 5739 Poloniae
782 5684 900 5758 regern
925 5668 1087 5759 pertinet.
1122 5669 1162 5739 In
1190 5687 1259 5759 qua
1285 5674 1368 5741 suut
1392 5674 1467 5742 tres
1493 5670 1584 5742 lanei
1614 5670 1859 5761 emethoualea

307 5788 351 5860 de
378 5789 503 5878 quibus
530 5787 678 5861 solvitur
703 5792 742 5861 et
765 5787 969 5861 conducitur
1005 5788 1140 5873 decima
1174 5789 1399 5881 manipularis
1425 5795 1471 5865 et,
1488 5789 1666 5883 canapalis
1693 5811 1766 5883 pru
1793 5792 1860 5883 epi·

310 5914 454 5999 scopatu
482 5907 721 5998 cracoviensi,
755 5907 853 5981 curius
879 5908 978 5981 ualm
1004 5908 1049 5980 ad
1075 5912 1149 5983 tres
1175 5928 1309 5983 marcas
1340 5898 1573 6007 aestimapure.
1596 5910 1689 5983 Item
1715 5911 1767 5983 ibi
1794 5932 1858 5985 nou

307 6034 363 6100 est
389 6026 577 6120 praedium,
603 6050 673 6105 nou
698 6034 755 6103 est
780 6028 958 6119 acolt-etia,
984 6049 1053 6103 uon
1080 6035 1162 6104 sunt
1188 6028 1417 6122 hortulanise,
1443 6042 1514 6103 nou
1538 6030 1719 6123 tabernae,
1749 6051 1858 6125 neque

308 6148 551 6221 molendinum.

411 6268 673 6361 Bursauone,
699 6271 783 6343 villa
808 6270 873 6344 sub
899 6270 1064 6362 parochia
1090 6271 1133 6343 de
1158 6271 1400 6345 Lanezslro
1426 6272 1512 6361 sita,
1539 6270 1636 6345 euius
1663 6274 1860 6366 proprietas

307 6388 352 6460 ad
378 6388 659 6469 sanctimoniales
686 6389 939 6464 Saudeczenses
965 6391 1127 6483 pertinet
1154 6391 1195 6467 Iu
1213 6411 1282 6483 qua
1303 6399 1385 6467 suut
1412 6396 1562 6483 quatuor
1588 6392 1681 6467 lanei
1709 6395 1860 6469 emethe-

309 6508 423 6601 uales,
449 6510 493 6581 de
520 6509 645 6605 quibus
670 6509 816 6589 solvitur
843 6516 878 6587 et
904 6512 1110 6587 conducitur
1128 6512 1260 6588 decima
1282 6512 1515 6609 manipularis
1541 6520 1579 6591 et
1604 6515 1785 6611 canapalis
1802 6536 1863 6613 pro
