4200 8342
322 1606 396 1677 344

322 1818 418 1903 retro
445 1810 583 1882 domum
609 1808 834 1900 plebanalem,
874 1810 980 1882 alium
1006 1828 1112 1900 penes
1138 1808 1307 1899 granities
1334 1808 1436 1879 villae
1464 1806 1632 1898 Gurow,
1659 1808 1804 1880 tertium
1831 1809 1867 1881 in

321 1930 707 2022 Thargowpszka,
735 1935 896 2021 quartum
923 1930 1015 2001 inter
1040 1950 1146 2020 agros
1173 1930 1401 2019 cmethonnm‚
1428 1931 1526 2001 iuxta
1542 1929 1634 2004 uam
1652 1928 1696 2001 de
1720 1927 1865 2021 Oppo-

172 2139 175 2144 ,
319 2054 439 2125 thou
465 2052 501 2123 in
528 2048 868 2123 Sandomiriam
894 2051 1104 2123 tendentem.
1130 2051 1218 2122 Item
1237 2051 1343 2123 habet
1369 2053 1507 2141 pratum
1533 2051 1571 2121 in
1597 2050 1868 2142 Thargouy·

319 2172 439 2244 szko.
483 2171 581 2243 Item.
597 2170 704 2244 habet
731 2171 898 2261 piscinam
925 2172 1054 2244 dictam
1082 2168 1269 2262 Gayowi
1305 2170 1489 2267 stawelr.
1533 2169 1621 2241 Item
1646 2170 1753 2244 habet
1778 2170 1866 2243 dnos

317 2293 434 2383 g'ayos
469 2313 575 2363 unum
601 2312 708 2383 penes
735 2312 909 2383 campum·
927 2292 1146 2365 cmethonum
1172 2291 1308 2364 dictum·
1327 2290 1492 2381 Borza,
1527 2290 1632 2361 alium
1658 2300 1766 2381 penes
1792 2291 1867 2362 Pa-

318 2413 452 2485 wlou.
491 2409 584 2496 'itam
618 2412 726 2485 habet
761 2412 798 2484 in
825 2412 945 2485 eadem
977 2412 1063 2484 villa
1096 2411 1350 2484 Wlosthow
1388 2416 1462 2483 tres
1497 2411 1662 2483 tabernas
1696 2411 1867 2484 habentes

319 2513 431 2623 agros:
458 2533 495 2604 in
521 2553 592 2640 unp
615 2533 750 2606 locatus
776 2537 832 2606 cst
857 2532 1026 2606 Allrertns
1053 2530 1253 2623 Ozepek,
1288 2532 1325 2603 in
1352 2531 1503 2604 secunda
1527 2530 1707 2604 Iohannes
1733 2528 1866 2622 (layo

318 2653 533 2744 lyathko,
553 2653 731 2726 intertia
754 2649 1049 2744 Swyanthek,
1077 2652 1120 2725 de
1147 2673 1294 2743 qnorum
1319 2652 1415 2743 agris
1441 2651 1633 2724 decimatur
1659 2672 1724 2743 pro
1751 2652 1865 2725 archi-
1963 2685 1971 2696 ·

319 2774 503 2892 diacpnatu
529 2773 807 2848 Sondomiricnsi.

399 2893 752 2984 'Pnuozsnawuczu
778 2893 863 2965 uilla
889 2894 953 2966 sub
980 2893 1146 2985 parochia
1171 2893 1215 2964 de
1233 2891 1488 2965 Wlosthow
1513 2892 1591 2983 sila,
1615 2893 1715 2964 cuius
1741 2892 1866 2963 haeres

318 3014 495 3086 Iohannes
521 3013 620 3110 Felix
647 3013 692 3092 de
726 3014 916 3086 Tarnow
951 3014 995 3087 dc
1012 3014 1128 3086 armis
1163 3013 1353 3103 Leliwa,
1389 3012 1426 3084 in
1453 3031 1522 3104 qua
1548 3017 1630 3085 snut
1655 3012 1747 3083 lanai
1773 3032 1863 3084 cme·

322 3135 490 3207 thonales.
517 3189 579 3206 ...
603 3189 610 3205 .
1477 3191 1479 3198 .

411 3251 608 3348 ..GARWOW
633 3255 717 3327 villa
743 3256 807 3334 sub
834 3255 1000 3345 parochia
1025 3255 1069 3327 de
1094 3254 1292 3326 Malicze
1319 3254 1396 3345 sito,
1423 3254 1520 3325 cuius
1537 3253 1705 3325 medietas
1732 3252 1777 3324 od
1793 3273 1866 3324 mo-

316 3377 509 3570 merium
535 3375 861 3478 Goprzywniczense
887 3376 1059 3466 pertinet,
1085 3375 1166 3447 data
1192 3376 1303 3448 eidcm
1330 3395 1394 3467 per
1419 3373 1640 3447 Vincentium
1667 3373 1866 3464 epIscopnm

373 3487 378 3494 “
405 3517 426 3569 o
452 3485 602 3587 'ensem'
616 3497 686 3568 alla
711 3516 795 3569 vero
822 3496 989 3569 medietas
1016 3498 1170 3587 pertinet
1195 3496 1241 3569 nd
1258 3497 1386 3568 milites
1412 3495 1457 3568 de
1483 3495 1585 3568 domo
1611 3494 1798 3567 Roszae.
1824 3495 1865 3565 In

318 3519 550 3748 quisunt
576 3617 667 3688 lanei
693 3617 946 3708 cmethonales,
972 3617 1056 3690 item
1082 3617 1266 3708 tabernae,
1293 3618 1378 3689 item
1404 3616 1642 3705 hortulaniae,
1669 3613 1713 3686 de
1740 3614 1865 3706 quibus

318 3739 476 3814 omnibus
503 3737 651 3810 solvitur
677 3744 713 3811 et
740 3737 942 3811 conducitur
968 3738 1101 3810 decima
1127 3738 1352 3829 manipularis
1379 3742 1415 3809 et
1441 3736 1616 3827 canapalis
1642 3756 1706 3826 pro
1733 3734 1866 3825 episco-

316 3863 400 3947 pato
426 3855 665 3953 Gracoviensi,
692 3863 729 3930 et
755 3858 853 3931 valor
879 3859 954 3931 eius
981 3859 1187 3931 aestimatur
1214 3858 1258 3929 ad
1285 3857 1403 3931 decem
1429 3876 1574 3930 mamas.
1617 3855 1708 3927 Item
1735 3858 1790 3927 est
1815 3855 1866 3927 ihi

317 3968 661 4080 unicnmpraedium
675 3980 847 4084 militare,
874 3979 918 4052 de
944 3980 1069 4070 quillus
1094 3979 1287 4052 decimatur
1314 3979 1478 4051 ecclesiae
1505 3979 1541 4049 in
1568 3975 1833 4050 Wlosthow.
1985 4009 1989 4018 ·

427 4083 638 4192 Iunonum,
662 4071 757 4208 'iilia
795 4101 860 4173 sub
886 4100 1054 4192 parochia
1088 4100 1254 4174 ecclesiae
1289 4099 1332 4172 de
1358 4098 1610 4173 Wlosthou
1649 4097 1735 4187 sita,
1770 4096 1867 4169 curius

315 4219 483 4293 haeredes
509 4215 683 4296 Nicolaus‘
701 4228 738 4294 et
763 4221 898 4293 Petrus
914 4221 958 4293 de
975 4222 1083 4293 armis
1109 4227 1146 4295 et
1167 4220 1297 4293 familia
1321 4220 1346 4293 J
1355 4221 1505 4292 anina
1531 4220 1572 4291 In
1589 4237 1658 4311 qua
1675 4222 1758 4289 sunt
1773 4217 1866 4289 lanei

318 4341 562 4436 cmothonples,
590 4344 675 4415 item
698 4342 874 4436 tabernae,
901 4343 985 4415 item
1011 4342 1243 4433 hortulaniae,
1269 4343 1354 4414 item
1371 4363 1477 4414 unum
1495 4340 1675 4432 praedium
1702 4339 1863 4428 militare,

205 4541 208 4552 Ι
317 4460 360 4531 de
387 4461 511 4551 quinus
548 4464 709 4536 omnibus
741 4463 889 4535 solvitur
915 4467 952 4535 el
977 4463 1183 4537 conducitur
1208 4462 1342 4536 decima
1374 4462 1598 4553 manipularis
1625 4466 1662 4534 et
1688 4459 1864 4550 canapalis

181 4623 193 4654 ·,
315 4600 380 4671 pro
405 4583 552 4776 echffm
578 4584 613 4654 in
641 4583 913 4680 Wlosthop,
939 4590 976 4658 et
1002 4586 1102 4658 valor
1127 4585 1202 4657 eius
1228 4583 1504 4658 aestimaturad
1523 4636 1638 4653 .....

509 4723 591 4795 unu,
618 4692 700 4777 uilla
717 4704 782 4777 sub
799 4707 964 4802 parochia
981 4706 1024 4778 de
1041 4705 1107 4777 Wl
1118 4728 1138 4778 o
1149 4705 1295 4778 sthow
1314 4705 1392 4795 sita,
1410 4704 1507 4780 cuius
1525 4705 1687 4776 haeres...
1713 4699 1861 4792 Gamy-
1923 4756 1929 4764 .

316 4809 537 4917 ansius&
564 4846 632 4917 qua
658 4830 740 4898 suut
764 4825 857 4898 lanei
884 4827 1128 4919 antemurales,
1154 4827 1238 4899 item
1260 4827 1436 4916 tabernae,
1463 4826 1546 4897 item
1563 4823 1790 4914 hortulaniae,
1817 4824 1861 4896 de

316 4946 439 5036 quilius
464 4945 625 5020 omnibus
652 4946 800 5019 solvitur
826 4951 863 5019 et
888 4947 1093 5020 conducitur
1119 4947 1252 5020 decIma
1278 4945 1505 5037 manipularis
1531 4949 1569 5017 et
1594 4944 1770 5035 canapalis
1796 4965 1860 5036 pro

315 5067 517 5157 episcopatu
543 5063 775 5158 macomeria,
791 5056 900 5140 ¹cuius
923 5048 1025 5140 'valor
1050 5069 1256 5142 aestimatur
1283 5067 1327 5139 ad
1354 5072 1427 5139 tres
1454 5085 1596 5138 marcas.
1622 5064 1712 5137 Item
1738 5071 1793 5138 eat
1813 5066 1864 5139 ibi

315 5169 915 5379 unichpraediuQmilitaroede
942 5212 1011 5281 quo
1037 5190 1230 5262 decimatur
1255 5187 1421 5262 ecclesiae
1446 5186 1771 5259 m—wlosthou.

290 5384 293 5390 ,
479 5327 632 5399 eunom,
664 5309 749 5381 uilla
784 5309 848 5384 sul)
874 5283 1041 5402 parochia
1076 5309 1120 5383 de
1146 5308 1403 5382 Wlosthow
1431 5308 1523 5398 uita,
1558 5307 1656 5380 cuius
1686 5306 1862 5406 haeredpp:

315 5427 500 5536 Johannep
519 5432 556 5500 et
581 5427 707 5502 Petrus
734 5429 1100 5522 Olszbankouye
1125 5430 1263 5520 tratres,
1290 5429 1335 5502 de
1352 5428 1453 5503 domo
1472 5433 1509 5500 et
1525 5427 1656 5500 familia
1681 5409 1862 5500 Ianira.

315 5547 356 5619 In
383 5568 452 5639 qua
478 5555 559 5622 sunt
584 5547 676 5622 lanei
703 5551 950 5641 cmethonales‚
985 5552 1070 5623 item
1096 5541 1274 5641 tabernae,
1300 5549 1385 5624 item
1409 5549 1639 5639 homulaniae,
1665 5548 1709 5621 de
1736 5549 1862 5640 quidm

163 5685 173 5702 ⁸
315 5671 473 5744 omnibns
499 5671 645 5744 solvitur
671 5678 708 5743 et
734 5672 936 5745 conducitur
962 5653 1408 5770 decimagppan'uulnrisret
1433 5670 1607 5762 canapalia
1632 5689 1697 5763 pro
1715 5670 1863 5743 ecclesia

314 5792 350 5862 ln
377 5791 649 5885 chsthou,
680 5799 718 5866 et
743 5794 842 5866 udor
867 5794 941 5865 eius
968 5771 1379 5884 aestimatur-nde.÷'.·..
1884 5887 1886 5893 Ι

417 5912 564 6003 Concu,
590 5914 673 5988 uilla
699 5916 763 5987 sub
790 5914 955 6004 parochia
981 5913 1027 5987 da
1051 5911 1306 6052 Qioolhow
1331 5915 1409 6004 sita,
1436 5913 1532 5986 cuius
1559 5913 1682 5986 haeres
1700 5910 1862 5986 Andreas

314 6032 629 6127 Lowynyczky
664 6035 716 6122 du·
735 6035 836 6107 domo
863 6035 1182 6126 Bippenni'nm.
1225 6036 1267 6107 Iu
1294 6034 1362 6132 qua
1387 6031 1481 6128 sm<
1574 6034 1588 6105 i
1614 6034 1860 6126 emathonales,

314 6153 397 6226 item
424 6156 608 6246 tabernae,
643 6157 726 6228 item
754 6157 992 6246 hortulaniae,
1025 6157 1108 6227 item
1134 6177 1238 6229 unum
1264 6178 1288 6249 p
1348 6157 1384 6260 Ι·
1419 6255 1421 6260 Ι
1457 6193 1473 6240 ·.
1531 6155 1629 6247 itare,
1664 6154 1860 6247 dequibus

315 6277 471 6349 omnibns
498 6278 644 6350 solvitur
670 6283 706 6349 et
733 6278 936 6372 conducitur
962 6277 1096 6349 decima
1122 6279 1362 6370 manipularis.
1402 6359 1428 6370 ἢ
1533 6279 1598 6352 alis
1624 6298 1688 6370 pro
1715 6277 1863 6352 ecclesia

314 6400 349 6469 in
377 6377 639 6490 Wlosthow,
666 6403 703 6471 et
728 6399 827 6472 valor
852 6399 1161 6474 eius-'aestimatur
1187 6399 1231 6472 ad
1250 6456 1258 6472 .
1277 6455 1284 6471 .
1303 6456 1311 6471 .
1330 6455 1337 6471 .
1356 6381 1366 6471 .’
1492 6389 1529 6462 .“”
1624 6403 1656 6474 d

417 6519 630 6613 Gozalena,
666 6521 749 6593 villa
775 6519 916 6597 haband
932 6522 1033 6597 iu·se
1060 6522 1238 6597 ecclesiam
1266 6520 1509 6613 parochidem,
1534 6520 1650 6617 lapide
1676 6475 1860 6613 mdratom
1925 6483 1969 6572 *s
