4200 8342
256 1294 392 1371 villae
418 1296 553 1373 hebens
577 1316 702 1391 agros,
735 1297 820 1375 itorn
847 1306 921 1373 tres
947 1298 1167 1375 hortulaniae
1202 1299 1239 1375 in
1265 1299 1386 1375 mem
1414 1300 1497 1377 uilla
1533 1301 1702 1377 babentes
1728 1324 1842 1395 agros,

256 1420 627 1515 adsumsimus·
645 1420 812 1503 eoelesno
837 1420 1073 1515 pertibeutes,
1108 1429 1145 1497 et
1170 1424 1214 1495 de
1237 1424 1389 1501 taberna
1422 1423 1572 1503 soluitur
1606 1446 1676 1499 uun
1710 1446 1842 1517 msrcsp

259 1542 448 1633 quilibet
463 1548 582 1617 antem
614 1542 823 1621 hortulanus
858 1544 965 1619 solvit
989 1566 1096 1617 nuum
1131 1544 1301 1631 fertonem
1328 1552 1364 1619 et
1391 1544 1527 1619 laborat
1552 1567 1659 1622 nuum
1685 1547 1776 1621 diem
1805 1549 1840 1619 iu

265 1654 485 1755 septimana
509 1664 627 1757 pedes
648 1706 658 1735 -.
1359 1704 1361 1711 ·
1819 1740 1821 1745 .

392 1784 617 1859 offertorium
642 1808 713 1858 non
739 1807 884 1877 parvum
914 1789 1076 1876 provenit
1102 1788 1137 1860 in
1165 1789 1278 1859 tribus
1304 1788 1404 1859 lestis
1431 1789 1639 1880 praecipuis,
1677 1790 1840 1863 videlicet

272 1906 320 1979 in
349 1906 444 1980 lento
469 1912 618 2000 auoque
644 1906 765 1980 Sancti
790 1907 955 1981 stanislai
981 1909 1153 2000 passionis
1172 1917 1209 1980 et
1226 1909 1477 1999 translationis,
1504 1918 1541 1981 et
1559 1910 1689 1982 Beatae
1707 1911 1842 1983 Mariae

277 2026 539 2119 Magdalenae,
564 2030 663 2101 cuius
689 2030 813 2101 honori
839 2037 1025 2120 antequam
1054 2031 1184 2103 Beatus
1211 2030 1405 2103 Stauislaus
1431 2032 1467 2103 in
1494 2032 1570 2103 rico
1597 2032 1657 2102 illo
1684 2053 1843 2105 nascere

278 2154 355 2239 tur,
382 2150 532 2223 ecclesia
556 2150 618 2222 illa
642 2150 710 2223 fuit
735 2151 852 2224 dicata
869 2158 1014 2242 propter
1039 2172 1199 2243 inagnam
1217 2152 1447 2244 frequentiam
1467 2152 1596 2243 populi,
1623 2174 1712 2243 quae
1730 2153 1841 2226 locum

282 2270 386 2343 illum
400 2272 504 2343 solet
528 2273 682 2347 visitare.

393 2392 551 2484 Uaccus,
576 2395 743 2486 oppidum
768 2395 915 2487 regium,
942 2396 1074 2469 habens
1101 2395 1336 2486 parochialem
1359 2395 1538 2467 ecclesiam
1557 2396 1592 2467 in
1612 2417 1658 2487 se,
1685 2417 1728 2468 ex
1746 2397 1842 2468 cuius

285 2514 453 2587 theloneo
479 2514 680 2590 vladislaus
706 2516 884 2593 &condus
910 2516 1077 2589 Poloniae
1104 2539 1185 2607 rex,
1222 2519 1280 2607 qui
1307 2518 1419 2589 locum
1446 2517 1611 2589 ecclesiae
1639 2518 1674 2590 iu
1715 2516 1842 2589 Scze-

287 2656 448 2725 pauow
468 2634 547 2723 ¹lere
573 2638 720 2728 siugulis
747 2638 1033 2729 quadragesimis,
1061 2660 1138 2710 cum
1165 2660 1291 2729 magna
1319 2638 1514 2712 devotione·
1530 2630 1665 2739 solebat
1681 2636 1843 2730 frequen-

288 2764 378 2847 tare,
402 2764 441 2829 et
465 2758 523 2831 die
547 2760 686 2849 integro
712 2760 747 2831 in
774 2760 993 2835 orationibus
1026 2760 1124 2831 doxis
1159 2760 1305 2851 genibus
1332 2761 1543 2851 consistere,
1577 2781 1616 2831 se
1643 2781 1778 2851 quoqne
1805 2766 1841 2833 et

289 2898 434 2971 regum
460 2886 498 2953 ct
522 2881 688 2973 populum
715 2902 814 2953 snum
841 2882 1048 2953 Beatissimo
1075 2882 1249 2953 Stnnislao
1275 2882 1436 2972 precibus
1463 2880 1663 2971 profundis,
1690 2889 1727 2952 et
1754 2880 1841 2955 edeo

290 2982 474 3092 coutinuis,
500 3004 580 3073 uta
597 3001 766 3075 militibus
791 3003 938 3093 singulis
964 3002 1133 3091 desertus,
1161 3002 1254 3074 solus
1282 3004 1317 3073 iu
1344 3002 1490 3073 ecclesia
1517 3007 1722 3092 remaneret,
1748 3022 1841 3073 com·

282 3108 472 3213 'mendara
506 3121 624 3213 decern
659 3143 795 3195 marcos
831 3143 954 3195 census
988 3124 1150 3213 perpetui
1184 3131 1221 3195 et
1247 3124 1352 3194 annui
1387 3123 1579 3195 donaverat
1615 3122 1778 3195 ecclesiae
1806 3124 1841 3195 in

290 3239 583 3334 Scaopanow,
609 3244 750 3335 cognita
775 3245 849 3316 sius
876 3246 1054 3334 munitate,
1082 3251 1118 3317 et
1143 3244 1253 3315 literis
1280 3245 1515 3337 inscripserat.
1542 3244 1583 3315 ln
1601 3245 1698 3316 cuius
1718 3264 1841 3318 census

288 3366 507 3451 possessione
523 3365 670 3437 ecclesia
686 3366 723 3437 iu
749 3363 1024 3456 Sczepanou
1050 3366 1117 3439 luit
1134 3367 1233 3441 annis
1251 3366 1380 3455 multis;
1407 3365 1564 3439 Clemens
1583 3372 1698 3437 tamen
1718 3364 1840 3439 Wan-

289 3485 465 3577 troplra
490 3486 533 3558 de
559 3484 803 3559 Strzelcze
830 3489 997 3560 dedomo
1024 3486 1135 3577 Oxa,
1162 3509 1267 3560 censu
1286 3487 1481 3560 huiusmodi
1501 3487 1619 3559 decem
1637 3507 1841 3578 marcarum,

285 3612 320 3700 et
347 3606 416 3679 dlii
442 3606 502 3679 sni-
523 3613 560 3693 et
585 3615 744 3701 nepotes,
769 3610 926 3699 cognito,
954 3609 1046 3700 qnod
1073 3608 1241 3699 plebanus
1277 3608 1496 3699 privilegium
1532 3608 1721 3684 dotationis
1759 3610 1845 3679 ami·

280 3728 405 3817 usses,
419 3734 579 3819 moestas
592 3731 757 3823 oppidum
772 3730 946 3822 Usczye,
960 3732 997 3801 in
1016 3730 1227 3821 obligetioue
1246 3730 1453 3820 spoliamut,
1468 3729 1651 3801 tolerando
1670 3750 1844 3803 censuras.

393 3848 646 3941 Woxomcar,
672 3852 757 3925 villa
782 3854 848 3925 sub
874 3852 1040 3942 parochia
1067 3852 1110 3923 de
1137 3851 1411 3944 Sczepnnou
1439 3852 1522 3942 sita,
1559 3852 1656 3924 cuius
1683 3853 1842 3943 proprie-

270 3974 339 4053 tas
369 3968 419 4043 nd
442 3972 681 4063 episcopatum
708 3972 971 4047 Cracoriensem
997 3974 1161 4062 pertinet.
1187 3972 1227 4045 ln
1247 3994 1316 4063 qua
1342 3979 1423 4045 sunt
1449 3978 1599 4065 quatuor
1625 3992 1701 4045 cum
1729 3972 1843 4045 medio

268 4088 380 4167 lanei
398 4094 644 4195 cmotbonnles,
670 4096 754 4169 item
772 4116 863 4167 unua
879 4091 991 4189 wolcqp
1009 4097 1069 4186 qui
1088 4096 1195 4167 babet
1213 4116 1317 4168 nnnm
1336 4116 1412 4167 cum
1431 4094 1545 4167 medio
1563 4094 1711 4186 laneum,
1737 4115 1841 4166 unam

270 4215 490 4304 antemon,
522 4236 628 4290 unum
654 4213 907 4308 molendinum,
933 4216 1021 4290 duas
1047 4217 1264 4289 lrortulauias
1291 4217 1460 4289 habentes
1486 4236 1610 4306 agros,
1646 4216 1689 4287 de
1717 4216 1841 4307 quibus

271 4336 451 4413 omnibus
477 4337 670 4412 decimatur
683 4360 760 4431 -pro
787 4339 949 4431 episcopo
976 4338 1209 4410 Gracoviensi.
1236 4338 1345 4409 Valor
1371 4338 1521 4429 quinque
1549 4356 1685 4408 marcae
1703 4390 1711 4405 .
1730 4391 1737 4406 .
1756 4390 1764 4405 .
1783 4390 1791 4407 .
1810 4359 1842 4425 .;

273 4458 579 4533 nolnmbntiouem
606 4465 643 4533 et
668 4462 849 4534 denarium
874 4460 992 4533 Sancti
1019 4458 1118 4533 Petri
1146 4460 1250 4533 solvit
1276 4460 1442 4531 ecclcsiae
1470 4459 1506 4530 in
1532 4457 1816 4548 Sczepanou.

297 4658 300 4663 ,
373 4578 670 4671 -Mounzuszus,
702 4583 787 4657 uilla
812 4584 877 4655 sub
904 4562 1070 4673 parochia
1096 4582 1139 4655 de
1168 4581 1443 4671 Sczepsnow
1470 4580 1558 4671 sita,
1595 4580 1692 4653 cuius
1718 4580 1843 4651 haeres

281 4700 438 4793 Spitbek
464 4702 798 4797 Melsthynsky
824 4705 868 4777 de
894 4704 997 4777 domo
1023 4703 1216 4793 Lelpua.
1252 4703 1291 4773 Iu
1320 4723 1388 4794 qua
1415 4710 1496 4774 suut
1522 4701 1614 4775 lanei
1633 4701 1842 4774 cmethoua-

283 4822 350 4915 les,
376 4824 465 4897 item
489 4844 560 4896 una
585 4828 733 4899 taberna
758 4827 902 4899 habens·
916 4848 1030 4917 agros,
1058 4826 1142 4897 item
1169 4825 1397 4913 hortulanus,
1425 4825 1508 4897 item
1536 4825 1612 4915 agri
1639 4822 1844 4913 praediales,

285 4924 350 5037 qui
375 4944 460 5017 olim
486 4952 589 5019 oram
614 4948 835 5037 scoltetiales,
862 4949 946 5021 item
972 4947 1205 5023 molendinum
1233 4947 1366 5019 habens
1392 4969 1514 5037 agros,
1542 4947 1584 5019 de
1612 4947 1736 5036 quibus
1764 4966 1843 5036 per-

286 5068 406 5163 ceptio
430 5067 586 5141 decimac
612 5056 840 5163 manipularis
866 5068 1129 5157 diversificatur,
1155 5088 1233 5140 unm
1262 5068 1306 5139 de
1333 5067 1444 5139 laneis
1471 5073 1508 5138 et
1534 5068 1628 5157 agris
1647 5116 1844 5137 ........

288 5188 441 5281 percipit
467 5189 562 5263 illam
587 5192 770 5283 episcopus
797 5174 1054 5281 Gracoviensis,
1091 5197 1126 5262 et
1153 5191 1251 5262 valor
1278 5191 1351 5262 eius
1380 5189 1585 5261 aestimatur
1620 5188 1663 5259 ad
1691 5187 1842 5277 quinque

288 5330 439 5401 marcam
464 5312 513 5384 de
534 5312 629 5401 agris
656 5334 740 5385 vero
767 5319 803 5386 et
828 5314 938 5385 laureis
957 5366 1101 5383 ......

300 5440 304 5449 “
973 5432 1171 5505 Guouuurz.

308 5576 329 5599 ··
368 5553 492 5631 -villa
525 5556 658 5631 habeus
692 5556 925 5650 parochialem
962 5555 1142 5627 ecclesiam
1178 5554 1213 5623 in
1240 5574 1295 5640 sc,
1332 5551 1459 5623 Sancto
1492 5547 1647 5621 Mortiuo
1683 5548 1842 5641 dicatam,

289 5677 399 5753 onius
423 5679 622 5772 proprietas
657 5680 702 5751 ad
729 5679 976 5752 monasterium
1011 5676 1234 5767 Thynczense
1270 5674 1429 5763 pertinet
1473 5673 1513 5745 lu
1541 5694 1622 5764 qua·
1636 5679 1717 5745 sunt
1739 5671 1844 5745 'lanei

291 5802 545 5891 cnretbonales,
580 5803 662 5875 item
690 5823 760 5874 una
786 5776 946 5873 scoltetia
980 5800 1112 5872 habens
1139 5819 1260 5887 agros,
1297 5796 1491 5888 dequibus
1528 5797 1674 5870 solvitur
1710 5797 1843 5869 decima

290 5922 520 6017 manipularis
545 5930 583 5995 et
599 5924 777 6016 canapalis
803 5944 867 6014 pro
885 5921 1030 5995 ecclesia
1047 5925 1085 5992 et
1101 5920 1249 6009 plebano
1276 5920 1350 5992 eins
1376 5920 1413 5991 in
1440 5917 1842 6011 Oppathkowicze,

291 6048 330 6123 e
352 6044 455 6123 valor?
479 6046 557 6121 eins
582 6046 788 6119 aestimatur
814 6045 859 6117 ad
878 6094 1016 6115 ......
