4200 8342
1728 1654 1802 1725 407

257 1859 297 1933 lu
323 1880 393 1951 qua
428 1865 510 1962 suut
544 1859 723 1932 duodecim
758 1859 851 1931 lanei
886 1860 1129 1932 emetbonales.
1163 1861 1250 1932 Item
1276 1859 1494 1933 hortulaniae
1522 1860 1610 1933 duae
1637 1862 1805 1935 babentes

256 2002 370 2074 agros,
396 1981 440 2054 de
466 1981 591 2073 quibus
618 1981 776 2053 omnibus
804 1982 950 2054 solvitur
976 1988 1013 2054 et
1036 1979 1238 2054 conducitur
1257 1983 1389 2054 decima
1407 1981 1631 2073 manipularis
1649 1990 1685 2055 et
1703 2007 1804 2056 cana-

256 2104 347 2197 palis
373 2124 438 2195 pro
465 2103 637 2176 decanatu
663 2100 895 2194 cracoviensi,
921 2109 958 2175 ct
985 2104 1082 2177 valor
1109 2105 1184 2177 eius
1211 2106 1416 2176 aestimatur
1433 2104 1478 2175 ad
1496 2105 1644 2177 sedecim
1663 2127 1805 2179 marcas.

224 2227 343 2298 'ltem
381 2231 463 2298 sunt
498 2225 546 2297 ibi
572 2225 641 2297 tria
668 2226 812 2319 praedia
839 2226 1021 2317 militaria,
1049 2232 1086 2298 et
1113 2226 1200 2297 duae
1226 2228 1393 2299 tabernae
1419 2227 1587 2300 babentes
1614 2249 1735 2320 agros,
1762 2229 1805 2300 'de

259 2338 388 2441 quibus
415 2347 563 2421 solvitur
581 2347 722 2420 decima
748 2348 974 2439 manipularis
1001 2348 1167 2420 ecclesiae
1193 2350 1228 2419 in
1256 2347 1519 2438 Otbwinow,
1547 2355 1583 2421 et
1610 2351 1706 2421 valor
1732 2352 1805 2422 eius

239 2469 463 2565 ‚mtimatur
487 2468 534 2542 ad
559 2488 621 2543 sea
648 2489 791 2541 marcas.
826 2469 915 2541 ltem
941 2470 1048 2541 babet
1075 2469 1161 2542 duos
1187 2470 1306 2542 laneos
1332 2492 1396 2561 pro
1423 2471 1565 2561 praedio
1592 2493 1674 2563 suo,
1701 2494 1805 2543 unum

256 2589 349 2663 inter
375 2611 479 2681 agros
504 2588 627 2664 Jacobi
654 2597 690 2663 et
715 2591 909 2663 Barteczko
938 2592 1171 2681 emethonum,
1198 2591 1302 2662 alium
1329 2614 1412 2665 vero
1440 2593 1531 2663 inter
1556 2593 1700 2684 praedia
1725 2595 1807 2665 hae·

257 2709 389 2785 redum.
415 2712 505 2785 Item
529 2712 637 2785 babet
662 2733 785 2804 agrum
811 2719 891 2802 post
917 2712 1058 2785 fluvium
1085 2713 1339 2804 Dunapeez,
1366 2714 1463 2785 iuxta
1490 2720 1648 2804 stagnum
1676 2716 1805 2786 dictum

257 2830 523 2907 Saikorske.
557 2833 646 2906 ltem
671 2834 779 2919 habet
806 2855 908 2905 uuam
934 2834 1115 2906 tabernam
1142 2835 1178 2906 in
1206 2833 1463 2924 Otbwinow,
1490 2835 1675 2907 habentem
1694 2857 1806 2927 agros,

257 2952 302 3027 te
327 2975 397 3046 qua
423 2955 491 3028 sibi
518 2956 665 3029 soluitur
691 2976 761 3028 una
787 2975 913 3027 marea.
939 2955 1026 3028 Item
1044 2956 1152 3027 babet
1168 2956 1454 3038 bortumdictum
1474 2954 1692 3050 Krzinky.
1718 2957 1806 3028 Item

258 3074 293 3147 in
320 3076 404 3150 villa
429 3077 586 3151 Konar
593 3101 616 3169 y
643 3077 750 3149 babet
776 3076 941 3148 decimam
969 3074 1179 3168 praedialem
1207 3078 1249 3148 dc
1277 3078 1394 3150 valore
1422 3100 1481 3149 sen·
1509 3098 1710 3168 marearum,
1728 3086 1807 3169 post

259 3203 408 3293 quatuor
434 3199 579 3291 praedia
602 3200 761 3272 militum.
787 3199 875 3270 Item
893 3200 930 3270 in
948 3198 1039 3271 villis
1057 3200 1293 3272 Droclrcza
1320 3206 1356 3271 et
1373 3200 1565 3272 Zabowa
1591 3201 1698 3273 babet
1716 3200 1807 3272 deci-

257 3340 332 3393 mas
357 3316 552 3413 praediales
579 3322 614 3392 in
642 3322 761 3394 valore
787 3340 846 3392 son
874 3341 1077 3393 marcarum.
1104 3321 1143 3392 ln
1171 3321 1556 3394 Przibislawiczo
1582 3323 1689 3394 babet
1715 3323 1807 3393 dcci-

256 3464 349 3517 rnam
384 3443 598 3535 praedialem
632 3445 668 3515 in
703 3445 822 3517 valore
859 3444 965 3515 trium
1000 3464 1204 3517 marcarum.
1244 3444 1333 3516 Item
1368 3446 1403 3515 in
1437 3444 1677 3516 Pirsziczc
1702 3445 1808 3516 babet

258 3564 428 3639 decimam
463 3565 673 3667 praedialem
710 3566 745 3637 in
782 3566 898 3638 valore
933 3566 1039 3638 trium
1073 3587 1275 3639 marcarum.
1314 3566 1404 3639 Item
1430 3567 1466 3636 in
1493 3566 1516 3638 J
1526 3566 1808 3639 unilrowicze

256 3686 366 3760 babet
391 3687 558 3760 decimam
583 3686 795 3779 praedialem
822 3688 858 3760 in
886 3688 1004 3761 valore
1031 3688 1133 3759 unius
1160 3709 1361 3780 sexagenae.
1388 3690 1476 3760 Item
1504 3688 1539 3758 in
1558 3685 1808 3781 Gorzvyow
1861 3734 1867 3745 ,

256 3807 366 3881 babet
400 3809 567 3882 decimam
604 3809 814 3901 praediulem
850 3810 885 3881 in
922 3810 1040 3881 valore
1076 3811 1177 3881 unius
1205 3831 1349 3881 marcae.
1390 3810 1477 3882 Item
1507 3810 1541 3880 in
1567 3810 1808 3904 Zelycbou

257 3929 367 4005 babet
391 3930 558 4003 decimam
584 3931 793 4022 praedialem
820 3931 857 4002 in
884 3931 1002 4003 valore
1030 3932 1132 4003 utrius
1159 3951 1361 4022 sexagenae.

362 4050 642 4143 Konan1,rilla
677 4053 741 4125 sub
768 4053 934 4144 parocbia
960 4052 1127 4124 ccclesiae
1154 4051 1196 4123 de
1223 4050 1467 4142 (ltpbinow
1494 4052 1579 4140 sita,
1606 4051 1702 4122 euius
1729 4071 1808 4142 pro-

260 4174 392 4267 prietas
417 4174 570 4265 pertinet
597 4174 641 4247 ad
667 4175 914 4246 monasterium
942 4179 977 4245 et
993 4175 1230 4265 praepositum
1250 4174 1284 4244 in
1305 4172 1697 4262 Krzizanowicze,
1716 4173 1809 4244 ordi-

259 4284 316 4369 uia
341 4296 742 4387 praemonstratensium.
775 4297 815 4367 In
843 4317 911 4388 qua
938 4302 1020 4368 suut
1047 4317 1107 4367 sex
1134 4295 1244 4385 lanei,
1272 4295 1315 4367 de
1342 4295 1466 4385 quibus
1494 4294 1640 4365 solvitur
1666 4301 1702 4366 et
1729 4316 1809 4365 con-

259 4416 397 4493 ducitur
423 4417 554 4490 decima
582 4418 806 4510 manipularis
834 4425 870 4491 et
896 4419 1072 4510 canapalis
1099 4438 1163 4509 pro
1190 4417 1359 4489 decanatu
1386 4416 1624 4505 Oracoviensi,
1651 4422 1687 4488 ct
1713 4417 1810 4488 valor
1853 4476 1857 4490 .

260 4539 335 4613 eius
361 4541 565 4612 aestimatur
593 4539 637 4611 ad
656 4594 840 4611 ......
892 4540 980 4612 Item
1008 4561 1077 4612 non
1104 4545 1159 4612 est
1185 4540 1232 4611 ibi
1260 4539 1438 4630 praedium
1466 4538 1674 4628 coenobiale,
1701 4560 1811 4629 neque

259 4660 443 4752 tabernae,
477 4681 588 4753 nequo
624 4661 851 4733 hortulaniae.
892 4663 978 4733 Item
1016 4667 1096 4732 sunt
1131 4662 1179 4732 ibi
1213 4667 1361 4752 quatuor
1388 4661 1531 4752 praedia
1559 4661 1739 4750 militaria,
1766 4660 1809 4731 de

259 4781 385 4874 quibus
412 4782 567 4885 solvitur,
594 4783 727 4855 decima
754 4783 980 4874 manipularis
1007 4789 1043 4854 et
1070 4783 1244 4873 canapalis
1276 4804 1340 4873 pro
1368 4784 1512 4854 ecclesia
1538 4790 1575 4854 et
1600 4783 1748 4874 plebano
1775 4783 1810 4852 in

261 4902 550 4996 Otbpbiuow.
1594 4915 1596 4924 ·

363 5024 622 5116 Nraczruczn,
649 5026 731 5098 villa
758 5028 821 5099 sub
849 5026 1015 5118 parocbia
1040 5025 1206 5098 ecclesiae
1234 5024 1275 5097 de
1303 5025 1580 5116 Otlrplrinow
1609 5027 1685 5116 sita,
1714 5026 1809 5097 cuius
1851 5092 1860 5104 ,,

260 5146 384 5219 baares
419 5147 556 5219 ratione
592 5149 715 5220 matris
749 5148 928 5219 Jobanncs
955 5147 1250 5238 Rapstlrinsk
1260 5170 1282 5239 y
1310 5145 1352 5218 dc
1381 5147 1554 5218 Graszn
1564 5146 1629 5240 ylr.
1673 5147 1712 5218 ln
1742 5171 1809 5238 qna

261 5273 343 5340 sunt
369 5269 608 5341 tantummodo
636 5269 704 5341 duo
732 5270 832 5359 lanei,
860 5269 902 5340 de
930 5270 1055 5360 quibus
1083 5268 1230 5341 solvitur
1257 5276 1293 5340 et
1320 5268 1523 5340 conducitur
1541 5269 1675 5341 decima
1702 5271 1809 5340 mani-

261 5389 393 5481 pularis
428 5395 465 5461 et
491 5390 668 5481 canapalis
692 5412 757 5481 pro
784 5391 953 5462 decanatu
981 5387 1220 5480 Gracoviensi,
1248 5397 1284 5462 ut
1311 5391 1408 5462 valor
1435 5391 1509 5462 eius
1536 5393 1742 5464 aestimatur
1767 5392 1812 5462 ad

260 5508 349 5583 dues
371 5532 516 5583 marcas.
544 5511 646 5583 Ultra
673 5517 787 5583 autem
815 5513 901 5584 istos
928 5512 1066 5602 laneca,
1093 5512 1235 5584 suntin
1263 5512 1382 5584 eadem
1410 5513 1493 5584 villa
1519 5514 1577 5584 alii
1603 5514 1695 5585 lanei
1723 5535 1811 5583 rme-

261 5632 438 5725 tbonales,
470 5633 514 5706 de
548 5634 674 5724 quibus
709 5635 859 5726 percipit
886 5634 1053 5707 decianam
1081 5635 1264 5727 episcopus
1292 5633 1541 5707 cracoviensis.
1586 5636 1674 5706 Sunt
1700 5634 1748 5705 ibi
1776 5640 1811 5704 et

261 5752 320 5826 alii
345 5754 438 5827 lanei
470 5761 508 5828 et
541 5775 611 5827 una
637 5756 785 5828 taberna
810 5756 942 5829 babens
969 5777 1091 5848 agros,
1119 5756 1163 5829 ad
1190 5756 1478 5847 praebendarium
1505 5757 1540 5827 in
1567 5755 1811 5845 Otpbinow

260 5876 484 5968 pertinentes,
511 5877 554 5948 de
583 5878 706 5969 quibus
734 5878 827 5950 solus
855 5884 891 5950 et
918 5899 1059 5952 censum
1086 5885 1123 5950 et
1148 5879 1286 5950 labores
1313 5878 1470 5969 percipit.

365 5996 527 6089 Czrzow,
555 5998 638 6071 villa
674 5999 737 6071 sub
774 5999 941 6090 parocbia
976 5999 1019 6072 dc
1045 5997 1282 6071 Othfinow
1309 5998 1394 6088 sita,
1423 5998 1520 6069 cuius
1547 5998 1670 6069 haeres
1697 5996 1812 6069 Stant-

260 6119 354 6193 slaus
380 6118 431 6191 Li
440 6141 553 6213 gaza
580 6121 623 6193 de
650 6120 751 6193 domo
778 6120 1026 6192 Polukoza.
1053 6121 1094 6192 ln
1122 6142 1190 6212 qua
1217 6126 1297 6192 sunt
1324 6140 1384 6190 sex
1411 6120 1503 6190 lanei
1526 6126 1562 6193 et
1581 6142 1649 6191 una
1667 6119 1812 6191 taberna

259 6240 394 6315 babens
428 6262 552 6334 agros,
579 6241 622 6314 de
649 6243 774 6334 quibus
802 6241 959 6314 omnibus
987 6242 1136 6315 solvitur
1162 6241 1294 6313 decima
1321 6241 1547 6333 manipularis
1574 6246 1609 6312 et
1636 6242 1811 6334 uarrapalis

253 6380 324 6455 pro
350 6361 520 6436 decanatu
545 6362 778 6453 Oracoviensi,
805 6363 902 6434 cuius
929 6364 1027 6435 valor
1053 6364 1257 6436 aestimatur
1283 6363 1327 6435 ad
1355 6368 1504 6455 quatuor
1530 6384 1672 6434 marcas.

363 6483 573 6576 Pmsz1czu,
600 6486 685 6557 villa
720 6485 784 6556 sub
819 6482 986 6574 parocbia
1012 6483 1056 6555 de
1082 6481 1318 6557 Othfinow
1345 6485 1430 6575 sita,
1457 6484 1555 6556 cuius
1581 6484 1705 6555 haeres
1732 6483 1811 6555 Na-

261 6625 400 6699 szyon
419 6605 481 6679 de
515 6604 618 6678 domo
645 6605 961 6697 Bippennium.
999 6604 1041 6677 ln
1069 6625 1138 6702 qua
1164 6611 1246 6684 sunt
1272 6611 1423 6707 quatuor
1449 6605 1542 6689 lanei
1569 6604 1810 6704 cmetbonales,
