4200 8342
1735 1619 1863 1710 (ι’

259 1843 409 1914 Thomas
431 1840 756 1935 Kazymy'rsky
791 1843 833 1914 de
861 1845 965 1915 armis
993 1842 1222 1933 Waldori,
1259 1845 1293 1914 in
1322 1864 1390 1933 qua
1417 1850 1498 1914 suut
1534 1846 1809 1934 quatuorlanei

259 1966 509 2055 anathematos,
547 1986 692 2056 quorum
720 1967 787 2035 etsi
813 1965 899 2036 duos
928 1966 1076 2036 Thomas
1103 1965 1423 2056 Kazymyrsky
1450 1965 1550 2055 colit,
1578 1965 1621 2037 de
1649 1966 1808 2038 omnibus

257 2090 372 2160 tamen
399 2086 555 2177 solvitur,
573 2094 609 2157 et
636 2086 838 2157 conducitur
867 2086 1000 2157 decima
1017 2086 1242 2175 manipularis
1260 2091 1297 2156 et
1315 2086 1491 2175 canapalis
1518 2107 1582 2176 pro
1611 2087 1810 2176 praebenda

257 2204 489 2297 Gracoviensi,
516 2228 605 2298 quae
630 2206 862 2279 Karniovvsba
888 2207 1093 2297 appellatur,
1121 2206 1216 2277 cuius
1239 2207 1338 2277 valor
1364 2207 1570 2279 aestimatur
1596 2207 1641 2278 ad
1660 2213 1808 2298 quatuor

257 2348 402 2398 marcas.
429 2328 518 2399 Item
544 2328 722 2418 tabernac,
750 2329 833 2400 item
861 2328 1088 2418 hortulaniae,
1116 2328 1199 2398 item
1225 2328 1416 2418 praedium.

886 2454 897 2469 “
965 2447 1109 2521 Gonun.

363 2569 466 2661 Villa,
493 2571 625 2643 babens
643 2571 679 2641 in
698 2591 742 2642 se·
754 2571 987 2661 parochialem
1007 2571 1186 2642 eeclesiam
1213 2571 1373 2660 ligneam,
1401 2570 1445 2641 ad
1464 2571 1631 2642 honorem
1649 2570 1809 2647 Omnium

257 2690 464 2763 Sanctorum
492 2692 650 2782 dicatam,
679 2691 776 2763 cuius
802 2690 926 2765 haeres
944 2691 1096 2764 Jacobus
1125 2691 1167 2763 de
1194 2691 1518 2781 Konieozpole
1544 2693 1587 2763 de
1615 2693 1715 2765 domo
1734 2693 1810 2765 Po-

257 2812 420 2901 bodze,
448 2813 485 2882 in
513 2833 581 2902 qua
608 2819 688 2883 suut
714 2833 775 2883 sex
800 2813 892 2884 lanei
921 2813 1169 2904 meibomius,
1196 2813 1277 2882 item
1306 2812 1395 2883 darae
1421 2813 1598 2903 tabernae,
1627 2814 1710 2885 item
1737 2820 1810 2887 tres

257 2932 488 3021 bortulauiae,
514 2933 681 3004 babentes
709 2953 821 3023 agrae,
849 2933 892 3004 de
919 2934 1043 3031 quibus
1071 2933 1218 3004 solvitur
1244 2937 1281 3003 et
1306 2933 1511 3003 conducitur
1537 2932 1671 3005 decima
1696 2935 1807 3007 mani·

258 3053 390 3142 pulcris
418 3060 454 3124 et
481 3055 655 3143 canapalis
682 3075 746 3143 pro
773 3054 971 3143 praebenda
998 3053 1238 3143 cracoviensi,
1276 3074 1363 3144 quae
1391 3060 1538 3125 vocatur
1564 3055 1809 3146 Rosiejowske.

258 3173 347 3245 Item
374 3175 408 3245 in
436 3174 556 3246 eadem
583 3175 667 3245 villa
703 3182 757 3246 est
792 3176 973 3265 praedium
993 3196 1115 3246 ..unum
1142 3175 1311 3266 militare,
1347 3174 1390 3245 de
1417 3175 1515 3246 cuius
1542 3176 1635 3265 agris
1662 3176 1810 3247 solvitur

259 3295 392 3367 decima
418 3296 645 3386 manipularis
672 3297 838 3367 ecclesiae
865 3298 901 3366 in
929 3294 1100 3386 corba,
1132 3301 1169 3367 et
1195 3297 1294 3367 valor
1320 3297 1395 3366 eius
1422 3297 1626 3368 aestimatur
1653 3296 1698 3368 ad
1725 3319 1802 3388 qua-

259 3420 339 3487 tuor
365 3436 509 3487 marcas.
536 3416 624 3487 Item
657 3418 802 3488 ecclesia
828 3423 865 3488 et
891 3417 1058 3507 plebanus
1094 3417 1200 3488 babet
1236 3417 1284 3487 ibi
1319 3437 1422 3506 agros
1459 3417 1619 3507 proprios
1655 3438 1809 3507 proauo

259 3558 333 3625 usu,
361 3537 504 3625 praedio
532 3544 569 3609 et
595 3538 744 3608 necessit
767 3544 811 3608 te.
1275 3606 1279 3615 ,

364 3657 648 3747 Kosczsnuvuv,
675 3659 758 3729 villo
783 3659 847 3729 sub
875 3659 1040 3748 parocbia
1059 3659 1225 3730 ecclesiae
1252 3659 1295 3729 de
1322 3656 1585 3749 Gorkasita,
1613 3660 1710 3731 cuius
1727 3660 1810 3732 bae-

259 3798 316 3849 res
342 3779 508 3850 Nicolaus
535 3779 731 3850 Strascb
759 3780 801 3850 de
829 3779 930 3852 domo
957 3778 1289 3870 Odrowanscb,
1316 3780 1352 3851 in
1372 3802 1440 3870 qua
1457 3802 1527 3852 uon
1553 3787 1607 3853 est
1633 3782 1701 3851 nisi
1720 3803 1810 3854 unus

258 3898 379 3970 laneus
407 3901 642 3991 cmetlmnalis‚
670 3901 732 3972 sed
758 3901 885 3992 largae,
914 3901 949 3972 iu
977 3902 1170 3973 ortulauias
1197 3901 1337 3990 divisus,
1366 3902 1408 3972 de
1427 3903 1523 3972 cuius
1551 3903 1644 3992 agris
1663 3903 1811 3974 solvitur

259 4019 392 4090 decima
418 4022 645 4110 manipularis
660 4028 700 4093 et
718 4022 894 4111 canapalis
920 4043 984 4112 pro
1011 4022 1211 4112 praebenda
1239 4021 1469 4112 cracoviensi,
1499 4043 1586 4112 quae
1614 4025 1811 4112 appellatur

259 4140 507 4232 Rosiejovska,
536 4148 571 4212 et
598 4142 697 4213 valor
723 4143 797 4213 eius
824 4144 1028 4213 aestimatur
1045 4142 1090 4213 ad
1107 4147 1181 4215 tres
1209 4163 1352 4213 marcas.
1379 4142 1465 4213 Item
1485 4150 1540 4214 est
1558 4144 1606 4215 ibi
1626 4145 1806 4233 praedium

258 4261 420 4350 militare,
448 4262 490 4332 de
518 4264 615 4334 cuius
642 4263 736 4352 agris
764 4264 911 4334 solvitur
930 4264 1062 4334 decima
1089 4263 1312 4353 manipularis
1340 4285 1402 4353 pro
1422 4264 1567 4335 ecclesia
1585 4265 1621 4335 in
1640 4261 1808 4355 corba,

261 4387 297 4453 et
323 4384 423 4454 valor
450 4384 524 4453 eius
551 4385 756 4456 aestimatur
783 4385 826 4456 ad
852 4389 925 4456 tres
951 4404 1097 4455 marcas.
1823 4452 1825 4457 .

363 4503 748 4594 Wnscnzvsowvczn,
776 4505 858 4576 villa
885 4506 949 4577 sub
975 4506 1142 4596 parocbia
1169 4505 1211 4577 de
1239 4503 1395 4576 corba
1422 4506 1499 4596 sita,
1526 4506 1623 4578 cuius
1650 4506 1810 4598 propried

259 4630 314 4695 tas
341 4625 386 4695 ad
412 4627 660 4699 monasterium
688 4626 888 4697 'linicaeuse
914 4627 1077 4717 pertinet,
1105 4628 1140 4696 in
1168 4648 1236 4717 qua
1262 4648 1322 4698 sex
1341 4627 1429 4698 lanei
1459 4628 1700 4718 emetbonales,
1727 4630 1811 4701 item
1912 4630 1914 4635 ’

259 4766 329 4816 uua
355 4748 508 4837 taberna,
536 4747 667 4818 babens
695 4768 808 4838 agree,
836 4748 1021 4837 dequibus
1050 4749 1208 4819 omnibus
1228 4749 1376 4819 solvitur
1393 4754 1429 4819 et
1448 4748 1651 4819 conducitur
1678 4726 1826 4821 decima¹

258 4868 485 4956 manipularis
513 4875 548 4939 et
575 4869 752 4959 canapalis
778 4889 842 4958 pro
870 4870 1072 4958 praebenda,
1094 4869 1331 4959 cracoviensi,
1358 4890 1446 4961 quae
1473 4874 1617 4940 vocatur
1644 4868 1809 4941 Bodzow-

260 4989 333 5077 ska,
360 4995 396 5059 ct
422 4990 520 5061 valor
555 4991 630 5061 eius
664 4992 869 5061 aestimatur
903 4991 948 5061 ad
975 4994 1107 5080 septem
1143 5011 1285 5060 marcas.
1330 4990 1417 5061 Item
1455 4996 1510 5061 ost
1545 4990 1592 5061 ibi
1629 4991 1808 5079 praedium

260 5110 468 5199 coenobiale,
496 5111 538 5180 de
566 5110 663 5182 cuius
690 5113 784 5200 agris
811 5132 879 5182 non
906 5111 1012 5183 solvit
1039 5110 1141 5182 alicui
1169 5111 1345 5199 decimam,
1373 5111 1537 5182 sedeam
1565 5132 1628 5203 pro
1657 5132 1694 5181 se
1716 5111 1810 5182 tollit

260 5252 336 5302 cum
364 5232 492 5301 iniuria
518 5231 692 5302 ecclcsiae·
711 5233 747 5303 in
773 5230 948 5322 corba,
976 5253 1038 5321 pro
1068 5252 1136 5322 qua
1163 5232 1335 5322 quondam
1363 5232 1404 5302 de
1432 5233 1507 5303 iure
1535 5233 1745 5304 solvebatur.

871 5351 1020 5424 canens}
1045 5352 1199 5424 Mnoun.

362 5472 475 5563 Villa,
510 5474 642 5573 babens
677 5474 910 5564 parochialem
946 5474 1126 5547 eeclesiam
1162 5475 1198 5545 in
1227 5495 1263 5545 se
1290 5475 1459 5564 ligneam,
1498 5474 1625 5547 Sancto
1664 5474 1832 5567 corpora·

259 5594 388 5666 christi
416 5595 576 5685 dicatam,
604 5596 699 5666 cuius
727 5594 894 5667 haerodes
921 5594 1072 5667 Jacobus
1099 5594 1287 5687 Trebka
1314 5597 1357 5667 de
1385 5597 1485 5667 domo
1514 5590 1809 5687 Bippeunidin,

261 5716 424 5788 Nicolaus
450 5717 792 5807 Borznyovvsby
819 5717 862 5787 de
889 5714 990 5788 domo
1018 5716 1315 5808 bladrostby,
1342 5718 1378 5786 iu
1406 5738 1474 5806 qua
1500 5724 1581 5788 sunt
1607 5717 1702 5787 lanei
1721 5737 1810 5787 orne-

260 5837 426 5926 tboualeS,
454 5838 536 5908 item
563 5838 730 5909 tabernae
756 5836 863 5927 duae,
896 5838 979 5909 item
1004 5838 1223 5909 bortulaniao
1250 5845 1340 5926 tres,
1377 5837 1419 5907 de
1448 5837 1572 5926 quibus
1599 5837 1747 5908 solvitur
1773 5843 1810 5908 et

261 5959 466 6047 conducitur
492 5959 626 6031 decima
650 5958 878 6049 manipularis
905 5966 941 6031 et
967 5959 1142 6049 canapalis
1169 5980 1233 6049 pro
1256 5960 1401 6029 ecclesia
1427 5957 1618 6047 parochiali
1646 5958 1683 6029 iu
1700 5954 1847 6047 Mul„

260 6102 397 6171 noga,
424 6087 461 6152 et
486 6080 585 6161 valor,
610 6081 686 6154 eius
708 6082 912 6152 aestimatur
930 6081 975 6152 od
993 6081 1142 6152 sedecim
1170 6100 1317 6167 mareas
1345 6084 1494 6169 quatuor
1520 6078 1629 6151 laneis
1656 6080 1823 6172 excepti&
1878 6136 1893 6195 e

260 6202 543 6291 emetboualibos,
571 6202 614 6272 de
641 6202 766 6292 quibus
794 6202 985 6275 decimatur
1012 6202 1176 6273 ecclesiae
1205 6203 1239 6270 in
1267 6198 1533 6307 Magna-ac·
1586 6198 1682 6295 'lya
1721 6200 1809 6275 Item
1854 6247 1856 6252 .

260 6344 326 6395 uua
352 6316 509 6415 taberna,
534 6323 668 6395 babens
695 6344 806 6413 agros,
833 6325 931 6394 maius
958 6322 1155 6415 propiciatas
1171 6323 1335 6411 pertinet
1360 6320 1404 6393 ad
1431 6320 1565 6414 plebea
1621 6328 1680 6411 ¹{et
1705 6322 1776 6395 sel*

259 6445 406 6534 plebano
434 6465 498 6534 pro
524 6460 630 6517 censu
657 6449 731 6517 tres
756 6464 900 6534 marcas
928 6446 1010 6517 item
1038 6445 1144 6515 babet
1159 6444 1220 6521 ¹ibi
1246 6442 1392 6523 eeclesia
1409 6442 1684 6553 ecepimus-fl
1856 6434 1857 6441 '
1923 6526 1930 6543 .

259 6584 362 6659 ageos
398 6570 433 6636 et
466 6570 587 6656 prata,
607 6586 686 6657 -pro
722 6586 785 6637 suo
822 6584 889 6639 usu
923 6570 962 6639 et
987 6564 1215 6747 necesw
1248 6564 1335 6637 item
1367 6544 1680 6665 emendarem
1807 6600 1821 6677 s·
1858 6606 1861 6613 ·

987 6680 1033 6709 .-,
1204 6714 1208 6721 ,
1459 6682 1482 6713 .
1674 6712 1678 6719 ,

362 6733 410 6775 aaa
424 6734 520 6777 meae.
538 6734 571 6787 11,-
921 6702 1070 6803 spici..
1102 6718 1165 6803 ψῃ
1196 6740 1198 6745 ·
1222 6738 1226 6747 “
1604 6700 1623 6767 ⁶
