4200 8342
375 1308 554 1399 Mousrro,
579 1308 664 1379 villa
690 1309 755 1381 aab
781 1309 948 1399 parochio
973 1309 1017 1381 de
1043 1308 1297 1385 Oromolow
1323 1314 1409 1403 sita,
1437 1314 1533 1385 cuius
1560 1316 1756 1407 proprietas
1782 1316 1827 1391 ad

271 1428 522 1504 monasterium
557 1428 799 1501 Mothovicusc
825 1430 997 1521 pertinct3
1031 1432 1067 1503 in
1095 1453 1164 1522 qua
1177 1438 1272 1505 -sunt
1306 1432 1422 1509 decem
1457 1436 1548 1507 lanei
1583 1436 1826 1528 cmethonalos‚

270 1558 306 1623 ct
332 1572 405 1623 uua
430 1550 590 1623 scoltetia
615 1550 748 1623 habens
774 1550 862 1623 duos
888 1552 1026 1643 lancos,
1052 1552 1245 1643 dequibus
1272 1555 1431 1627 omuibus
1459 1556 1606 1631 solvitur
1632 1564 1668 1631 et
1694 1558 1824 1631 condo-

269 1672 361 1745 citur
388 1671 523 1745 docimo
547 1671 776 1763 manipularis
811 1678 848 1743 ct
874 1672 1048 1763 cenapolis
1076 1694 1140 1764 pro
1167 1675 1377 1747 monasterio
1405 1676 1630 1767 Matoviemi,
1663 1684 1700 1751 et
1725 1681 1825 1752 valor

269 1794 342 1866 eius
369 1794 575 1866 aestimatur
600 1792 645 1865 ad
672 1813 733 1864 sex
759 1813 913 1883 marcas,
940 1793 1125 1884 aliquando
1153 1795 1197 1865 ad
1225 1794 1352 1866 decem.
1393 1796 1577 1869 Praedium
1604 1820 1673 1871 non
1700 1807 1762 1875 eat.

372 1914 598 2006 Sunamczn,
633 1914 717 1986 villa
742 1915 807 1987 suh
833 1916 1000 2005 parochia
1030 1914 1074 1986 de
1102 1914 1355 1989 Gromolow
1382 1917 1466 2008 sita,
1501 1919 1599 1990 cuius
1626 1923 1822 2011 proprietas

270 2038 311 2109 ad
338 2036 588 2109 monasterium
613 2034 853 2107 Mathovicnse
880 2035 1041 2126 pertinet.
1082 2037 1122 2107 ln
1150 2058 1217 2127 qua
1244 2056 1311 2109 non
1340 2045 1422 2110 sunt
1448 2040 1539 2111 lanei
1566 2039 1734 2131 distincti,
1761 2044 1823 2114 sed

269 2158 488 2231 hortulauiac
514 2158 551 2229 in
577 2157 672 2248 agris
698 2156 935 2248 praedialihus
962 2158 1114 2249 locatae,
1149 2157 1192 2229 de
1220 2160 1344 2249 quibus
1380 2160 1528 2233 solvitur
1555 2166 1591 2233 et
1617 2163 1822 2235 conducitur

269 2280 402 2351 damma
426 2278 653 2370 manipularis
680 2286 716 2351 ot
743 2279 919 2369 carrapalis
955 2300 1019 2369 pro
1046 2280 1249 2370 episcopatu
1277 2280 1507 2353 Cracovicnsi.
1551 2282 1638 2355 Item
1665 2289 1748 2356 sunt
1773 2285 1823 2357 ihi

267 2400 487 2473 hortulaniae
514 2406 657 2491 septem.

368 2522 491 2611 Brona,
517 2521 602 2593 uilla
627 2522 692 2594 suh
711 2522 875 2613 parochia
902 2522 945 2594 dc
963 2520 1216 2595 Oromolow
1244 2524 1328 2613 sita,
1355 2524 1453 2595 cuius
1471 2524 1639 2597 haeredes
1665 2524 1821 2599 Janotha

265 2650 300 2717 et
328 2642 503 2717 Matthias
537 2642 582 2715 dc
608 2643 714 2715 armis
741 2642 935 2735 Ostoya,
970 2643 1095 2715 hlasz
1123 2649 1158 2715 ot
1182 2644 1291 2715 frater
1327 2666 1409 2715 surus
1444 2644 1595 2717 Jacobus
1632 2644 1676 2717 de
1711 2648 1817 2719 armis

261 2766 413 2855 eisdem,
433 2762 588 2837 Joannes
606 2763 722 2837 Gzch
733 2766 845 2856 rzyh
863 2770 900 2837 ot
917 2764 1127 2837 Laurentius
1145 2764 1253 2837 irater
1271 2786 1369 2855 suns,
1396 2764 1594 2857 Woyschyh
1612 2772 1649 2838 et
1665 2767 1819 2843 Jaschek

257 2888 305 2959 de
325 2886 435 2959 armis
462 2940 580 2957 .....
620 2886 710 2958 Item
727 2892 801 2959 tros
828 2886 1057 2976 hortulaniae,
1076 2887 1224 2959 sednon
1252 2888 1383 2958 hahent
1401 2906 1523 2979 agros3
1551 2888 1634 2959 item
1653 2889 1820 2961 tabernae

257 3030 333 3081 uon
361 3013 461 3099 sunt,
488 3014 526 3079 et
547 3028 667 3079 omnes
693 3008 861 3080 haerodes
887 3008 1035 3099 praelati
1063 3008 1237 3081 decimant
1263 3028 1327 3096 pro
1346 3008 1489 3079 ccclesia
1515 3009 1644 3080 eteius
1671 3008 1820 3099 plebano

255 3132 297 3203 iu
327 3130 604 3219 Oromolow,
630 3135 667 3201 ct
692 3129 790 3201 valor
816 3129 891 3200 eius
917 3130 1123 3201 aestimatur
1148 3128 1192 3201 ad
1221 3184 1337 3200 .....

367 3250 537 3343 Chunus,
563 3252 647 3323 villa
664 3249 729 3323 suh
747 3251 912 3341 parochia
929 3250 972 3321 dc
990 3248 1242 3321 Gromolow
1269 3252 1353 3339 sita,
1381 3251 1478 3322 cuius
1497 3250 1665 3323 haeredes
1684 3251 1816 3324 ....de

258 3374 391 3465 quibus
417 3373 590 3463 omnibus,
618 3372 766 3444 solvitur
791 3376 828 3443 ct
845 3371 1050 3443 conducitur
1077 3371 1209 3443 decima
1227 3372 1453 3462 manipularis
1472 3372 1635 3444 ecclesiae
1661 3373 1698 3444 in
1716 3370 1819 3444 Gro-

258 3496 440 3585 molow‚
468 3495 567 3566 ouius
594 3494 693 3567 valor
719 3494 924 3566 aestimatur
941 3547 1108 3563 .......

366 3616 594 3707 Loszarczra
611 3614 695 3687 villa
712 3615 776 3687 suh
794 3614 961 3706 parochia
978 3614 1021 3687 dc
1039 3612 1291 3687 Oromolow
1318 3614 1399 3703 sita,
1427 3614 1524 3685 cuius
1542 3614 1666 3685 haeres
1683 3615 1815 3687 Johan-

260 3758 324 3809 nas
351 3736 611 3828 Pyleczshy
646 3736 689 3809 cle
716 3737 822 3807 armis
857 3736 1054 3827 Lolywa.
1094 3736 1134 3807 ln
1162 3756 1230 3826 qua
1257 3742 1338 3807 sunt
1364 3736 1455 3806 lanei
1483 3735 1736 3823 cmethonalos‚
1772 3735 1815 3807 de

263 3859 389 3950 qrrihus
417 3857 566 3930 solvitur
591 3864 628 3929 ct
655 3856 858 3930 conducitur
885 3857 1017 3929 decima
1047 3856 1274 3948 manipularis
1301 3878 1365 3947 pro
1393 3908 1506 3927 .....

367 3980 674 4069 Brnaaowrczn,
701 3979 786 4050 villa
803 3980 867 4051 suh
885 3979 1052 4071 parochia
1071 3978 1113 4049 de
1132 3976 1386 4051 Gromolow
1406 3978 1488 4067 sita,
1515 3977 1612 4048 cuius
1630 3976 1754 4047 haeres

292 4110 296 4119 “
365 4098 633 4190 Pomuozrcza‚
660 4100 744 4171 villa
761 4102 825 4173 soh
844 4100 1011 4191 parochia
1035 4100 1080 4171 dc
1099 4097 1353 4201 Cromolow
1380 4100 1456 4186 sita
1484 4099 1581 4170 cuius
1599 4098 1723 4169 haeres
1742 4152 1749 4166 .
1765 4153 1772 4166 .
1787 4152 1817 4166 ..

366 4222 560 4312 Mahoza,
586 4222 670 4295 uilla
695 4222 760 4295 suh
787 4222 954 4312 parochia
979 4221 1023 4293 de
1051 4220 1305 4293 Gromolow
1332 4220 1414 4309 sita,
1442 4220 1539 4290 cuius
1566 4219 1690 4290 haeros
1717 4273 1817 4288 .....

925 4340 1158 4414 Pnzrasrnu.

366 4465 629 4555 Panhormum,
641 4465 739 4537 'villo
756 4464 889 4536 hahens
906 4464 942 4534 in
957 4484 995 4535 se
1009 4463 1189 4534 occlcsiam
1207 4462 1356 4551 ligneam
1375 4462 1522 4532 Sanctae
1535 4460 1638 4533 Cruci
1657 4460 1815 4551 dicatam,

262 4588 361 4659 cuius
378 4586 504 4659 haeres
521 4584 910 4679 Myholayowsky
938 4584 981 4655 dc
999 4584 1106 4655 armis
1126 4582 1170 4651 W
1178 4604 1326 4674 yssow
1334 4604 1395 4673 ye.
1436 4582 1476 4652 ln
1495 4603 1564 4673 qua
1581 4587 1664 4653 sunt
1683 4588 1814 4673 septem

262 4708 353 4781 lanei
376 4708 624 4797 cmethonalos‚
651 4708 694 4779 do
713 4708 839 4798 quibus
857 4706 1005 4779 solvitur
1032 4704 1165 4776 decima
1182 4703 1408 4793 marripularis
1426 4724 1489 4794 pro
1508 4704 1670 4795 episcopo
1689 4702 1816 4776 (haco-

262 4830 391 4921 vieusi,
409 4835 447 4902 et
463 4830 563 4901 valor
580 4829 786 4901 aestimatur
803 4828 848 4900 ad
867 4833 1017 4919 quotuor
1034 4846 1178 4899 marcas.
1209 4826 1297 4897 ltcm
1316 4831 1370 4897 est
1386 4825 1436 4897 ihi
1454 4824 1634 4916 praedium
1654 4826 1815 4917 militare,

262 4950 303 5023 dc
330 4972 401 5043 quo
427 4948 619 5023 decimatur
650 4949 814 5021 ccclesiae
840 4950 877 5021 in
904 4949 1217 5041 Przyesthan3
1244 4949 1327 5020 item
1353 4968 1417 5038 pro
1456 4945 1608 5019 lanesclmo
1643 4946 1686 5018 de
1713 4948 1814 5019 laneo

262 5052 418 5165 'quolibet
445 5070 626 5144 solvuntur
651 5070 799 5162 plohano
826 5076 900 5141 tros
926 5071 1025 5142 chori
1051 5069 1199 5160 siliginis
1226 5075 1262 5141 ct
1288 5076 1361 5141 tros
1389 5089 1527 5140 avenae.

281 5210 285 5215 ·
364 5194 650 5282 Danuowrcza,
685 5192 769 5263 villa
795 5192 859 5265 sub
895 5192 1061 5284 parochia
1097 5191 1140 5263 dc
1167 5189 1431 5264 Olohuczko
1468 5191 1552 5281 sita,
1580 5189 1641 5261 sed
1668 5194 1814 5280 propter

263 5312 463 5387 distantiam
490 5308 646 5405 longam,
674 5314 819 5385 andiunt
846 5312 964 5385 divina
989 5313 1025 5384 in
1043 5312 1318 5404 Krzopyczc.
1362 5311 1402 5382 In
1431 5332 1499 5401 qna
1526 5315 1607 5381 scunt
1632 5310 1742 5399 lanei,
1768 5308 1813 5383 de

262 5436 385 5527 quibus
418 5434 612 5507 decimatur
664 5434 825 5525 episeopo
861 5432 1090 5505 cracoviensi.
1139 5432 1228 5505 Item
1263 5432 1395 5504 fabrica
1430 5429 1524 5501 dicta
1560 5430 1812 5502 Przcstanszlra

263 5556 367 5631 solvit
393 5552 545 5643 acicam,
572 5575 636 5647 per
662 5576 768 5628 unum
794 5575 954 5646 grossum
991 5554 1034 5627 de
1070 5553 1226 5646 qualibet
1254 5553 1372 5641 donno,
1409 5571 1473 5642 pro
1506 5550 1651 5623 ecclesia
1687 5556 1723 5622 et
1739 5549 1812 5641 ple·
1927 5632 1930 5639 ,

262 5676 353 5751 lano
379 5678 417 5749 iu
442 5676 751 5770 Przyesthon.

364 5796 563 5871 Notandum
591 5804 707 5871 autem
734 5799 827 5889 quod
845 5797 939 5869 dicta
964 5798 1048 5868 villa
1075 5794 1332 5869 Przeathan
1359 5794 1428 5867 sita
1458 5800 1513 5867 est
1540 5798 1620 5885 post
1645 5794 1809 5886 oppidum

262 5918 548 6014 Krzepyczc‚
574 5918 874 5993 etcitrafluvium
902 5918 1148 6006 Lisurarta,
1175 5916 1431 5989 liliaecclesiae
1449 5917 1492 5991 de
1512 5915 1811 6007 Olobuczslro

263 6041 298 6127 iu
330 6043 406 6123 eius
441 6062 526 6117 cura
562 6042 791 6139 consistebat,
826 6060 975 6147 arguens
1011 6038 1200 6129 fortissimo
1237 6045 1273 6129 et
1308 6038 1564 6113 evidentissimo
1600 6042 1814 6148 arguuurento³
1913 6144 1915 6151 Ι
