4200 8342
263 1633 335 1706 5116

262 1841 437 1931 Propheta
465 1839 579 1911 dictus
608 1839 735 1928 hospes
762 1837 895 1909 babens
922 1854 1025 1925 agros
1052 1834 1190 1906 noviter
1217 1833 1419 1923 extirpator.
1445 1832 1534 1905 Item
1563 1830 1659 1904 aliud
1688 1829 1812 1902 molen-

260 1962 389 2051 dinum,
415 1960 512 2030 curius
534 1976 720 2048 possessor
738 1962 792 2028 est
814 1956 1075 2028 Samietanka
1097 1954 1253 2027 inbonis
1278 1953 1302 2025 J
1313 1954 1504 2044 anikow,
1531 1953 1626 2023 ultra
1644 1951 1811 2061 Rodum

262 2083 298 2152 in
326 2081 423 2171 sylva
450 2084 645 2150 extructum
674 2077 766 2168 quod
791 2084 828 2150 et
854 2097 957 2167 agros
989 2077 1129 2148 noviter
1163 2076 1358 2166 extirpatus
1394 2075 1518 2164 babet,
1554 2075 1621 2145 sub
1648 2072 1812 2162 parocbia

262 2202 305 2272 de
333 2201 629 2273 Brzeznicza.

945 2422 1130 2495 Kooasno.

366 2561 539 2654 Oppidum
576 2561 679 2632 iuxta
715 2560 856 2632 fluvium
891 2558 1084 2650 Wyeprz
1119 2558 1243 2647 situm,
1278 2558 1411 2629 babens
1445 2559 1481 2629 in
1517 2578 1556 2629 se
1582 2557 1814 2647 parochialem

263 2684 443 2755 eeclesiam
469 2683 637 2773 ligneam,
665 2678 904 2771 assumptioni
940 2679 1088 2753 Sanctae
1115 2678 1251 2750 Mariae
1286 2680 1455 2769 dicaam,
1491 2679 1590 2750 cuins
1616 2679 1811 2768 proprietas

264 2804 309 2900 ad
336 2803 533 2903 episcopum
561 2802 762 2874 Plocensenr
798 2802 959 2892 pertinet.
995 2802 1035 2874 In
1060 2822 1132 2892 quo
1159 2806 1241 2873 sant
1266 2802 1523 2891 quinquaginta
1544 2805 1699 2889 quatuor
1725 2798 1812 2869 lanei

263 2921 533 3016 oppidanorum
565 2924 645 2994 item
674 2928 728 2995 est
754 2922 939 2995 advocatio
961 2922 1095 2995 habens
1122 2929 1272 3014 quatuor
1297 2922 1417 2994 laneos
1443 2921 1589 3009 liberos,
1617 2920 1663 2992 de
1690 2921 1812 3010 quibus

262 3047 426 3118 omnibus·
448 3044 594 3117 soluitur
621 3051 656 3115 et
683 3044 887 3116 conducitur
913 3044 1047 3116 decima
1074 3044 1301 3134 manipularis
1327 3049 1363 3114 et
1380 3043 1556 3133 canapalis
1584 3041 1752 3112 ecelesiae
1777 3043 1810 3111 in

252 3167 467 3256 ‚Koczsko,
494 3171 531 3239 et
548 3165 647 3238 valor
665 3166 739 3236 eius
757 3166 962 3237 aestimatur
981 3165 1025 3236 ad
1042 3166 1351 3263 triginta-marcas.
1378 3165 1467 3235 Item
1485 3170 1541 3236 est
1566 3164 1616 3236 ibi
1634 3163 1811 3254 praedium

263 3287 465 3378 episcopale,
493 3278 622 3378 dequo
640 3288 747 3361 etiam
774 3287 922 3359 solvitur
948 3287 1081 3359 decima
1108 3286 1334 3378 manipularis
1352 3278 1526 3358 'ccclesiae
1544 3286 1581 3357 in
1599 3285 1811 3357 Goczslro.

262 3409 351 3480 item
386 3409 553 3500 plebanus
587 3408 694 3480 habet
720 3408 767 3479 ibi
795 3406 883 3479 duos
917 3405 1038 3480 lancos
1074 3408 1221 3499 liberos,
1259 3429 1336 3480 cum
1372 3409 1502 3498 pratis,
1536 3427 1602 3497 pro
1638 3426 1703 3478 suo
1739 3427 1809 3493 usu,

263 3530 406 3620 praedio
420 3535 470 3600 et
497 3529 713 3600 necessitate.
747 3528 834 3600 Item
863 3535 919 3599 est
944 3529 992 3600 ibi
1029 3529 1261 3601 molendinum
1288 3530 1324 3600 in
1349 3529 1490 3602 flumine
1520 3527 1716 3618 Ouarna,
1752 3527 1809 3598 sed

265 3671 333 3721 non
359 3650 466 3722 habet
492 3669 604 3739 agros.
901 3656 907 3664 ’
1142 3622 1154 3637 ’

368 3770 579 3860 Tauream,
607 3770 690 3842 villa
715 3771 779 3843 sub
806 3772 972 3861 parochia
998 3772 1041 3844 de
1068 3770 1274 3846 Goczsko
1301 3773 1386 3863 sita,
1421 3772 1518 3845 cuins
1544 3773 1743 3862 proprietas
1769 3770 1810 3840 ad

264 3892 461 3982 episcopum
488 3889 690 3964 Plocensem
716 3893 879 3982 pertinet
918 3892 958 3964 In
982 3882 1159 3986 quaeunt
1176 3870 1355 3980 duodecim
1380 3893 1471 3968 lanei
1498 3893 1746 3982 cmetbonales,
1771 3890 1811 3961 de

267 4014 393 4104 quibus
419 4013 567 4085 soluitur
603 4013 736 4084 decima
762 4015 995 4117 manipularis
1026 4035 1091 4105 pro
1118 4015 1264 4087 ecclesia
1290 4015 1325 4085 in
1352 4013 1566 4105 Coozsko,
1593 4016 1691 4085 cuius
1719 4014 1813 4085 valor

263 4135 468 4206 aestimatur
495 4135 549 4206 ad
562 4154 637 4206 -sex
662 4152 806 4207 marcas.
864 4136 951 4207 Item
979 4136 1203 4226 prodecima
1238 4136 1411 4226 canapali,
1446 4134 1555 4208 soluit
1576 4135 1735 4225 quilibet
1769 4135 1809 4204 de

262 4255 362 4327 laneo
380 4255 529 4345 plebano
547 4261 696 4346 quatuor
716 4256 841 4347 ¹gallos
881 4256 969 4327 Item
986 4276 1055 4329 non
1082 4263 1135 4328 est
1153 4256 1203 4329 ibi
1220 4257 1421 4348 praedium,
1432 4254 1551 4348 neque
1569 4256 1810 4343 molendinum,

264 4398 332 4447 uon
360 4380 441 4447 sunt
466 4376 696 4467 hortulaniae,
722 4356 835 4468 neque
860 4378 1037 4450 mbmnae
1101 4394 1136 4447 .·
1515 4436 1517 4438 .

366 4474 517 4587 Goaris,
549 4496 914 4587 villarubparochio
940 4497 983 4569 de
1002 4499 1204 4572 Coczsko
1240 4501 1336 4572 iuxta
1372 4499 1512 4572 fluvium
1537 4499 1582 4570 W
1591 4521 1750 4591 yeprz,
1776 4501 1808 4570 io

262 4618 348 4710 loco,
373 4619 433 4690 ubi
461 4619 493 4689 ei
518 4618 653 4706 fluvius
671 4618 993 4691 Trszmenicza
1016 4620 1184 4692 miscetur
1210 4623 1287 4712 sita,
1306 4622 1410 4693 cuius
1437 4621 1633 4711 proprietas
1661 4623 1704 4693 ad
1731 4621 1807 4691 Plo-

261 4762 416 4813 czensem
450 4742 649 4832 episcopum
685 4741 843 4831 pertinet.
895 4742 936 4812 In
972 4742 1041 4832 quo
1068 4749 1149 4813 sunt
1177 4739 1324 4832 quatuor
1358 4742 1448 4814 lanei
1476 4744 1731 4833 cmetbouales,
1767 4742 1807 4813 de

261 4864 385 4953 quibus
413 4862 545 4934 decima
571 4851 796 4953 manipularis
832 4867 868 4934 et
893 4864 1069 4954 eunapalis
1096 4864 1259 4954 soluitur,
1293 4870 1329 4936 et
1356 4864 1560 4937 conducitur
1584 4863 1752 4936 ecclesiae
1777 4871 1810 4933 et

259 4984 406 5074 plebano
434 4985 469 5075 in
496 4979 708 5074 Ooczslro,
735 4989 771 5056 et
797 4984 899 5081 valor
926 4985 1002 5055 eius
1038 4985 1084 5056 ad
1111 4991 1259 5076 quatuor
1284 5004 1428 5057 marcas.
1444 5000 1456 5014 ·
1471 4986 1558 5057 Item
1585 5006 1655 5058 nou
1683 4991 1738 5057 est
1764 4986 1810 5056 ibi

172 5088 177 5095 ’
262 5107 459 5195 praedium,
484 5123 548 5177 nec
574 5107 750 5194 talemne,
764 5110 847 5209 ‘nec'
864 5087 1095 5177 hortulaniae.
1135 5106 1223 5177 item
1251 5105 1338 5189 loco,
1354 5106 1529 5196 canapalis
1555 5105 1718 5195 decimae,
1745 5106 1811 5176 sol-

262 5225 314 5294 uit
339 5226 485 5315 quilibet
511 5227 655 5297 *ometho
683 5226 726 5297 de
752 5226 852 5297 laneo
889 5233 1039 5326 quatuor
1065 5227 1176 5317 gallos
1213 5227 1378 5299 ecclesiae
1405 5229 1440 5301 io
1468 5227 1682 5301 Goczsko.
1727 5227 1809 5298 Item

262 5351 317 5415 est
344 5346 392 5416 ibi
419 5366 524 5426 unum
551 5344 784 5425 molendinum
811 5347 846 5417 in
873 5346 1013 5435 flumine
1039 5348 1264 5438 Wyeprzs
1291 5349 1439 5421 sednon
1465 5348 1572 5421 babet
1597 5368 1711 5439 agros.

365 5464 561 5560 Poznaow,
578 5464 671 5534 ,uilla
697 5467 762 5537 sub
789 5467 953 5555 parocbia
979 5469 1022 5539 do
1040 5467 1245 5542 G'oczsko
1273 5476 1308 5542 et
1326 5471 1422 5549 iuxta
1446 5469 1587 5542 dunum
1614 5468 1661 5539 W
1670 5489 1811 5560 yeprz

261 5587 346 5676 sita,
374 5587 472 5658 cuius
498 5585 698 5675 proprietas
723 5585 769 5656 'ad
792 5587 991 5677 episcopum
1019 5588 1240 5663 Ploczensem
1267 5592 1427 5682 pertinet
1466 5592 1506 5662 In
1519 5593 1604 5682 'qua
1630 5598 1713 5662 stunt
1740 5594 1811 5662 tres

260 5708 352 5780 lanei
379 5707 623 5797 emethonalcs,
650 5707 836 5798 dequibus
864 5707 1013 5783 solvitur
1030 5710 1164 5783 decima
1189 5712 1415 5802 manipularis
1433 5712 1597 5787 oculatae
1622 5713 1660 5782 in
1679 5711 1811 5783 Goer-

260 5830 361 5920 sko,
387 5829 485 5901 euius
512 5829 609 5901 udor
639 5830 844 5902 aestimatur
870 5831 914 5901 ad
938 5838 1013 5905 tres
1039 5853 1184 5905 marcas
1228 5834 1273 5905 ln·
1295 5834 1448 5905 decimae
1483 5840 1598 5923 autem
1634 5834 1811 5924 canapalis

260 5971 527 6040 recompensam,
556 5950 661 6023 soluit
680 5951 826 6042 quilibet
852 5952 895 6025 de
907 5953 1013 6025 >laneo
1035 5954 1190 6044 plebano
1217 5961 1367 6045 quatuor
1395 5954 1516 6045 gallos.
1555 5954 1643 6026 Item
1662 5974 1742 6026 non
1760 5959 1813 6024 est

259 6073 308 6143 ibi
326 6071 524 6162 praedium,
544 6093 620 6176 'non
640 6079 694 6144 est
712 6073 962 6166 molendinum,
991 6053 1060 6150 narr
1078 6076 1363 6166 suulttabemae,
1390 6081 1460 6148 non
1478 6075 1808 6148 suntbortulauiae.

363 6190 674 6283 reassumere,
707 6194 790 6265 villa
815 6195 881 6266 sub
897 6194 1064 6284 parocbia
1090 6195 1134 6274 de
1152 6193 1358 6273 Ooc'zsko
1385 6199 1471 6286 sita,
1499 6198 1597 6268 cuius
1613 6198 1810 6288 proprietas

257 6315 301 6387 ad
328 6315 525 6405 episcopum
553 6314 774 6388 Ploczensem
800 6316 953 6404 pertinet
980 6329 1045 6408 pro·
1070 6317 1184 6401 media
1210 6326 1328 6408 parte,
1365 6340 1428 6409 pro
1455 6319 1676 6391 alterarum
1702 6326 1813 6410 parta,

256 6439 409 6528 pertinet
445 6436 489 6506 ad
517 6437 775 6519 serenissimum
807 6435 972 6511 Poloniae
999 6452 1127 6529 regem.
1171 6440 1220 6518 ln.
1239 6461 1308 6532 qua
1334 6447 1416 6512 sunt
1442 6446 1574 6530 septem
1601 6441 1693 6512 lanei
1720 6461 1813 6512 cme-

255 6556 433 6647 thonales,
461 6556 659 6648 dequibus
687 6558 835 6657 soluitur
860 6558 995 6633 decima
1029 6561 1257 6651 manipularis
1287 6562 1561 6655 proopisoopo·
1578 6559 1814 6654 &aenum
