4200 8342
1721 1616 1792 1690 105

246 1827 557 1920 Blandowsky
583 1823 626 1899 de
654 1826 759 1900 ermis
785 1824 1030 1897 Polulioza.
1057 1823 1097 1899 In
1125 1843 1194 1915 qua
1220 1826 1301 1896 sunt
1326 1820 1418 1899 lanei
1446 1823 1686 1915 emethonales,
1713 1825 1796 1896 item

246 1953 430 2047 tabernae,
450 1952 541 2022 ‘item
567 1949 820 2039 hortulaniae,·
833 1945 877 2036 de
905 1948 1036 2037 quibus
1057 1947 1205 2019 solvitur
1231 1954 1267 2018 et
1294 1947 1497 2024 conducitur
1524 1946 1658 2017 decima
1683 1947 1793 2018 mami-

244 2072 376 2163 pularis
403 2078 440 2143 et
466 2070 732 2160 canapalispro
758 2068 905 2144 ecelesia
929 2066 967 2138 in
994 2068 1280 2160 Wyelyezlra.
1320 2069 1408 2139 Item
1435 2067 1614 2157 praedium
1641 2087 1710 2139 non
1737 2072 1791 2137 est

245 2192 282 2264 in
308 2192 432 2264 eudem·
455 2192 548 2263 villa
582 2191 671 2262 Item
698 2190 833 2262 emetho
861 2190 1008 2280 quilibet
1034 2195 1070 2261 et
1095 2190 1297 2262 tabernutor
1323 2210 1387 2279 pro
1415 2189 1669 2262 columbatioue
1694 2207 1793 2278 gros·

157 2303 162 2310 ’
247 2334 332 2404 sum,
359 2316 395 2386 et
419 2313 625 2385 hortulanus
652 2290 810 2383 medIum.
1142 2381 1144 2386 ,

352 2432 557 2511 11111111
583 2451 768 2521 uunnnron,
795 2432 859 2503 sub
886 2432 1052 2521 parochia
1079 2432 1121 2504 de
1148 2432 1193 2503 W
1200 2431 1539 2533 yel¹iczka,·cuins
1556 2432 1681 2501 haeres
1698 2449 1798 2519 prue-

249 2554 341 2626 fatus
367 2554 493 2625 Petrus
520 2548 832 2642 Blandousky
859 2553 902 2624 de
929 2555 1034 2623 armis
1062 2553 1305 2624 Polukoza.
1332 2554 1372 2624 ln
1400 2558 1567 2643 quaeunt
1592 2552 1684 2621 lanei
1710 2571 1799 2621 eme-

249 2676 419 2765 thonales,
444 2675 529 2776 item
554 2675 730 2763 tabernae,
756 2674 839 2744 item
866 2674 1098 2764 hortulaniae,
1124 2676 1208 2745 item
1235 2674 1413 2765 praedium
1441 2695 1545 2744 unum
1572 2674 1721 2743 milltare
1748 2677 1801 2741 est

249 2796 318 2886 ibi,
345 2796 451 2868 etde
486 2796 645 2868 omnibus
682 2775 895 2865 solutura
922 2795 1127 2866 conducitur
1153 2796 1286 2866 decima
1313 2795 1537 2885 manipularis
1564 2799 1600 2864 et
1626 2791 1800 2881 canapalis

250 2918 416 2990 ecelesiae
443 2918 481 2987 in
505 2915 783 3008 Wyeliczka,
810 2921 846 2986 et
872 2916 978 2994 valor·
997 2916 1072 2988 eius
1099 2917 1304 2988 aestimatur
1329 2916 1374 2986 ad
1401 2971 1409 2986 .
1437 2970 1445 2985 .
1472 2970 1479 2986 .
1508 2970 1515 2984 .
1542 2934 1685 2985 marcas.
1713 2913 1799 2983 Item

245 3021 397 3127 'quilibet
423 3037 623 3110 cmetlio-et
641 3036 850 3109 tubernator
876 3057 939 3127 pro
967 3027 1220 3110 columbatioue
1247 3058 1352 3108 unum
1378 3057 1556 3127 grossum,
1583 3016 1619 3106 et
1644 3033 1801 3106 hortula-

250 3179 316 3230 nus
342 3159 560 3230 medium!-
727 3135 749 3176 ⁴

357 3280 608 3364 Boouezmza,
635 3280 722 3358 villu'
754 3281 820 3351 sub
853 3281 1019 3371 parochia
1045 3280 1333 3373 Wyeliczka,
1360 3281 1457 3351 cuius
1482 3274 1607 3350 haeres
1634 3276 1800 3363 Barbara,

253 3420 396 3473 consors
421 3399 545 3472 Jacobi
571 3400 858 3473 Swidniezar
884 3403 1043 3475 consulis·
1062 3402 1309 3474 Cracovieusis.
1335 3402 1376 3472 ln
1403 3422 1471 3491 qua
1498 3404 1683 3477 sunt-ueto
1698 3396 1802 3468 lanei

254 3520 498 3610 emethonales,
525 3522 609 3591 item
636 3523 784 3592 taberna
810 3543 880 3613 uua
906 3523 1038 3594 habens
1066 3545 1188 3614 agros,
1216 3524 1298 3593 item
1324 3522 1559 3611 temulentae,
1586 3517 1670 3591 item
1695 3538 1801 3589 unum

254 3642 433 3732 praedium
467 3641 635 3731 militare,
668 3641 710 3712 de
746 3643 870 3732 quibus
905 3643 1054 3716 solvitur
1088 3652 1125 3716 et
1160 3644 1364 3715 conducitur
1399 3643 1531 3714 decima
1565 3646 1713 3731 utraque
1739 3659 1803 3728 pro

253 3762 465 3834 monasterio
499 3762 666 3852 hospitali
700 3762 818 3836 Sancti
854 3763 1003 3854 Spiritus
1039 3765 1075 3835 in
1112 3764 1356 3854 (11111111,
1392 3770 1428 3835 et
1463 3763 1562 3834 valor
1597 3763 1671 3833 eius
1688 3760 1803 3831 aesti-

256 3888 370 3955 matur
396 3882 441 3954 ed
468 3937 476 3953 .
503 3937 511 3953 .
538 3937 546 3953 .
573 3937 581 3953 .
608 3903 750 3955 mareas
777 3885 864 3955 Item
891 3885 1038 3975 quilibet
1065 3888 1201 3959 emetho
1228 3893 1265 3957 ct
1290 3857 1495 3958 tabernator
1521 3884 1657 3956 ratione
1676 3881 1804 3952 colum·

256 4003 407 4075 bationis
436 4004 540 4076 solvit
567 4004 730 4076 ecclesiae
757 4006 793 4075 in
819 4003 1089 4097 Wyeliczka
1112 4007 1201 4079 'duos
1227 4028 1378 4097 grossos

360 4124 715 4215 Smnnznrowrczn,
742 4125 826 4197 villa
852 4128 916 4200 snb
944 4130 1110 4218 parochia
1136 4129 1178 4200 de
1205 4127 1476 4220 Wyeliczka
1502 4128 1578 4215 sita,
1606 4125 1702 4196 cuius
1720 4124 1802 4195 hae·

144 4265 148 4269 ·
256 4265 313 4318 res
339 4246 460 4317 unicus
486 4236 664 4317 iohannes
691 4247 804 4317 dictus
829 4247 1080 4339 Wyerzink
1106 4250 1232 4322 nobilis
1250 4250 1293 4321 de
1306 4237 1417 4321 ¹armis
1433 4304 1445 4343 Ι.
1473 4303 1480 4318 .
1508 4304 1516 4318 .
1543 4250 1578 4318 11
1597 4248 1721 4337 quibus
1740 4266 1803 4335 pro

257 4366 384 4457 insigni
410 4368 569 4469 superior
595 4387 676 4457 pars
703 4367 823 4459 clypei.
849 4368 890 4440 In
918 4392 986 4460 qua
1012 4377 1094 4442 sunt
1119 4372 1210 4443 lanei
1237 4371 1489 4460 emethouales,
1516 4370 1558 4440 de
1586 4370 1710 4459 quibus
1736 4368 1805 4437 sol-

218 4515 221 4520 <
257 4489 353 4560 ritur
378 4494 415 4559 et
440 4487 644 4559 conducitur
670 4489 803 4560 decima
827 4492 1055 4581 manipularis
1082 4499 1118 4564 et
1145 4494 1327 4582 canapalis.
1354 4493 1441 4563 Item
1469 4497 1522 4562 est
1535 4492 1589 4562 ibi
1608 4511 1696 4561 uuus
1715 4510 1806 4559 cam-

258 4628 322 4697 pus
350 4609 423 4679 sire
449 4630 560 4703 pyrea,
587 4608 630 4680 de
658 4631 725 4700 quo
752 4610 947 4684 decimatur
969 4614 1178 4684 monasterio
1206 4613 1321 4684 Sancti
1341 4612 1490 4703 Spiritus
1507 4613 1543 4683 in
1570 4611 1806 4682 Oracovia.

262 4717 349 4799 Item
384 4735 440 4799 est
474 4729 522 4800 ibi
557 4740 662 4802 unum
693 4731 872 4821 praedium
899 4733 1068 4823 militare,
1095 4734 1138 4806 de
1166 4755 1232 4823 quo
1260 4735 1452 4805 decimatur
1479 4734 1643 4805 ecclesiae
1671 4733 1808 4803 eteius

265 4849 413 4939 plebano
449 4849 492 4921 de
528 4848 813 4946 Wyeliczka,
841 4859 877 4924 et
910 4854 1009 4925 valor
1035 4856 1110 4926 eius
1137 4856 1342 4926 aestimatur
1368 4855 1412 4925 ad
1439 4861 1511 4925 tres
1538 4874 1682 4924 marcas,
1722 4853 1809 4920 Item

267 4970 412 5060 quilibet
445 4973 603 5050 emetluu·¹
618 4976 653 5043 et
687 4974 892 5047 tabernator
925 4996 989 5065 pro
1024 4976 1277 5054 columbatioue
1313 4977 1417 5048 solvit
1449 4997 1554 5048 uuum
1590 4995 1748 5064 grossum
1776 4978 1811 5042 et

261 5089 466 5164 honulauus
486 5089 649 5165 medium.
661 5094 676 5154 l'
1105 5091 1109 5100 '
1592 5116 1594 5125 ·

297 5245 331 5277 1.
365 5210 837 5310 (1111101101111111111
863 5218 927 5288 sub
953 5218 1118 5307 parochia
1144 5218 1188 5289 de
1202 5218 1483 5310 Wyeliczke
1509 5219 1585 5308 sita,
1612 5218 1709 5289 cuius
1728 5218 1810 5288 hae·

266 5353 321 5404 res
349 5332 543 5408 Stanislaus
570 5335 971 5429 Czarnochowsky
999 5340 1041 5410 de
1069 5331 1174 5411 armis
1201 5326 1447 5414 J'unoscha.
1473 5341 1560 5411 Item
1589 5362 1691 5411 unum
1711 5359 1811 5428 prae-

262 5454 541 5545 diumrmilitare,
569 5457 659 5547 quod
687 5459 817 5529 iamin
844 5461 1083 5550 triapruedia
1110 5463 1311 5534 distractum
1339 5469 1402 5551 est,
1430 5463 1624 5552 dequibus
1652 5462 1810 5532 omuibus

264 5576 410 5648 solvitur
436 5582 471 5647 et
497 5577 701 5655 conducitur
727 5580 860 5651 decima
885 5583 1111 5674 manipularis
1138 5589 1174 5653 et
1200 5584 1375 5673 carrapelis
1403 5605 1466 5673 pro
1493 5583 1656 5672 hospitali
1684 5582 1716 5650 S.
1735 5581 1811 5668 Spi-

265 5696 353 5767 ritus
380 5696 417 5767 in
444 5696 682 5787 Cracovia‚
710 5706 745 5770 et
771 5702 869 5771 valor
896 5703 970 5772 eius
997 5704 1202 5775 aestimatur
1228 5704 1272 5775 ad
1300 5704 1450 5794 quinque
1469 5725 1611 5773 marcas.
1638 5703 1724 5772 Item
1744 5721 1811 5769 non

265 5823 344 5887 suut
374 5816 423 5887 ibi
450 5819 625 5908 tabernae,
652 5841 720 5890 nou
748 5827 829 5891 sumt
854 5822 1081 5893 lrortulauiae.
1108 5824 1195 5894 Item
1224 5825 1370 5913 quilibet
1396 5824 1532 5894 umetho
1559 5827 1594 5892 et
1611 5823 1814 5892 tubernator
1892 5824 1897 5833 '

264 5938 400 6009 ratione
426 5938 690 6012 columbatiouis
718 5941 821 6011 solvit
846 5963 952 6013 unum
985 5965 1163 6033 grossum,
1191 5951 1226 6014 et
1252 5944 1456 6015 hortulanus
1484 5943 1629 6031 quilibet
1654 5941 1814 6010 medium.

366 6057 556 6130 Wouuczn
592 6061 684 6146 circa
719 6061 921 6153 Sounrczn,
950 6064 1033 6135 villa
1068 6066 1132 6135 sub
1169 6066 1334 6153 parochia
1369 6063 1411 6134 de
1439 6062 1710 6154 Wyeliczka
1736 6063 1815 6171 sita,

266 6178 363 6249 cuius
389 6179 582 6252 haeredes.
610 6234 618 6250 .
645 6236 653 6251 .
681 6235 688 6252 .
715 6183 756 6253 lu
784 6204 851 6272 qua
878 6190 960 6255 suut
986 6185 1078 6255 lanei
1106 6185 1357 6273 emethonales,
1385 6184 1428 6256 de
1456 6186 1581 6274 quibus
1608 6187 1755 6257 solvitur
1781 6193 1817 6256 et

266 6298 470 6371 conducitur
506 6300 638 6371 decimu
674 6304 899 6393 manIpulnris
936 6310 972 6375 et
1007 6304 1183 6393 camapalis
1210 6325 1273 6392 pro
1301 6304 1447 6376 ecclesia
1474 6306 1509 6375 iu
1536 6305 1816 6397 Wyeliczka,

219 6419 222 6428 '
267 6418 410 6491 Ometbo
438 6420 584 6509 quilibet
611 6428 646 6491 et
671 6424 874 6495 tabernator
900 6445 965 6512 pro
994 6423 1246 6494 columbatioue
1274 6406 1378 6496 unum
1405 6448 1572 6516 grossum.
1623 6427 1627 6434 '

368 6538 598 6628 Busouuczrq
626 6541 708 6612 villa
733 6544 797 6613 sub
823 6543 990 6633 parochia
1015 6541 1058 6613 de
1085 6542 1355 6633 Wyeliczka
1380 6548 1467 6637 sita,
1494 6547 1591 6617 cuius
1608 6545 1813 6645 'proprietas

368 6704 572 6750 numu
1606 6653 1648 6743 14
