4200 8342
288 1636 363 1709 378

285 1843 378 1915 lanei
405 1838 651 1926 cmethonales,
687 1839 730 1908 do
758 1838 881 1928 quibus
909 1836 1056 1909 solvitur
1090 1840 1127 1908 et
1154 1835 1356 1908 conducitur
1391 1835 1524 1908 decima
1549 1811 1778 1927 manipularis
1803 1841 1840 1910 et

285 1962 460 2054 canapalis
488 1980 551 2050 pro
579 1958 737 2031 custodia
764 1958 971 2030 Kelcziensi.
985 1979 1054 2030 uno
1081 1978 1190 2047 anno,
1225 1978 1288 2046 pro
1315 1957 1427 2029 altero
1460 1978 1543 2029 vero
1570 1957 1774 2030 conducitur
1800 1963 1839 2031 et

283 2084 428 2157 solvitur
453 2098 518 2172 pro
546 2078 746 2171 praebenda
773 2078 980 2169 Keloziensi‚
1008 2099 1097 2170 quae
1123 2083 1267 2151 vocatur
1293 2077 1547 2169 Pirsznicuska,
1574 2082 1610 2149 et
1635 2077 1735 2151 valor
1760 2078 1838 2151 eius

281 2206 483 2278 aestimatur
518 2203 563 2274 ad
597 2207 670 2275 tres
705 2221 859 2289 marcam
892 2201 975 2272 item
1011 2204 1067 2271 est
1092 2201 1141 2272 ibi
1167 2200 1312 2272 taberna
1337 2220 1425 2290 una,
1461 2204 1498 2271 et
1523 2199 1723 2272 hortulanis
1757 2221 1838 2291 uua,

283 2328 453 2399 habentes
481 2345 602 2414 agree,
629 2330 666 2394 et
692 2324 735 2394 de
762 2321 921 2394 omnibus
948 2321 1098 2419 soluitur¹
1122 2320 1254 2392 decima
1279 2322 1316 2391 in
1331 2317 1547 2416 pocillatorem.
1592 2321 1681 2393 Item
1706 2326 1761 2393 est
1786 2321 1839 2394 ibi

282 2446 464 2538 praedium
491 2445 651 2532 militare,
680 2444 722 2515 de
741 2465 807 2534 quo
836 2442 1026 2514 decimatur
1052 2442 1217 2514 ecclesiae
1242 2442 1285 2512 in·
1306 2440 1773 2533 Sandziwoyouicze,
1800 2448 1839 2515 et

285 2568 384 2664 valor
410 2568 485 2639 eius
512 2566 716 2638 aestimatur
742 2565 788 2635 ad
813 2584 916 2635 unam
942 2583 1103 2635 marcam.
1831 2625 1839 2642 ,

389 2686 614 2777 Suanauow,
649 2685 732 2757 villa
767 2686 846 2757 sub.
867 2685 1033 2774 parocbia
1068 2684 1110 2756 de
1144 2684 1300 2777 Kygye
1328 2687 1421 2775 sita‚²
1441 2686 1539 2757 cuius
1565 2687 1764 2776 proprietas
1791 2686 1838 2758 ad

284 2811 521 2903 praepositum
557 2813 592 2880 et
620 2807 898 2880 sanctimoniales
934 2806 977 2879 de
1012 2806 1195 2878 Buszko
1222 2806 1383 2895 pertinet
1426 2807 1468 2877 ln
1496 2827 1564 2897 qua
1595 2825 1718 2878 nerem
1743 2806 1838 2894 lanei

288 2932 540 3020 cmethonaleS,
569 2930 635 3001 duo
664 2929 882 3018 scoltetiales,
909 2949 978 3000 una
1004 2929 1167 3018 taberna,
1194 2948 1264 3000 una
1290 2928 1503 3017 hortulanis,
1529 2928 1696 2999 babentes
1723 2927 1845 3019 agros,
1959 2991 1961 2996 .

285 3056 327 3127 de
359 3053 484 3145 quibus
510 3050 669 3122 omnibus
698 3051 843 3122 solvitur
878 3057 914 3121 et
941 3049 1146 3138 conducitur
1179 3049 1312 3121 decima
1346 3048 1571 3139 manipularis
1598 3054 1635 3121 et
1660 3050 1839 3140 canapalis

260 3221 268 3242 .
289 3197 353 3267 pro
371 3173 570 3265 praebenda
586 3172 797 3262 Kelcziensi‚
824 3171 917 3244 dicta
934 3171 1145 3262 Zydowska,
1173 3176 1208 3243 et
1225 3171 1324 3243 valor
1341 3170 1417 3241 eins
1434 3171 1638 3242 aestimatur
1656 3171 1701 3245 ad
1720 3171 1839 3245 decem

285 3316 435 3385 marcam
461 3296 544 3367 item
571 3296 607 3365 in
634 3294 754 3365 eadem
781 3292 863 3364 villa
889 3297 945 3363 est
971 3312 1112 3383 campus
1144 3291 1256 3364 dictus
1282 3292 1644 3384 Lyaskouyecz,
1670 3292 1714 3364 de
1740 3294 1840 3365 cuius

289 3420 383 3509 agris
411 3417 560 3490 solvitur
586 3416 719 3487 decima
745 3414 969 3504 manipularis
1004 3410 1170 3484 ecelesiae
1205 3414 1241 3484 iu
1269 3412 1767 3505 Szandziwoyouicze,
1803 3418 1841 3486 et

289 3539 388 3612 valor
414 3539 488 3610 eius
516 3537 720 3609 aestimatur
747 3535 791 3606 nd
818 3554 920 3606 uuam
947 3551 1108 3603 marcam.
1142 3533 1230 3605 Item
1257 3534 1437 3624 praedium
1463 3534 1661 3607 coenobiale
1688 3539 1842 3607 nonest

287 3660 325 3731 in
351 3657 472 3731 eadem
498 3656 589 3727 uilla.
688 3713 691 3718 .

946 3771 1173 3847 Szrauracz'.

391 3899 485 3972 Villa
502 3898 635 3971 habens
653 3897 832 3970 ecclesiam
850 3896 1101 3988 parochialem,
1124 3917 1224 3970 muro
1242 3897 1379 3988 lapideo
1396 3896 1615 3987 fabricatam,
1639 3904 1676 3969 et
1692 3897 1842 3972 Sanctae

286 4019 427 4114 Virgini
444 4020 580 4093 Mariae
599 4019 758 4109 dicatam,
785 4019 882 4091 cuius
900 4019 1024 4091 haeres
1051 4017 1270 4091 Grzeslans
1293 4019 1340 4089 de·
1353 4016 1658 4111 (luroszwanky
1675 4019 1718 4090 de
1736 4019 1842 4094 domo

285 4143 482 4229 Roszae;
508 4144 605 4213 cuius
632 4142 798 4231 plebanus
825 4123 990 4229 magister
1017 4139 1212 4212 Stanislaus
1238 4140 1284 4212 de
1309 4192 1449 4209 ......
1476 4139 1517 4210 ln
1544 4161 1613 4231 qua
1639 4146 1722 4213 snut
1747 4140 1844 4214 lanei

286 4263 534 4351 cmetbonales,
565 4264 647 4334 item
673 4264 751 4351 agri
769 4260 962 4352 praediales
989 4261 1092 4331 unius
1119 4260 1272 4350 praedii,
1296 4260 1482 4351 dequibus
1509 4262 1670 4336 omnibus·
1694 4262 1844 4336 solvitur

290 4390 327 4456 et
344 4382 546 4456 conducitur
570 4382 704 4454 decima
731 4382 956 4473 manipularis
984 4387 1020 4453 et
1043 4382 1221 4474 canapalis
1247 4400 1311 4473 pro
1329 4383 1474 4455 ecclesia
1500 4384 1536 4454 in
1564 4381 1789 4477 Suanyecz,
1804 4390 1845 4457 et

288 4504 388 4576 valor
423 4503 497 4576 eius
523 4503 728 4575 aestimatur
763 4503 808 4574 ad
835 4503 952 4575 decem
978 4524 1127 4593 marcas,
1150 4509 1302 4595 praeter
1337 4504 1422 4576 dnos
1449 4505 1568 4577 laneos
1595 4506 1842 4597 cmethonales,

290 4625 485 4715 dequibus
517 4624 669 4704 ,solvitur
704 4625 838 4700 denna
871 4646 936 4716 pro
972 4610 1225 4716 praebendario
1260 4625 1388 4698 ibidem
1422 4627 1459 4697 in
1490 4625 1704 4717 Szanyecz.
1752 4627 1845 4699 Item

289 4741 436 4822 ecclesia
460 4744 567 4818 habet
592 4765 657 4835 pro
683 4747 958 4837 praedio-,agros
984 4746 1195 4820 sufficientes
1221 4752 1258 4820 et
1282 4752 1394 4838 prata.
1438 4747 1528 4819 Item
1555 4754 1636 4821 suut
1662 4748 1699 4819 iu
1721 4747 1846 4821 eadem

288 4859 373 4942 uilla
398 4867 486 4939 duae
512 4867 692 4958 tabernae,
720 4873 756 4939 et
774 4865 904 4942 babent
929 4879 1042 4960 agros,
1070 4873 1107 4941 et
1124 4867 1299 4960 quaelibet
1325 4869 1429 4940 solvit
1455 4869 1621 4942 ecclesiae
1648 4891 1712 4962 pro
1738 4889 1847 4942 censu

288 5010 392 5064 unam
410 5009 641 5082 sexagmam,
668 4993 706 5062 et
733 4989 899 5064 decimam
926 4990 1176 5079 manipularem
1202 4989 1327 5063 reddit.
1368 4992 1456 5063 Item
1472 4990 1581 5063 habet
1599 4992 1844 5084 molendinum,

234 5145 253 5180 a
288 5109 331 5183 de
359 5134 427 5203 quo
454 5111 520 5183 sibi
548 5111 694 5183 solvitur
720 5133 789 5183 unia
814 5132 947 5200 marca3
974 5112 1059 5182 item
1086 5112 1193 5185 habet
1217 5117 1291 5184 tres
1317 5113 1469 5203 piscinas
1497 5113 1634 5185 ibidem.

392 5230 603 5303 Praebeuda.
639 5232 706 5303 Est
732 5233 837 5302 etiam
868 5233 917 5303 ibi
942 5233 1105 5323 specialis
1135 5233 1335 5323 praebenda
1360 5234 1494 5307 habens
1518 5254 1636 5306 aream
1663 5236 1843 5324 propriam

294 5356 331 5423 et
356 5352 514 5440 domum,
550 5358 587 5422 et
614 5352 780 5422 decimam
814 5353 1063 5444 manipularem
1099 5361 1180 5443 post
1206 5361 1357 5444 quatuor
1393 5356 1512 5427 laneos
1547 5354 1701 5427 eiusdem
1727 5355 1843 5447 villae,

297 5472 480 5544 distinctos
507 5472 551 5544 ab
580 5472 664 5562 illis,
692 5474 750 5564 qui
777 5473 923 5562 plebano
951 5474 1137 5566 decimant,
1163 5483 1199 5547 et
1225 5476 1324 5548 valor
1351 5478 1424 5548 eius
1459 5477 1612 5549 decimae
1639 5476 1845 5549 aestimatur

293 5593 339 5666 ad
366 5597 515 5683 quatuor
542 5613 685 5666 marcas.

393 5712 625 5804 Samonium,
661 5713 744 5787 uilla
770 5717 834 5788 sub
862 5717 1028 5807 parochia
1064 5717 1108 5789 de
1135 5716 1312 5809 Sanyecz
1340 5718 1423 5808 sita,
1458 5720 1493 5789 in
1522 5738 1590 5809 qua
1624 5718 1772 5793 emlesiu
1797 5717 1844 5792 de

288 5836 466 5927 Sanyecz
492 5837 599 5908 babet
625 5842 771 5928 quatuor
797 5839 916 5911 laneos
943 5838 1136 5929 censuales,
1164 5845 1201 5912 et
1218 5840 1364 5929 quilibet
1390 5840 1510 5913 laneus
1538 5841 1642 5913 soluit
1660 5894 1842 5933 ........
1924 5903 1926 5908 ,

290 5958 373 6029 item
398 5957 507 6031 habet
533 5957 582 6029 ibi
609 5965 712 6048 prata
738 5981 815 6032 cum
841 5980 945 6050 gayo,
972 5967 1008 6031 et
1034 5982 1138 6033 unam
1164 5962 1340 6051 piscinam.

393 6074 572 6170 Gauron,
592 6080 675 6153 villa
693 6082 757 6151 sub
772 6080 936 6172 parochia
950 6080 993 6151 de
1010 6079 1215 6172 Szanyecz
1232 6081 1315 6171 sita,
1338 6081 1436 6156 cuius
1454 6085 1578 6156 baeres
1598 6138 1698 6154 .....
1715 6083 1842 6156 Kras-

237 6289 240 6293 Α
289 6197 414 6289 szina,
441 6199 567 6273 nobilis
596 6201 765 6273 dedomo
792 6201 1072 6292 Mandrostky.
1112 6202 1152 6273 ln
1170 6224 1239 6293 qua
1262 6211 1344 6277 sunt
1370 6204 1462 6278 lanei
1479 6205 1730 6293 cmetbunales,
1757 6206 1848 6294 item,

289 6319 468 6411 tabernae,
487 6322 570 6391 item
594 6322 824 6413 hortulaniae,
853 6324 935 6394 item
953 6297 1134 6414 praedium
1151 6346 1256 6395 unum
1280 6326 1443 6426 mditare,
1476 6325 1518 6396 de
1537 6326 1662 6416 quibus
1681 6325 1842 6399 omnibns

291 6440 438 6513 soluitur
464 6446 500 6514 et
518 6441 722 6515 conducitur
749 6442 1130 6554 deeimaguanipnluris
1157 6450 1194 6517 et
1211 6445 1386 6540 canaffls
1412 6463 1477 6537 pro
1496 6447 1642 6519 ecclesia
1668 6448 1705 6519 in
1723 6446 1842 6539 Szya-

289 6579 428 6653 nyeez,
456 6562 612 6637 etvalor
638 6565 712 6638 eius
738 6564 783 6637 ad
810 6568 887 6638 octo
913 6585 1049 6668 murcos
1074 6567 1290 6668 uadmutur.
1413 6591 1415 6596 ·
1466 6603 1486 6622 a
