4200 8342
1661 1659 1736 1731 293

210 1907 216 1920 .
295 1856 488 1947 Sraourn,
525 1858 608 1928 villa
635 1859 699 1930 suh
725 1859 891 1948 parochia
917 1860 960 1931 de
986 1859 1204 1933 Zakrzow
1231 1860 1319 1952 sita,
1347 1862 1442 1933 cuius
1469 1864 1666 1954 proprietas
1694 1866 1740 1935 ad

190 1979 450 2050 serenissimum
475 1977 641 2050 Polouiae
666 1999 784 2068 regem
807 1981 971 2069 pertinet.
1014 1981 1056 2052 In
1084 2002 1152 2072 qua
1178 1987 1259 2052 sunt
1294 1982 1384 2053 lanei
1412 1984 1658 2074 cmethouales,
1695 1986 1740 2055 de

192 2098 318 2188 ouibus
350 2098 510 2171 omnihus
545 2099 678 2170 decima
713 2100 936 2189 manipularis
972 2102 1163 2191 antiquitus
1199 2103 1399 2175 solvebatur
1434 2124 1496 2192 pro
1534 2104 1740 2176 scholastria

191 2217 421 2310 Oracoviausi,
447 2239 539 2292 nune
565 2240 648 2291 vero
676 2219 720 2290 ad
746 2220 1002 2310 beneplacitum
1028 2222 1237 2313 scholastici,
1264 2224 1368 2294 solvit
1394 2224 1631 2302 tautummodo
1651 2281 1658 2295 .
1678 2280 1685 2294 .
1704 2280 1738 2294 ..

197 2427 202 2438 Ι
292 2338 484 2430 Snawczn,
512 2340 595 2411 villa
621 2339 685 2410 suh
712 2341 877 2431 parochia
903 2340 946 2412 de
972 2341 1194 2414 Zakrzow
1222 2343 1308 2433 sita,
1344 2344 1441 2440 cuius
1467 2345 1666 2435 proprietas
1693 2346 1736 2415 ad

189 2460 447 2532 serenissimum
473 2459 636 2531 Poloniae
663 2481 780 2551 rogem
806 2462 968 2551 pertinet.
1011 2462 1052 2534 ln
1080 2484 1147 2553 qua
1173 2467 1254 2535 sunt
1289 2464 1380 2535 lanei
1407 2464 1659 2554 amethouales‚
1681 2464 1738 2550 de

189 2579 322 2670 multus-
351 2580 510 2654 omuibus
545 2581 736 2672 antiquitus
772 2581 905 2654 docimo
931 2583 1158 2672 manipularis
1193 2583 1393 2656 solvebatur
1427 2605 1491 2674 pro
1527 2584 1737 2658 scholastico

175 2689 420 2792 cracoviensi,
446 2722 510 2791 pro
536 2702 714 2791 praesenti
740 2721 832 2794 uero
851 2702 897 2772 ad
922 2704 1175 2794 heneplacitum
1203 2704 1410 2793 scholastici,
1438 2704 1544 2776 solvit
1562 2758 1677 2775 .....

283 2820 603 2913 -Wurnauowren,
639 2823 722 2894 villa
748 2824 812 2896 sub
839 2823 1003 2914 parochia
1037 2822 1081 2894 de
1108 2823 1329 2898 Zakrzow
1369 2826 1456 2914 sita,
1493 2826 1590 2902 cuius
1616 2825 1740 2904 amnes

188 2940 341 3014 Jaeobns
366 2941 411 3012 W
420 2944 728 3036 ythanowsky
754 2944 797 3016 de
824 2944 925 3017 domo
944 2997 1060 3016 .....
1104 2945 1146 3016 In
1172 2965 1242 3036 qua
1267 2951 1348 3018 suunt
1374 2947 1466 3018 lanei
1493 2946 1736 3035 emethouales,

188 3062 393 3154 dequibus
429 3064 588 3135 omnibns
622 3064 770 3137 solvitur
807 3065 939 3136 decima
974 3065 1200 3155 manipularis
1235 3066 1462 3138 scholastriae
1498 3066 1733 3154 cracoviensi3

188 3184 288 3254 cuius
310 3184 489 3276 perceptio
515 3186 551 3256 in
577 3185 763 3275 manipulis
789 3186 967 3258 abstracta
993 3192 1056 3277 cst,
1084 3191 1123 3258 et¹
1141 3186 1274 3258 incolae
1301 3187 1396 3259 illam
1422 3188 1497 3278 soli,
1524 3186 1736 3279 quilibet-de

188 3303 288 3376 laneo
314 3324 398 3394 sno,
424 3306 638 3395 percipiunt,
669 3311 706 3377 et
733 3306 871 3378 solvunt
897 3327 959 3396 pro
986 3328 1028 3378 eo
1055 3308 1251 3380 summatim
1279 3308 1486 3380 scholastico
1513 3307 1736 3380 Gracoriensi

186 3443 291 3496 uuam
318 3445 466 3496 marcam
495 3426 643 3499 latorum
670 3448 868 3516 grossorum
895 3425 1133 3519 Prageusium.

663 3689 904 3770 Decanatua
936 3689 991 3771 da
1025 3690 1280 3796 Dambyoza.

204 3947 208 3956 ·
290 3907 483 4006 Proucutus
510 3913 546 3978 et
573 3909 738 3979 introitus
763 3873 930 3980 ecelesiae
960 3909 996 3979 iu
1031 3909 1300 3998 Damhicza,
1336 3915 1417 3979 sunt
1452 3929 1515 3999 per
1541 3928 1605 3982 nos
1632 3914 1735 3982 antea

187 4028 224 4100 in
249 4027 532 4102 archidiaconatu
558 4028 786 4101 Saudeczensi
812 4028 1013 4119 adplenum
1040 4028 1215 4124 descripti,
1244 4035 1280 4099 et
1307 4028 1384 4099 ideo
1412 4030 1467 4099 hie
1494 4029 1731 4100 obmittuutur
1819 4109 1823 4118 ,

821 4635 1109 4708 Donnzncnow.-
1669 4707 1671 4714 .

193 4799 196 4804 -
288 4752 384 4825 Villa
408 4753 554 4828 habens.
568 4755 604 4826 iu
631 4775 669 4826 se
694 4755 929 4844 parochialem
956 4756 1135 4828 eeclesiam
1161 4754 1321 4845 ligneam,
1348 4753 1475 4826 Sancto
1494 4807 1502 4823 .
1521 4805 1529 4822 .
1547 4806 1555 4823 .
1637 4752 1733 4824 dica-

185 4878 276 4965 tam,
311 4875 409 4946 cuins
444 4876 640 4965 proprietas
675 4875 718 4946 ad
746 4876 994 4947 monasterium
1019 4875 1363 4967 Koprzywnyozeuse
1400 4874 1573 4963 pertinet,
1605 4877 1642 4943 et
1667 4871 1732 4942 suit

184 4995 396 5070 monasterio
423 4994 552 5068 donata
578 5002 745 5086 perpetuo
772 5016 835 5085 per
862 4996 1043 5066 Nicolaum
1071 4995 1232 5066 comitem
1260 4992 1303 5064 de
1330 4994 1554 5083 Bogorya.
1597 4991 1638 5062 In
1665 5012 1733 5083 qua

185 5121 268 5188 sunt
291 5116 384 5187 lanei
411 5116 653 5207 emethonales,
681 5116 762 5188 item
788 5117 966 5206 tabernae,
992 5115 1074 5186 item
1101 5113 1328 5203 hortulanioe,
1355 5112 1398 5184 de
1423 5113 1547 5204 quihus
1564 5113 1732 5202 ,omnibus
1826 5186 1828 5191 ⁸
1904 5145 1909 5156 ·

186 5235 333 5310 solvitur
358 5241 396 5310 et
421 5236 626 5312 conducitur
651 5235 785 5309 decima
809 5236 1035 5328 manipularis
1063 5240 1099 5306 et
1125 5234 1298 5326 canapalis
1325 5255 1389 5325 pro
1409 5287 1605 5306 ........
1643 5233 1731 5316 Item
1839 5241 1846 5259 “

184 5356 331 5438 ecelesia
354 5357 463 5430 hahet
488 5357 537 5431 ibi
563 5357 725 5450 proprios
751 5377 854 5448 agros
881 5362 918 5431 et
943 5360 1054 5448 prata,
1081 5376 1144 5451 pro
1171 5376 1234 5428 sno
1260 5375 1327 5428 usu
1344 5361 1382 5428 et
1399 5355 1619 5446 necessitate
1648 5353 1731 5428 item

185 5478 365 5568 praedium
392 5477 440 5552 ibi
459 5532 575 5551 .....
1023 5477 1028 5486 ’

203 5651 207 5658 -
288 5597 461 5690 Sosurun,
488 5600 572 5672 villa
597 5600 662 5674 sub
688 5601 856 5692 parochia
880 5599 925 5672 de
950 5600 1266 5674 Dohrzcchou
1293 5600 1380 5691 sita,
1408 5597 1504 5670 cuius
1531 5595 1726 5689 proprietas

185 5716 230 5790 ad
257 5721 503 5792 monasterium
530 5699 872 5813 Koprzywnyczouse
899 5721 1060 5812 pertinet.
1096 5721 1135 5792 lu
1164 5741 1232 5812 qua
1257 5727 1340 5793 sunt
1374 5720 1464 5792 lanei
1491 5716 1730 5803 emethonales,

185 5840 268 5912 item
295 5841 524 5931 hortulanioe,
550 5842 635 5914 item
662 5844 837 5934 mhernac,
864 5842 947 5914 item
974 5841 1153 5933 praedium
1177 5894 1319 5912 ......

202 5983 205 5988 ⁴
288 5961 478 6035 Wrssonn
505 5961 591 6034 alias
617 5961 845 6036 Sronoauun
871 5962 1035 6053 werra,
1071 5963 1155 6034 villa
1180 5962 1244 6033 suh
1271 5958 1436 6050 parochia
1462 5957 1505 6029 de
1531 5956 1728 6029 Dohrzc·

185 6081 306 6154 ehow
333 6083 534 6184 sitacuius
560 6083 756 6174 proprietas
781 6083 827 6156 ad
853 6082 1100 6156 monasterium
1119 6081 1461 6170 Koprzywayczense
1488 6078 1648 6169 pertinet.
1688 6078 1727 6168 ln

186 6223 254 6292 qua
278 6209 360 6276 sunt
386 6204 477 6274 lanei
504 6203 755 6293 emethonales,
783 6204 867 6280 item
890 6203 981 6274 dnae
1007 6202 1173 6274 tabernae
1199 6201 1369 6272 hahentes
1395 6218 1513 6290 agros,
1541 6199 1621 6269 item
1648 6197 1729 6268 hor-

184 6323 347 6414 tulaniae,
373 6326 456 6396 item
482 6325 644 6398 scoltetia
668 6324 801 6396 habens
826 6321 914 6394 dnos
940 6323 1070 6410 laneos,
1096 6321 1139 6392 de
1166 6320 1291 6411 quihus
1318 6321 1475 6394 omuibus
1501 6319 1649 6390 solvitur
1671 6317 1730 6388 de-

185 6445 274 6516 cima
299 6445 489 6536 pecunialis
515 6446 726 6518 monasterio
752 6442 1097 6534 Koprzywnpeaeusi,
1124 6441 1167 6512 de
1194 6441 1349 6533 quolibet
1375 6440 1474 6512 laneo
1502 6460 1562 6510 sex
1588 6458 1729 6529 grossos

184 6561 286 6656 lotos,
312 6573 374 6638 aut
400 6574 478 6640 octo
505 6586 711 6640 communes.
