4200 8342
267 1623 339 1697 356

267 1838 321 1901 ost
347 1829 396 1902 ibi
423 1828 560 1899 unicum
586 1824 756 1913 militare,
782 1822 826 1895 de
852 1842 920 1913 quo
956 1820 1150 1895 decimatur
1177 1818 1343 1893 ecelesiae
1370 1820 1405 1891 in
1433 1817 1657 1911 Szolyeca
1682 1824 1712 1890 at
1733 1822 1784 1895 eiu

262 1950 419 2041 plebano,
446 1948 542 2019 cuius
569 1946 668 2019 valor
695 1944 739 2017 ad
767 1944 853 2016 duas
879 1962 1022 2021 merces.

365 2070 711 2158 Darunauowrezn,
737 2064 822 2141 villa
847 2066 912 2137 sub
939 2064 1105 2157 parocbia
1132 2062 1194 2137 da:
1288 2062 1576 2147 ,almaniae
1605 2060 1717 2153 oppidi
1731 2064 1785 2147 sita

263 2192 361 2263 cuius
387 2190 513 2263 haeres
539 2188 717 2262 lohannes
745 2184 1052 2278 Czyzouszlry
1080 2060 1558 2297 communesne.
1585 2184 1625 2257 lu
1652 2190 1787 2275 quasul

259 2312 352 2384 lanai
379 2310 622 2400 emetbonales,
650 2310 732 2381 item
758 2309 935 2400 tabernae,
962 2308 1046 2380 item
1073 2304 1312 2397 normlnuoe,
1340 2306 1383 2377 de
1411 2305 1535 2397 quibus
1564 2305 1719 2379 omuibus
1732 2306 1787 2379 aab

262 2434 358 2504 vitun
385 2438 421 2503 et
446 2426 651 2515 coudbeitur
678 2430 812 2502 decima
837 2429 1063 2521 manipularis
1091 2436 1126 2501 et
1154 2428 1328 2519 cenapolis
1347 2448 1410 2519 pro
1433 2427 1580 2501 eeclesia
1594 2426 1634 2507 ia
1652 2414 1788 2519 G'orzp·

262 2574 355 2644 eze,
383 2560 420 2625 et
455 2546 558 2625 valor-
588 2552 664 2623 eius
697 2551 902 2624 aestimatur
936 2550 980 2621 ad
1016 2570 1078 2622 sex
1115 2570 1259 2623 marcas.
1299 2549 1386 2622 Item
1415 2550 1451 2621 in
1479 2549 1600 2621 eadem
1628 2548 1708 2621 villa
1730 2556 1788 2619 suut

262 2674 406 2767 praedia
432 2673 609 2765 militaria,
635 2672 678 2745 de
706 2673 830 2765 quibus
857 2672 1050 2745 decimatur
1078 2692 1141 2763 pro
1173 2671 1320 2745 eeclesia
1345 2672 1381 2742 in
1407 2670 1789 2763 Dzyalyosebicre

278 2782 289 2793 ’
366 2796 508 2887 Uunrn,
536 2794 620 2867 villa
655 2794 719 2867 sub
755 2793 920 2885 parocbia
956 2795 999 2866 de
1033 2792 1374 2869 Strzezowieze
1411 2793 1498 2885 sita,
1526 2793 1625 2867 euius
1650 2790 1789 2865 haeredes

263 2916 439 2989 Jobannos
467 2922 503 2989 et
529 2915 654 2989 Patruus
681 2916 725 2987 de
752 2915 859 2987 armis
885 2914 1069 3008 Ostoya.
1095 2915 1137 2987 In
1165 2936 1233 3007 qna
1258 2920 1341 2989 aurit
1367 2914 1435 2988 duo
1461 2915 1556 2989 lanei
1582 2912 1790 2989 emetbonalea

262 3057 382 3109 versus
409 3036 596 3128 orientem,
623 3044 769 3129 quorum
806 3037 1002 3129 proprietas
1037 3042 1075 3109 et
1101 3036 1289 3109 dominium
1325 3037 1477 3128 pertinet
1503 3036 1549 3109 ad
1575 3034 1793 3109 eeclesiamiu

262 3157 505 3250 Gorzycze.
531 3159 620 3232 Item
647 3166 700 3231 est
727 3160 775 3232 ibi
801 3179 871 3231 una
896 3159 1043 3232 taberna
1069 3158 1203 3231 habens
1230 3180 1343 3251 agree,
1370 3158 1467 3233 euius
1494 3160 1600 3233 etiam
1619 3158 1794 3251 propriae

127 3336 132 3351 .
260 3281 415 3371 pertinet
438 3281 495 3391 ¹ad
531 3281 711 3353 ecclesiam
737 3282 773 3354 in
801 3279 1058 3373 Gorzyeze,
1086 3282 1129 3353 de
1157 3281 1281 3372 quibus
1309 3281 1468 3355 omuibus
1496 3278 1649 3355 soluitur
1676 3285 1710 3353 et
1736 3299 1796 3351 rou·

263 3402 401 3474 ducitur
437 3401 570 3474 decima
603 3402 830 3494 manipularis
866 3410 902 3475 ct
938 3402 1131 3494 eanapuliS,
1159 3423 1223 3493 pro
1260 3400 1404 3475 eeclesia
1439 3402 1474 3473 in
1503 3401 1800 3494 Gorzyeze,ct

260 3522 359 3595 valor
394 3525 468 3595 eius
504 3524 707 3595 aestimatur
743 3524 789 3597 ad
825 3524 911 3597 duas
938 3544 1092 3615 mareas3
1119 3530 1155 3599 et
1181 3524 1288 3596 babet
1315 3544 1418 3615 agros
1445 3528 1481 3597 et
1506 3530 1620 3617 prata.
1663 3524 1747 3595 Item
1770 3520 1801 3595 de

261 3644 416 3735 quolibet
442 3644 541 3717 laneo
568 3645 742 3735 plebanali
769 3646 916 3719 soluitur
942 3667 1074 3738 censue,
1089 3667 1158 3719 una
1185 3666 1301 3717 nrarca
1320 3649 1356 3718 et
1373 3651 1452 3719 octo
1469 3646 1656 3737 grossi...;
1673 3646 1756 3717 item
1771 3644 1803 3717 de

260 3766 407 3837 taberna
434 3765 581 3837 solvitur
608 3787 731 3839 census
758 3767 924 3841 ecelesiae
951 3768 986 3841 in
1015 3766 1260 3860 Gorzycze,
1286 3789 1355 3839 uua
1384 3787 1499 3839 marca
1525 3773 1562 3839 et
1588 3774 1668 3840 oeta
1696 3764 1805 3858 grossi.

260 3886 347 3959 item
374 3893 455 3987 srrut
481 3888 517 3959 iu
545 3889 664 3961 eadem
692 3888 872 3989 villa-irie
896 3890 1040 3981 praedia
1067 3890 1242 3980 militaria,
1269 3889 1312 3962 de
1340 3889 1465 3981 quibus
1492 3889 1688 3963 decimatur
1711 3886 1806 3961 ercle·

261 4009 333 4081 siae
368 4010 405 4080 in
432 4008 784 4083 Strzezowieze.
806 3992 912 4085 ‘diem
939 4019 993 4084 est
1020 4012 1069 4084 ibi
1097 4034 1185 4084 unus
1212 4011 1335 4085 laneus
1362 4012 1607 4103 cmetlroualis,
1636 4013 1721 4085 item
1747 4030 1808 4097 ure

259 4129 406 4202 taberna
432 4131 563 4203 babens
590 4151 713 4223 agros,
740 4132 823 4205 item
849 4152 919 4205 una
952 4133 1153 4205 hortularia
1179 4112 1312 4221 habuis
1340 4152 1453 4223 agrae,
1481 4133 1523 4205 de
1553 4132 1681 4235 quibus
1701 4130 1812 4227 β

259 4250 324 4323 bus
350 4252 542 4325 decimatur
569 4253 720 4325 vicariae
746 4254 965 4346 praebendae
993 4252 1293 4345 Saudomiriensis,
1320 4275 1409 4345 quae
1426 4254 1556 4327 dicitur
1572 4252 1813 4347 Kobyerupw

262 4373 326 4464 lra;
353 4374 437 4445 item
465 4374 612 4465 quilibet
638 4374 758 4448 laneus
785 4376 890 4448 solvit
916 4397 1018 4450 uuam
1045 4396 1198 4449 marcam
1226 4396 1301 4448 eum
1330 4380 1407 4449 octo
1433 4378 1576 4467 grossis,
1595 4376 1762 4449 ecelesiae
1779 4374 1835 4449 iu-

261 4492 289 4561 G
302 4514 515 4586 erupere,
544 4502 579 4567 et
616 4517 722 4568 unum
750 4497 840 4569 diem
867 4498 903 4569 in
931 4498 1126 4590 septimana
1152 4497 1332 4589 laborant,
1359 4503 1396 4569 et
1422 4502 1561 4589 pratum
1587 4496 1731 4589 plebani
1757 4494 1816 4569 ial-

259 4594 414 4688 eastraut
440 4622 475 4688 et
501 4616 689 4708 colligunt,
704 4618 834 4708 absque
861 4617 926 4690 die.
962 4619 1051 4691 Item
1085 4618 1191 4693 habet
1216 4619 1366 4717 ¹ecelesia
1401 4618 1437 4691 iu
1460 4616 1706 4713 Gorzyeze
1725 4618 1817 4701 ,dum

260 4737 379 4809 laneos
406 4743 442 4810 et
467 4743 580 4830 prata,
608 4738 651 4810 de
679 4740 804 4830 quibus
831 4739 998 4812 decimam
1024 4762 1089 4832 pro
1117 4760 1155 4812 se
1181 4740 1282 4813 tollit.

362 4856 477 4931 Villae
495 4859 725 4951 parochiales:
752 4858 999 4953 Gordyene,
1025 4861 1176 4935 Maior
1203 4858 1624 4954 Motlricze,b·1iuor
1650 4860 1820 4935 Mothi-

259 4998 354 5071 ene,
381 4981 478 5053 eurio
505 4981 541 5051 in
568 4980 912 5076 Byalkouicze,
939 4982 1116 5075 navigium
1142 4985 1177 5057 in
1205 4982 1400 5076 Usczye,
1428 4988 1464 5057 et
1489 4983 1671 5075 praedium
1701 4984 1822 5075 regalo

261 5101 392 5174 dietum
419 5101 726 5195 Sezytbnyky.

925 5226 1153 5299 Tuzuszurm

362 5338 457 5413 Villa
482 5342 613 5415 babens
640 5344 676 5416 in
704 5364 742 5417 se
768 5347 1003 5435 parochialem
1029 5347 1209 5419 eeclesiam
1236 5347 1395 5440 ligneam,
1422 5346 1549 5420 Sancto
1567 5344 1717 5421 Nicolao
1735 5368 1815 5423 conv

258 5460 383 5533 sessori
418 5462 588 5556 dicatam,
615 5466 650 5537 in
686 5487 756 5559 qua
790 5474 845 5541 est
879 5470 1049 5560 plebanus
1085 5469 1271 5543 modernus
1307 5470 1462 5543 Mutbias
1489 5470 1693 5563 presbpter,
1720 5470 1816 5579 en*¹

258 5586 382 5657 haeres
407 5584 586 5661 lohannes
620 5587 719 5659 Felix
754 5588 797 5660 <le
825 5589 1048 5664 Tbarnow
1081 5592 1289 5664 castellanus
1316 5592 1542 5666 Vislicieusis.
1569 5592 1611 5663 ln
1639 5612 1710 5683 qua
1735 5581 1833 5663 suut*

258 5706 348 5778 lanei
376 5707 629 5801 cnretlronales,
655 5710 738 5781 item
766 5711 952 5804 tabernae,
979 5715 1063 5785 item
1091 5713 1328 5805 hortulaniae,
1357 5716 1439 5787 item
1466 5714 1605 5787 unicum
1633 5712 1812 5805 praedium

257 5827 423 5921 militare,
450 5830 493 5901 de
530 5831 655 5923 quibus
691 5833 850 5905 omnibns
883 5834 1032 5908 solvitur
1069 5842 1105 5907 et
1133 5836 1337 5908 conducitur
1363 5836 1496 5907 decima
1522 5834 1751 5927 manipularis
1776 5840 1810 5907 et

256 5952 441 6043 rarrapaliS,
468 5972 532 6043 pro
559 5953 705 6027 eeclesia
731 5956 766 6025 in
794 5954 1079 6049 Trzesznya,
1107 5965 1144 6029 et
1170 5958 1267 6030 valor
1294 5957 1368 6029 eius
1395 5958 1600 6029 aestimatur
1626 5956 1671 6029 ad
1700 6010 1708 6027 .
1735 6012 1743 6027 .
1769 6010 1809 6025 ..

257 6072 344 6143 ltem
371 6093 474 6164 agros
500 6076 695 6165 praediales
723 6132 732 6147 .
759 6131 766 6147 .
794 6131 803 6147 .
884 6094 903 6139 r.-
1432 6162 1435 6169 ,

359 6192 618 6287 Szorrouurur,
645 6198 730 6270 villa
755 6199 820 6271 sub
847 6200 1013 6289 parochia
1039 6200 1083 6272 de
1111 6200 1309 6273 Trzeszn
1318 6222 1373 6293 yn
1399 6200 1477 6291 sita,
1498 6200 1602 6273 euius
1628 6198 1808 6273 haeresin

256 6319 353 6387 corta
379 6322 478 6405 parte
513 6313 690 6389 Jobarmes
725 6318 824 6391 Felix
861 6320 1144 6414 Taruowsky
1176 6322 1219 6393 de
1245 6324 1351 6395 armis
1378 6322 1571 6413 Leliwa,
1598 6328 1635 6395 et
1662 6322 1809 6395 serenis·

256 6436 363 6505 simus
389 6436 555 6507 Poloniae
582 6458 643 6509 rex
672 6439 707 6509 in
735 6440 813 6511 alia
848 6442 888 6514 ln
917 6465 985 6534 qua
1012 6450 1095 6515 sunt
1121 6444 1212 6515 lanei
1241 6444 1493 6535 emetbonales,
1521 6445 1605 6516 item
1633 6446 1809 6535 tabemae,

254 6556 337 6625 item
363 6557 590 6653 hortulaniae,
618 6562 701 6633 item
729 6564 926 6656 praedium,
954 6565 1150 6657 dequibus
1178 6566 1337 6639 omnibus
1365 6566 1514 6641 solvitur
1540 6572 1577 6639 et
1602 6568 1808 6661 conducitur
