4200 8342
1746 1567 1851 1740 xeax

268 1844 416 1939 siliginis
443 1851 479 1919 et
505 1830 610 1920 unam
637 1864 777 1935 avenae3
805 1846 890 1918 item·
905 1848 1051 1939 quilibet
1068 1841 1323 1920 molendinator
1349 1844 1454 1921 solvit
1472 1847 1619 1937 plebano
1638 1866 1698 1918 sex
1715 1868 1815 1937 gros-

267 1988 335 2058 sos,
354 1973 389 2038 et
406 1969 616 2058 proveniunt
633 1968 751 2040 decem
765 1975 802 2040 et
820 1973 896 2040 octo
914 1969 1037 2058 grossi.
1064 1969 1153 2039 Item
1171 1969 1207 2039 in
1225 1969 1345 2039 eadem
1362 1968 1445 2039 nilla
1458 1969 1679 2040 esttaberna
1697 1973 1820 2040 uocata

267 2086 547 2178 Chresthna,
574 2089 609 2160 iu
628 2093 740 2160 strata
753 2088 894 2183 publica
910 2089 1106 2178 Ilcusiensi‚
1133 2091 1229 2160 cuius
1247 2089 1370 2160 haeres
1388 2088 1565 2161 Johanues
1584 2089 1669 2160 San
1682 2110 1819 2179 spou-

265 2208 370 2300 sky,
406 2210 543 2280 habens·
570 2229 690 2300 agros,
726 2196 920 2299 dequibus
955 2210 1147 2280 decimatur
1182 2209 1424 2280 mansionariis
1459 2207 1745 2281 cracoviensiuus
1782 2211 1817 2280 in

262 2326 482 2423 ponitluwam.
1552 2392 1556 2397 .
1710 2400 1717 2412 ‚

370 2449 534 2542 Woura3
568 2451 653 2523 villa
678 2453 743 2538 sub
769 2452 935 2542 parochia
961 2451 1004 2523 de
1029 2450 1249 2541 Sanspow
1277 2452 1362 2541 sita,
1399 2451 1495 2523 cuius
1521 2449 1690 2521 haeredes
1717 2448 1817 2522 Chri·

267 2570 1818 2662 stophorusetStauislausSchaffrancones,dedomoAntiquorumEquo·
1873 2600 1875 2604 ¹

264 2710 380 2781 rum,
416 2691 453 2763 in
489 2712 572 2782 qua,
593 2699 674 2764 sunt
708 2693 802 2764 lanei
837 2693 1088 2783 emethonales,
1124 2693 1167 2763 de
1203 2693 1328 2783 quibus
1363 2692 1510 2773 solvitur
1545 2696 1581 2762 et
1614 2691 1818 2763 conducitur

264 2809 400 2882 decima
418 2864 560 2883 ......

608 2913 613 2918 ’
831 2963 832 2966 “
931 2932 1170 3005 Suuoszowa.
1453 3023 1456 3027 .
1586 3003 1589 3007 .

369 3051 472 3144 Villa,
498 3053 631 3126 babens
657 3053 839 3125 ecclesiam
865 3054 1099 3144 parochialem
1132 3054 1246 3144 lapide
1272 3053 1353 3125 albo
1372 3058 1567 3143 muratam,
1603 3073 1666 3144 per
1692 3053 1816 3126 scolte-
1935 3074 1936 3077 ’

260 3180 338 3245 tum
364 3179 401 3244 et
426 3176 625 3247 cmetboues
652 3174 765 3265 villae,
793 3180 829 3245 et
854 3174 981 3247 Sancto
1007 3174 1198 3246 Laurentio
1222 3176 1371 3265 martyri
1397 3175 1558 3278 dicatam,
1584 3175 1621 3245 in
1640 3194 1688 3263 se,
1716 3175 1814 3258 cuius

261 3295 387 3389 haeres
413 3294 684 3385 christopherus
710 3294 1077 3386 Schaflranyecz
1104 3294 1367 3367 cumfratribus
1394 3295 1564 3367 dedomo
1591 3292 1815 3401 Antiquo-
1864 3356 1867 3365 f

261 3435 358 3486 rum
384 3414 633 3506 Equorum,
660 3418 696 3487 in
724 3436 792 3507 qua
818 3421 900 3487 sunt
925 3422 1063 3488 centum
1089 3416 1214 3507 ulginti
1240 3416 1331 3486 lanei
1358 3415 1601 3504 cmethonales‚
1628 3414 1814 3505 dequibus

263 3533 401 3606 decima
426 3534 606 3608 lertoualis
632 3537 784 3608 solvitur·
805 3558 879 3626 pro.
895 3537 1099 3628 episcopatu
1126 3525 1365 3626 Cruooviensi‚
1401 3543 1437 3607 et
1463 3536 1688 3626 dequolibet
1713 3536 1813 3606 laneo

264 3655 414 3727 solvitur
439 3677 528 3728 unus
554 3656 644 3730 ferto
663 3658 820 3728 latorum
843 3678 1046 3748 grossorum
1072 3656 1319 3747 Pragensium;
1345 3658 1434 3728 ‘item
1461 3657 1607 3729 ecclesia
1634 3662 1669 3727 et
1694 3657 1814 3747 pleba-

263 3798 330 3848 nus
356 3777 463 3849 habet
489 3778 539 3849 ibi
564 3778 725 3868 proprios
752 3795 856 3868 agros
881 3779 1012 3850 liberos
1030 3784 1066 3849 et
1083 3785 1188 3868 prata
1212 3799 1277 3869 pro
1295 3799 1367 3850 suo·
1383 3778 1526 3869 praedio
1545 3782 1581 3872 et
1597 3779 1813 3849 necessitate.

261 3897 349 3968 Item
367 3898 416 3969 ibi
435 3904 515 3969 sunt
532 3903 606 3970 tres
623 3899 799 3990 tabernae,
825 3920 893 3971 non
912 3899 1080 3971 habentes
1098 3919 1212 3989 agros;
1237 3899 1321 3969 item
1348 3898 1494 3990 quilibet
1520 3899 1655 3970 cmetho
1674 3899 1811 3970 ratione

259 4018 450 4090 missalium
477 4019 582 4091 soluit
598 4020 745 4109 plebano
773 4025 922 4110 quatuor
948 4020 1073 4091 choros
1109 4019 1256 4108 siliginis
1283 4024 1329 4089 et·
1347 4024 1496 4109 quatuor
1522 4038 1651 4091 avenae
1679 4019 1813 4109 planos.

265 4138 355 4209 Item
381 4129 435 4210 est
460 4140 510 4210 ibi
536 4139 714 4230 scultella,
740 4141 872 4212 babens
898 4140 986 4211 duos
1012 4139 1149 4228 laneos,
1176 4146 1213 4210 et
1240 4138 1282 4210 de
1309 4136 1464 4228 quolibet
1488 4139 1589 4210 laneo
1615 4140 1721 4210 solvit
1747 4160 1810 4230 pro

265 4259 414 4350 plebano
441 4266 477 4331 et
503 4261 669 4332 ecclesiae
695 4282 801 4331 unum
827 4260 996 4333 fertonem
1023 4261 1175 4361 latorum
1201 4279 1400 4350 grossorum
1426 4258 1664 4349 Pragensium
1680 4260 1716 4330 iu
1743 4259 1813 4330 Su-

264 4378 483 4470 Ioszowa3
509 4383 592 4452 item
610 4380 788 4453 iueadem
812 4382 894 4453 villa
911 4402 1020 4471 prope
1038 4401 1155 4452 aream
1181 4380 1320 4470 plebani
1342 4380 1521 4474 consurgit
1545 4379 1670 4451 fluvius
1688 4379 1812 4451 Pran-

262 4499 391 4591 dnik,
418 4502 455 4572 in
482 4523 552 4592 quo
577 4507 631 4574 est
656 4502 790 4592 piscina
815 4501 962 4591 plebani.
989 4502 1076 4572 Item
1104 4501 1249 4590 quilibet
1275 4501 1410 4573 emetho
1437 4501 1480 4572 de
1497 4501 1599 4574 laneo
1625 4500 1731 4573 solvit
1747 4522 1811 4591 pro

260 4617 392 4693 mbae
426 4622 573 4711 plebano
599 4622 750 4694 medium
776 4643 953 4713 grossum,
975 4629 1021 4693 et
1034 4623 1235 4717 ‘inquilinus
1268 4643 1330 4693 sex
1356 4611 1538 4718 denarios3
1574 4622 1656 4693 item
1684 4626 1737 4693 est
1763 4623 1813 4694 ibi

262 4741 444 4832 praedium
470 4764 575 4814 unum
602 4743 761 4832 militare,
789 4744 857 4814 sub
872 4749 987 4816 castro
1014 4742 1329 4833 Pyeschkowa
1355 4741 1513 4831 Skala,
1545 4743 1631 4814 satis
1657 4744 1808 4832 amplum

260 4869 297 4934 et
322 4863 442 4954 latum,
468 4863 600 4962 habens
627 4885 746 4954 agros,
773 4864 815 4935 de
844 4865 975 4954 quibus·
996 4864 1145 4936 solvitur
1171 4863 1303 4934 decima
1328 4862 1555 4952 manipularis
1582 4863 1747 4934 ecclesiae
1774 4864 1810 4934 iu

260 4982 566 5081 Sulos'choua
592 4984 680 5054 Item
697 4985 903 5074 homullum„
917 4985 1009 5075 quod
1027 4983 1476 5074 castrumPyeszkoua
1501 4981 1639 5054 Skala
1665 4983 1809 5075 regium,

261 5125 323 5194 per
350 5102 553 5175 Casimirum
581 5103 746 5177 P-olonIae
773 5124 892 5195 regem
918 5110 1101 5193 muratum,
1128 5105 1221 5194 quod
1247 5102 1445 5174 Ludovicus
1472 5101 1636 5175 Polouiae
1659 5110 1695 5176 et
1712 5103 1810 5195 Hun-

259 5225 379 5314 gariae
406 5245 469 5297 rex
496 5225 639 5297 donavit
674 5231 711 5296 et
732 5231 905 5316 perpetuo
925 5226 1119 5316 ¹inscripsit
1143 5224 1259 5295 Petro·
1285 5223 1655 5317 Schallranyecz
1690 5246 1809 5297 succa-

259 5347 419 5434 merario,
446 5350 550 5416 etex
577 5351 657 5435 post
681 5347 836 5435 palatino
864 5345 1093 5418 cracoviensi.
1137 5346 1225 5416 Item
1253 5344 1411 5435 praefata
1446 5346 1592 5417 ecclesia
1618 5346 1668 5416 iu·
1681 5345 1810 5419 Sulo-

259 5466 443 5539 schowa
467 5465 581 5541 nullos
599 5466 694 5538 alins
720 5467 827 5539 habet
853 5472 1060 5557 proventus,
1090 5487 1154 5537 nec
1182 5461 1315 5558 aliqua's
1342 5465 1441 5539 villas
1467 5466 1705 5557 parochIaIes,
1740 5467 1808 5536 nisi

259 5608 363 5657 unam
391 5585 700 5659 Suloschowa.

966 5706 1119 5780 Sanun.-

362 5825 545 5919 Oppidnm,
570 5827 704 5902 habens
729 5829 766 5902 iu
794 5849 831 5901 se
857 5830 1089 5920 parochialem
1116 5829 1295 5902 ecclesiam
1321 5830 1481 5923 ligneam,
1508 5828 1634 5902 Sancto
1662 5826 1806 5903 Nicolao

258 5946 446 6028 confessori
473 5950 620 6022 datam
647 5955 683 6022 et
708 5950 823 6041 lapide
849 5951 1029 6040 muratam,
1058 5953 1154 6022 cuius
1180 5951 1348 6042 plebanus
1374 5950 1499 6022 Petrus
1527 5950 1570 6021 de
1589 6005 1596 6019 .
1616 6004 1623 6019 .
1642 6003 1678 6021 ..
1707 5972 1804 6041 pres-

256 6071 380 6162 byter,
414 6071 513 6142 cuius
546 6073 743 6161 proprietas
779 6072 823 6143 ad
857 6072 1104 6144 monasterium
1140 6069 1451 6145 sanctImouialium
1488 6069 1607 6143 Sancti
1643 6070 1805 6151 Andreae

255 6175 388 6264 ordinis
414 6191 562 6265 Sanctae
589 6191 713 6264 Clarae
739 6193 907 6283 pertinet,
943 6193 979 6263 iu
1007 6214 1075 6283 quo
1102 6199 1183 6264 sunt
1209 6192 1334 6282 viginti
1361 6196 1508 6282 quatuor
1534 6193 1626 6264 lanei
1652 6196 1805 6267 emetho-

256 6313 372 6404 mles,
400 6311 443 6384 de
470 6314 608 6404 quibus.
622 6314 741 6385 decem
775 6313 866 6384 lanei
898 6313 1131 6385 cmethonales
1167 6291 1354 6384 decimant*
1374 6313 1536 6405 episcopo
1572 6313 1803 6406 Graeovieusi,

256 6433 375 6507 decem
401 6454 486 6507 vero
499 6435 730 6523 monasteria
759 6433 801 6504 de
828 6433 978 6508 residuis
997 6455 1079 6506 vero
1107 6439 1256 6525 quatuor
1281 6435 1398 6525 laneis,
1425 6435 1486 6526 qui
1503 6433 1614 6532 rooluy
1631 6436 1805 6530 dicuntur,

256 6554 405 6629 soletur
431 6560 467 6627 et
492 6555 696 6629 conducitur
722 6554 855 6634 decima
880 6555 1105 6649 manipularis
1131 6562 1168 6627 et
1195 6556 1369 6651 canapaIIs
1402 6557 1567 6630 ecclesiae
1593 6564 1633 6643 et,
1654 6559 1809 6651 plebano,
