4200 8342
284 1630 356 1701 130

138 1893 145 1914 ,
278 1835 361 1905 item
387 1830 619 1918 hortulaniae,
646 1826 689 1898 (11
716 1825 840 1918 quibus
868 1824 1014 1895 solvitur
1040 1823 1173 1895 decima
1200 1821 1425 1913 manipularis
1452 1825 1488 1891 et
1514 1817 1690 1909 canapalis
1717 1816 1826 1906 capel-

278 1953 332 2025 lae
359 1951 392 2023 S.
410 1950 531 2023 Crucis
556 1946 757 2020 incoelesia
782 1929 1020 2035 Cr'acoriousi,
1047 1964 1091 2015 ex
1109 1944 1297 2016 donatione
1322 1941 1494 2014 Johannis
1520 1937 1827 2026 Rneszowsky

256 2071 430 2163 'episcopi
465 2066 722 2156 cracoviensis,
757 2085 927 2138 consensu
963 2065 1206 2154 capitularium
1242 2061 1570 2150 nenotenarsis
1596 2059 1695 2133 valor
1726 2058 1827 2128 aesti-

276 2196 390 2263 matur
416 2189 463 2262 ad
488 2188 606 2261 decem
631 2206 789 2258 marcas·
816 2186 905 2257 Item
940 2190 994 2257 est
1020 2186 1071 2257 ibi
1096 2185 1235 2256 unicum
1258 2182 1445 2274 praedium
1470 2180 1622 2252 militare
1649 2179 1686 2250 in
1713 2177 1827 2268 plures

276 2309 589 2398 (1111111111,
626 2306 669 2377 de
696 2325 764 2395 quo
791 2304 981 2386 decimatur
1011 2303 1183 2375 ,ecclesiae
1219 2303 1256 2374 in
1281 2301 1537 2392 Krzydlna,
1563 2304 1601 2371 et
1626 2298 1728 2370 valor
1755 2298 1827 2367 eius

189 2514 192 2522 Δ
275 2429 478 2505 aestimatur
504 2425 549 2501 ad
574 2429 724 2517 quatuor
750 2443 893 2499 marcas.
932 2423 1022 2494 Item
1047 2422 1193 2501 ecclesia
1207 2422 1325 2494 hahet
1350 2421 1401 2494 ibi
1417 2420 1579 2511 proprios
1605 2438 1710 2509 agros
1737 2417 1822 2487 libe

275 2567 336 2619 ros
362 2554 398 2619 et
424 2551 535 2637 prata,
563 2565 627 2636 pro
654 2565 718 2617 suo
746 2544 908 2634 praedio,
934 2565 1000 2614 usu
1026 2549 1063 2615 et
1089 2542 1306 2615 necessitate.

380 2666 648 2755 Pazuuoscnn‚
675 2665 759 2735 villa
785 2664 850 2735 sub
877 2663 1042 2753 parochia
1078 2663 1122 2734 de
1146 2662 1377 2735 Krzidlna
1403 2662 1502 2752 sita,
1516 2661 1614 2733 cuius
1640 2658 1827 2730 haeredes:

276 2787 454 2859 Johauues
473 2785 628 2874 Marcus,
656 2782 845 2873 Georgius,
871 2781 1156 2873 Katholous,
1183 2782 1226 2854 de
1245 2782 1346 2855 domo
1365 2779 1577 2881 Suarzya.
1603 2780 1646 2851 In
1664 2784 1827 2870 quasunt

273 2907 367 2980 lanei
393 2906 645 2994 emethonales,
678 2905 763 2976 item
789 2894 972 2994 tabernae,
1009 2904 1092 2976 item
1111 2903 1315 2994 hortulani,
1349 2903 1392 2974 de
1420 2903 1544 2993 quihus
1569 2906 1607 2973 et
1624 2899 1829 3001 corlducitur

274 3027 408 3100 decima
425 3026 651 3116 manipularis
669 3031 706 3097 et
724 3024 899 3115 canapalis
922 3046 986 3116 pro
1004 3025 1216 3123 monasterio
1232 3023 1538 3116 Szeczechoviensi
1556 3022 1690 3095 ordinis
1712 3018 1828 3091 Sancti

274 3147 466 3222 Benedicti.
505 3145 555 3217 Et
580 3146 679 3217 valor
715 3145 789 3217 eius
810 3147 1029 3235 aestimatur
1057 3199 1171 3216 .....
1179 3218 1182 3223 ,
1206 3145 1297 3217 Item
1323 3144 1504 3234 praedium
1530 3149 1586 3213 est
1604 3143 1662 3214 ihi
1688 3142 1825 3212 unicum

273 3268 444 3357 militare,
480 3265 523 3338 do
549 3287 618 3357 quo
655 3264 803 3337 solvitur
821 3311 822 3314 =
838 3266 1003 3338 ecclesiae
1038 3267 1075 3340 in
1101 3265 1336 3338 Krzidlna
1362 3264 1495 3336 decima
1520 3261 1769 3359 manipularis,
1794 3265 1829 3330 et

197 3385 201 3395 '
275 3386 375 3458 valor
401 3387 476 3458 eius
503 3387 709 3459 aestimatur
735 3384 780 3475 ad
807 3385 893 3457 duas
920 3407 1065 3458 marcas.

377 3506 696 3594 Rnczusonzunr,
722 3504 806 3576 villa
832 3505 897 3576 suh
922 3507 1092 3595 parochia
1126 3506 1170 3577 de
1196 3504 1419 3577 Grzidlna
1453 3505 1541 3594 sita,
1576 3504 1674 3575 cuius
1703 3502 1827 3574 haeres

273 3625 451 3699 Johannes
479 3623 726 3714 Swyeczka
752 3646 830 3696 cum
855 3624 1023 3697 fratribus
1040 3626 1095 3698 :de
1113 3619 1222 3698 'domo
1251 3625 1432 3716 Sarzya
1471 3624 1513 3695 In
1530 3644 1600 3715 qua
1625 3630 1710 3714 suut
1736 3623 1825 3706 lanei

274 3745 524 3836 emethonales,
551 3746 636 3818 item
653 3746 830 3836 tabernae,
849 3746 932 3817 item
950 3745 1184 3836 hortulaniae,
1202 3745 1245 3817 do
1264 3747 1388 3835 quibus
1407 3744 1554 3816 solvitur
1571 3750 1607 3816 et
1624 3743 1829 3815 conducitur

276 3865 409 3936 decima
433 3864 659 3956 manipularis
686 3871 723 3936 et
746 3865 922 3956 canapalis
949 3887 1012 3956 pro
1031 3867 1242 3941 monasterio
1269 3865 1579 3949 Szcczechoviensi.
1617 3865 1707 3936 Item
1727 3862 1826 3954 prae-

271 3986 366 4059 dium
392 3991 447 4057 est
464 3987 513 4059 ibi
532 3986 673 4058 unicum
701 3986 868 4077 milltare,
896 3987 1025 4078 dequo
1053 3986 1246 4058 decimatur
1271 3986 1439 4058 ecclesiae
1462 3986 1499 4057 in
1525 3985 1776 4076 Krzydlna.

375 4106 613 4196 Kosunznoz,
640 4106 724 4178 villa
739 4106 812 4180 >sub
835 4107 1000 4197 parochIa
1023 4107 1066 4179 de
1084 4106 1306 4179 Crzidlna
1332 4107 1418 4197 sita,
1445 4107 1542 4191 cuius
1559 4106 1684 4190 haeres
1703 4106 1827 4179 Petrus

271 4226 616 4319 Kostrzeczshy
643 4226 815 4299 dedomo
842 4226 1054 4319 Szyarza.
1092 4228 1133 4300 In
1152 4248 1220 4319 qua
1245 4232 1328 4302 sunt
1353 4227 1445 4298 lanei
1472 4227 1715 4318 cmethouales‚
1742 4229 1825 4298 item

271 4349 458 4436 tabernae,
484 4348 568 4418 item
594 4346 838 4437 hortulaniae,
868 4346 911 4418 de
938 4349 1063 4437 quibus
1090 4348 1238 4420 solvitur
1265 4352 1301 4419 et
1327 4347 1532 4421 conducitur
1558 4347 1692 4419 decima
1718 4349 1828 4419 mani-

270 4465 403 4556 pularis
429 4472 466 4537 ot
483 4465 661 4554 canapalis
688 4486 752 4555 pro
770 4467 981 4538 monasterio
1012 4467 1326 4541 Szeozechorieusi.
1376 4468 1464 4538 Item
1490 4467 1670 4558 praedium
1697 4474 1754 4540 est
1778 4469 1828 4538 ibi

272 4586 411 4657 unicum
437 4585 603 4675 militare,
631 4585 675 4657 de
692 4586 790 4656 cuius
817 4587 910 4676 agris
929 4586 1120 4660 decimatur
1148 4589 1376 4660 ecclesiae-in
1393 4587 1638 4678 Krzidlna,
1666 4574 1702 4659 et
1730 4589 1828 4660 valor

272 4707 347 4776 eius
374 4704 420 4776 ad
446 4710 519 4777 tres
547 4726 681 4776 marcas
707 4706 921 4786 aestimatur.
1412 4702 1416 4707 ’

377 4824 542 4915 Sunonn,
569 4826 653 4896 villa
679 4827 743 4897 sub
762 4829 928 4917 parochia
955 4829 999 4900 de
1020 4828 1255 4919 Krzydlna
1281 4829 1367 4918 sita,
1395 4830 1493 4901 cuius
1518 4830 1641 4902 haeres
1667 4830 1825 4920 Raphael

246 4942 547 5034 ·Szwyeczka
583 4941 626 5016 de
653 4946 760 5018 armis
796 4946 1040 5022 Polukoza.
1084 4949 1124 5019 ln
1157 4969 1226 5039 qua
1260 4955 1343 5021 sunt
1377 4949 1469 5021 lanei
1504 4950 1756 5039 cmethonalcs,
1783 4950 1826 5021 de

273 5064 399 5154 qulbus
427 5062 574 5135 solvitur
601 5064 734 5137 decima
759 5067 985 5156 manipularis
1013 5069 1174 5159 episcopo
1202 5068 1432 5140 cracoviensi.
1472 5069 1560 5140 Item
1582 5077 1636 5140 est
1654 5071 1702 5141 ibi
1722 5091 1827 5142 uuum

270 5183 451 5272 praedium
477 5184 638 5275 milltare,
667 5185 710 5256 de
737 5207 804 5276 quo
832 5187 1025 5259 decimatur
1050 5188 1216 5260 ecclesiae
1242 5189 1279 5260 in
1304 5188 1553 5279 Krzydlua

831 5359 832 5362 a
922 5306 1176 5396 Cossoczmzs.

818 5545 1130 5619 anmnuowmzs
1156 5569 1285 5621 maros.
1368 5561 1392 5621 .·
1526 5545 1529 5556 “

376 5661 471 5736 Villa
505 5663 635 5736 habens
662 5665 696 5735 iu
726 5685 763 5736 so
790 5666 970 5738 ecclesiam
997 5668 1228 5757 parochialem
1254 5669 1422 5758 ligneam,
1458 5668 1583 5741 honori
1610 5668 1764 5761 Spiritus
1792 5670 1825 5743 S.

272 5786 441 5873 dicatam,
479 5785 574 5855 cuins
602 5786 799 5876 proprietas
835 5790 871 5856 et
897 5787 1085 5859 dominium
1120 5789 1164 5860 ad
1186 5787 1382 5878 oppidanos
1413 5790 1635 5861 Bochnenses
1662 5793 1824 5881 pertinet.

270 5908 312 5978 ln
340 5926 407 5996 qua
434 5911 515 5976 sunt
531 5901 638 5975 ¹lanei
675 5907 922 5996 cmothonales,
958 5907 1042 5979 item
1078 5908 1225 5986 taberna
1256 5930 1342 5999 ona,
1379 5910 1463 5981 item
1497 5909 1719 6009 hortulaniae
1756 5933 1823 5983 non

269 6031 369 6115 suut,
398 6024 583 6115 dequibus
611 6027 768 6129 omnibus
796 6027 944 6117 solvitur
971 6035 1007 6099 et
1025 6029 1229 6100 conducitur
1256 6029 1388 6100 decima
1414 6031 1640 6120 manipularis
1668 6037 1704 6103 et
1722 6053 1825 6104 carra-

270 6148 360 6240 palis
379 6146 596 6236 praebendae
616 6145 845 6238 Oracovieusi,
874 6169 962 6238 quae
980 6155 1126 6220 vocatur
1143 6149 1351 6249 Zyrawska,
1380 6150 1476 6222 onius
1494 6152 1594 6222 valor
1611 6150 1656 6221 ad
1675 6153 1825 6243 quinque

271 6288 407 6340 marcas
435 6267 650 6338 aestimatur.
691 6268 776 6339 Item
805 6275 888 6340 snut
913 6270 962 6340 ibi
989 6269 1097 6358 aliqui
1123 6271 1234 6359 campi
1261 6272 1365 6360 parri
1383 6271 1419 6341 in
1446 6271 1565 6342 stadia·
1587 6271 1753 6361 distincti,
1781 6273 1822 6343 do

268 6390 396 6482 quibus
423 6386 555 6461 decima
582 6387 728 6463 solvitur
754 6390 919 6462 ecclesIae
955 6391 990 6460 iu
1018 6390 1244 6482 Bochnya.
1284 6391 1372 6462 Item
1406 6393 1512 6464 habet
1537 6392 1586 6463 ibi
1613 6393 1760 6464 ecclesia
1786 6398 1822 6464 et
