4200 8342
241 1617 418 1692 Ι16ἳΙ

297 1823 545 1912 emethonales,
582 1822 663 1891 item
691 1825 763 1891 tros
790 1820 973 1906 tabernae,
1002 1816 1085 1889 item
1113 1815 1264 1907 quinque
1291 1811 1511 1888 hortulaniac
1537 1811 1712 1887 habentes
1738 1833 1843 1904 agros

297 1945 489 2035 dequibus
517 1942 674 2013 omnibus
710 1941 841 2029 absque
874 1938 1104 2013 diminutione
1140 1937 1288 2009 solvitur
1314 1935 1447 2009 decima
1481 1935 1710 2026 manipularis
1737 1936 1845 2007 archi·

296 2065 491 2137 diaconatui
531 2060 769 2151 Oracoviensi‚
806 2059 982 2149 canapalis
1009 2078 1092 2129 vero
1130 2058 1279 2130 solvitur
1304 2078 1369 2148 per
1395 2062 1544 2149 quatuor
1578 2057 1779 2144 iuncturas,
1812 2064 1845 2128 et

295 2187 393 2257 valor
420 2185 494 2255 cius
521 2183 724 2253 aestimatur
747 2181 790 2251 ad
810 2181 934 2270 viginti
960 2199 1103 2250 marcas.
1129 2179 1218 2250 Item
1246 2183 1300 2250 est
1325 2179 1375 2250 ibi
1400 2178 1513 2263 curib
1524 2177 1690 2251 militaris
1718 2178 1846 2249 habens

294 2326 405 2395 agros,
433 2305 475 2375 de
504 2304 627 2393 quibus
655 2302 845 2373 decimatur
871 2301 1034 2371 ecclcsiae
1062 2305 1098 2372 et
1125 2301 1199 2371 eius
1226 2300 1373 2390 plebano
1400 2300 1437 2369 in
1463 2299 1721 2391 Lopyszno.

354 2400 364 2415 ⁸
398 2424 584 2512 (lacunar,
612 2423 696 2494 villa
722 2423 785 2494 sub
812 2421 978 2512 parochia
1003 2421 1171 2493 ecclesiae
1197 2419 1241 2493 de
1267 2420 1479 2510 Antiqua
1503 2420 1745 2493 Brzeszlro
1773 2421 1847 2510 sita,

295 2546 392 2617 cuius
422 2545 618 2635 proprietas
654 2549 690 2614 et
725 2543 912 2613 dominium
948 2542 993 2613 ad
1020 2541 1278 2613 serenissimum
1314 2540 1491 2631 domiuum
1526 2539 1695 2615 Pelopiae
1733 2561 1847 2631 regern

295 2665 457 2754 pertinet.
484 2663 526 2734 In
544 2668 709 2752 quaeunt
735 2667 813 2733 octo
839 2661 931 2732 lanei
949 2658 1193 2753 cmethonales‚
1220 2662 1309 2745 iteru¹
1331 2660 1420 2767 duae
1446 2661 1625 2751 tabernae,
1652 2660 1696 2734 dc
1724 2662 1847 2752 quibus

296 2785 441 2857 solvitur
459 2790 495 2855 et
514 2783 716 2855 conducitur
742 2782 874 2854 decima
899 2782 1126 2872 manipularis
1144 2788 1182 2853 et
1200 2802 1262 2872 per
1288 2788 1438 2873 quatuor
1464 2782 1645 2855 iuncturas
1674 2782 1848 2872 cenapolis

296 2904 590 2975 archidiaconatui
626 2902 866 2992 Gracovicnsi,
902 2908 939 2973 et
965 2902 1064 2973 valor
1094 2902 1169 2974 eius
1196 2901 1240 2974 ad
1267 2901 1386 2974 decem
1412 2908 1449 2975 et
1475 2908 1553 2975 octo
1580 2922 1718 2974 marcas
1745 2903 1846 2973 aesti-

295 3031 418 3096 matur.
454 3025 541 3094 Item
569 3029 622 3094 ost
648 3024 696 3095 ibi
723 3023 903 3113 praedium
931 3023 1066 3112 regale,
1103 3023 1145 3094 de
1173 3043 1241 3113 quo
1268 3022 1403 3095 decima
1437 3023 1543 3096 datur
1568 3045 1647 3096 cum
1674 3023 1846 3114 aliquibus

293 3146 396 3235 agris,
415 3146 520 3217 etiam
534 3144 668 3216 duabus
683 3145 838 3216 tabernis
856 3144 1036 3236 adiunctis,
1055 3144 1219 3216 ecclesiae
1233 3149 1268 3216 et
1282 3145 1356 3217 eius
1369 3144 1517 3236 plebano
1534 3145 1572 3216 in
1589 3143 1613 3217 J
1621 3143 1844 3235 adownyky

295 3287 403 3356 prope
430 3266 654 3355 Bochnya
1675 3250 1682 3263 ’

397 3385 602 3458 Praebenda
619 3385 739 3458 Sancti
755 3385 934 3458 Pancratii
952 3387 988 3457 in
1002 3385 1212 3477 Antiqua
1238 3385 1439 3459 Brzesslr
1450 3409 1481 3477 o,
1507 3389 1605 3459 cuius
1622 3392 1795 3477 patronus
1811 3392 1846 3459 et

235 3494 238 3500 ’
298 3506 443 3578 collator
469 3514 523 3578 est
540 3507 649 3580 abbas
668 3527 743 3578 cum
763 3528 825 3580 suo
848 3512 1018 3579 conventu
1036 3508 1072 3579 in
1091 3506 1300 3598 Chebdosv,
1328 3508 1460 3580 ordinis
1478 3507 1844 3581 Praemonstratensis·

297 3628 342 3699 ad
377 3628 521 3698 eandem
556 3627 787 3717 praebendam
828 3628 955 3700 dantur
1000 3629 1154 3700 decimae
1188 3629 1422 3719 manipulares
1458 3610 1644 3702 cuiuslibet
1676 3631 1779 3721 gram
1814 3633 1849 3699 et

296 3749 437 3821 seminis
464 3748 716 3839 praebendario
743 3769 807 3839 pro
834 3754 990 3838 tempore
1026 3750 1207 3840 existenti,
1244 3770 1287 3821 ex
1313 3749 1405 3823 villis
1440 3748 1464 3821 S
1472 3750 1786 3841 yroslawicze
1812 3757 1846 3820 et

296 3869 679 3960 Maczeyowicze,
716 3890 849 3975 necnon
884 3876 965 3959 post
1000 3872 1132 3942 curiam
1168 3869 1332 3963 hoave*)
1361 3869 1404 3941 de
1431 3893 1500 3943 uno
1526 3870 1648 3978 lupen,
1685 3872 1746 3962 qui
1782 3870 1847 3942 init

295 3991 530 4080 cmethonalis,
557 3991 754 4062 abstractus
780 3997 895 4062 tamen
914 3998 950 4062 et
969 3991 1125 4079 adiectus
1150 3992 1292 4081 praedio
1310 3991 1456 4063 militari
1482 3993 1517 4063 in
1545 3990 1846 4083 Syroslawicze

294 4112 467 4182 existenti.
504 4111 559 4182 Ex
586 4113 711 4202 quibus
738 4113 896 4186 omnibus
924 4113 1017 4202 agris
1045 4113 1214 4183 dictarum
1252 4113 1412 4184 villarum
1439 4112 1787 4205 Syroslawicze
1813 4119 1847 4185 et
1887 4122 1897 4126 ’

295 4231 643 4323 Macyeowicze‚
671 4239 706 4303 ct
733 4254 775 4304 ex
804 4233 903 4304 laneo
916 4219 1027 4304 'dicto
1054 4229 1317 4328 Ir'oowenczslcp,
1345 4239 1441 4306 etex
1461 4234 1538 4306 aliis
1565 4234 1726 4306 omnibus
1753 4235 1846 4331 agris

294 4353 550 4442 praedictarum
577 4352 747 4442 villarum,
775 4353 978 4425 conducitur
1005 4353 1138 4425 decima
1163 4344 1454 4444 manipularis'in
1480 4375 1669 4446 commune,
1696 4355 1786 4427 alias
1811 4356 1846 4426 in

291 4470 506 4568 perarduum.
534 4472 629 4561 Quae
648 4474 785 4563 quidem
805 4474 937 4545 decima
954 4475 998 4545 ad
1016 4474 1305 4564 praebendarium
1325 4474 1444 4548 Sancti
1470 4475 1646 4549 Pancratii
1674 4470 1845 4566 spectans,

294 4595 421 4666 dicitur
450 4594 583 4665 decima
608 4614 742 4695 magna.
817 4585 833 4613 '

1005 4717 1146 4793 Boura.

397 4834 492 4909 Villa
518 4837 650 4910 habens
677 4838 713 4910 in
740 4857 777 4909 se
804 4837 1037 4928 parochialem
1068 4839 1236 4929 ligneam,
1262 4837 1368 4911 Sanct
1386 4893 1527 4910 ......
1554 4839 1724 4933 dicaam,
1751 4842 1846 4914 cuius

294 4959 419 5032 haeres
445 4959 547 5051 lley,
585 4961 627 5033 de
654 4961 759 5030 armis
779 5014 921 5029 ......
965 4959 1006 5030 Iu
1035 4981 1103 5050 quo
1138 4967 1220 5032 suut
1255 4981 1315 5031 sex
1347 4960 1439 5033 lanei
1474 4962 1728 5052 emethunales,
1764 4964 1846 5034 item

295 5081 481 5169 tabernae,
508 5081 592 5151 itorn
619 5081 812 5171 hortulani,
840 5080 882 5152 de
910 5082 1034 5171 quibus
1063 5081 1220 5153 omnibus
1247 5081 1395 5154 solvitur
1421 5088 1457 5152 et
1484 5082 1687 5155 conducitur
1713 5083 1846 5156 decima

295 5202 520 5290 manipularis
548 5208 583 5273 et
611 5204 784 5294 canapalis
811 5224 875 5293 pro
903 5203 1055 5292 capitulo
1083 5201 1325 5292 Cracoviensi3
1352 5210 1388 5274 et
1415 5203 1513 5275 valor
1540 5205 1614 5276 eius
1640 5206 1846 5279 aestimatur

295 5320 338 5391 ad
358 5375 472 5392 .....
482 5347 490 5410 ;
519 5325 600 5393 item
629 5332 682 5394 cst
700 5326 748 5395 ibi
776 5346 845 5394 una
871 5325 1017 5395 taberne
1035 5325 1080 5395 ad
1098 5324 1236 5414 plebani
1263 5325 1730 5415 proprietatempertinens,
1758 5347 1845 5416 quac

295 5464 358 5533 pro
387 5463 490 5512 censu
519 5442 622 5513 solvit
648 5443 734 5514 duas
763 5465 952 5534 sexagenas
980 5445 1147 5534 pleban03
1174 5445 1258 5516 item
1286 5446 1453 5516 decimam
1477 5446 1519 5517 de
1539 5447 1632 5535 agris
1659 5447 1732 5517 suis
1761 5467 1846 5537 quos

295 5563 417 5652 habet,
444 5563 547 5634 etiarn
576 5564 723 5653 plebano
759 5565 882 5653 solvit;
917 5567 1000 5636 itern
1028 5571 1083 5637 est
1109 5566 1157 5637 ibi
1185 5563 1499 5656 septimus'laueus
1530 5567 1776 5658 ornethonaliS,
1804 5567 1846 5639 dc

296 5706 363 5775 quo
391 5684 582 5757 decimatur
608 5706 672 5774 pro
699 5685 862 5775 plebau03
890 5686 971 5756 item
997 5687 1105 5759 habet
1130 5687 1179 5759 ibi
1206 5687 1351 5759 ecclesia
1376 5694 1413 5759 et
1439 5687 1608 5778 plebanus
1633 5708 1739 5778 agros
1766 5709 1848 5779 pro·

294 5808 392 5897 prios
419 5813 455 5878 et
480 5812 598 5898 prata,
626 5828 690 5897 pro
718 5828 780 5879 suo
808 5829 874 5879 usu
900 5813 936 5879 et
962 5809 1179 5880 necessitate.

881 5930 1257 6003 Mruuuscnowrczn.

386 6048 491 6122 'Villa
517 6052 649 6125 habens
677 6051 857 6147 ecclesiam
894 6051 1128 6142 parochialem
1155 6052 1191 6123 iu
1217 6073 1254 6123 se
1281 6052 1450 6144 ligneam,
1486 6050 1592 6125 Sauct
1609 6104 1725 6126 .....
1753 6053 1847 6131 dica·

293 6177 374 6260 tam,
402 6173 499 6243 cuius
525 6174 648 6245 haeres
675 6174 838 6247 Nicolaus
866 6173 1152 6264 Czykowsky
1180 6172 1342 6246 dedomo
1369 6173 1575 6247 Radwan.
1602 6173 1642 6246 ln
1670 6198 1740 6267 qua
1766 6183 1848 6250 suut

295 6292 413 6362 decern
439 6293 531 6363 lanei
559 6295 801 6385 cmethonales‚
829 6296 912 6365 item
932 6296 1020 6366 duae
1039 6295 1224 6384 tabernac,
1252 6315 1322 6368 una
1338 6294 1476 6385 plebani
1494 6318 1563 6367 non
1581 6297 1716 6370 liabens
1734 6319 1849 6391 agros,

280 6564 285 6574 ·
398 6547 428 6631 *l
451 6557 611 6617 correntes
631 6550 683 6634 (l).
