<?xml version="1.0" encoding="UTF-8"?>
<!DOCTYPE html PUBLIC "-//W3C//DTD XHTML 1.0 Transitional//EN"
    "http://www.w3.org/TR/xhtml1/DTD/xhtml1-transitional.dtd">
<html xmlns="http://www.w3.org/1999/xhtml" xml:lang="en" lang="en">
 <head>
  <title>
</title>
<meta http-equiv="Content-Type" content="text/html;charset=utf-8" />
  <meta name='ocr-system' content='tesseract 3.04.00' />
  <meta name='ocr-capabilities' content='ocr_page ocr_carea ocr_par ocr_line ocrx_word'/>
</head>
<body>
  <div class='ocr_page' id='page_1' title='image "./joannisdugoszse01dugoog_0408.png"; bbox 0 0 4200 8342; ppageno 0'>
   <div class='ocr_carea' id='block_1_1' title="bbox 311 1648 385 1723">
    <p class='ocr_par' dir='ltr' id='par_1_1' title="bbox 311 1648 385 1723">
     <span class='ocr_line' id='line_1_1' title="bbox 311 1648 385 1723; baseline -0.014 -1"><span class='ocrx_word' id='word_1_1' title='bbox 311 1648 385 1723; x_wconf 75' lang='grc'>376</span> 
     </span>
    </p>
   </div>
   <div class='ocr_carea' id='block_1_2' title="bbox 221 1837 1947 3513">
    <p class='ocr_par' dir='ltr' id='par_1_2' title="bbox 308 1837 1860 2072">
     <span class='ocr_line' id='line_1_2' title="bbox 310 1837 1860 1949; baseline -0.001 -19"><span class='ocrx_word' id='word_1_2' title='bbox 310 1837 347 1930; x_wconf 85' lang='lat' dir='ltr'>et</span> <span class='ocrx_word' id='word_1_3' title='bbox 380 1858 478 1932; x_wconf 84' lang='lat' dir='ltr'>valor</span> <span class='ocrx_word' id='word_1_4' title='bbox 513 1857 588 1928; x_wconf 88' lang='lat' dir='ltr'>eius</span> <span class='ocrx_word' id='word_1_5' title='bbox 622 1855 825 1928; x_wconf 89' lang='lat' dir='ltr'>aestimatur</span> <span class='ocrx_word' id='word_1_6' title='bbox 861 1856 906 1928; x_wconf 89' lang='lat' dir='ltr'>ad</span> <span class='ocrx_word' id='word_1_7' title='bbox 942 1855 1137 1948; x_wconf 89' lang='lat' dir='ltr'>quindecim</span> <span class='ocrx_word' id='word_1_8' title='bbox 1172 1875 1313 1929; x_wconf 87' lang='lat' dir='ltr'>marcas.</span> <span class='ocrx_word' id='word_1_9' title='bbox 1354 1858 1441 1930; x_wconf 82' lang='lat' dir='ltr'>Item</span> <span class='ocrx_word' id='word_1_10' title='bbox 1476 1857 1645 1949; x_wconf 85' lang='lat' dir='ltr'>plebanus</span> <span class='ocrx_word' id='word_1_11' title='bbox 1675 1855 1783 1929; x_wconf 88' lang='lat' dir='ltr'>hahet</span> <span class='ocrx_word' id='word_1_12' title='bbox 1808 1856 1860 1928; x_wconf 92' lang='lat' dir='ltr'>ihi</span> 
     </span>
     <span class='ocr_line' id='line_1_3' title="bbox 308 1978 1501 2072; baseline -0.002 -20"><span class='ocrx_word' id='word_1_13' title='bbox 308 2001 413 2053; x_wconf 86' lang='lat' dir='ltr'>unum</span> <span class='ocrx_word' id='word_1_14' title='bbox 440 1980 577 2052; x_wconf 87' lang='lat' dir='ltr'>laneum</span> <span class='ocrx_word' id='word_1_15' title='bbox 603 1978 751 2052; x_wconf 91' lang='lat' dir='ltr'>liberum</span> <span class='ocrx_word' id='word_1_16' title='bbox 778 2000 841 2072; x_wconf 90' lang='lat' dir='ltr'>pro</span> <span class='ocrx_word' id='word_1_17' title='bbox 868 1979 1012 2071; x_wconf 86' lang='lat' dir='ltr'>praedio</span> <span class='ocrx_word' id='word_1_18' title='bbox 1039 1999 1113 2068; x_wconf 86' lang='lat' dir='ltr'>suo,</span> <span class='ocrx_word' id='word_1_19' title='bbox 1140 1983 1176 2050; x_wconf 89' lang='lat' dir='ltr'>et</span> <span class='ocrx_word' id='word_1_20' title='bbox 1202 1984 1315 2069; x_wconf 80' lang='lat' dir='ltr'>prata</span> <span class='ocrx_word' id='word_1_21' title='bbox 1364 1997 1366 2002; x_wconf 88' lang='lat'>·</span> <span class='ocrx_word' id='word_1_22' title='bbox 1495 2025 1501 2040; x_wconf 80' lang='grc'><strong>-</strong></span> 
     </span>
    </p>

    <p class='ocr_par' dir='ltr' id='par_1_3' title="bbox 305 2091 1947 2813">
     <span class='ocr_line' id='line_1_4' title="bbox 411 2091 1859 2192; baseline 0.003 -22"><span class='ocrx_word' id='word_1_23' title='bbox 411 2099 575 2191; x_wconf 78' lang='lat' dir='ltr'>Wonrm‚</span> <span class='ocrx_word' id='word_1_24' title='bbox 603 2100 686 2172; x_wconf 86' lang='lat' dir='ltr'>villa</span> <span class='ocrx_word' id='word_1_25' title='bbox 712 2102 777 2173; x_wconf 89' lang='lat' dir='ltr'>sub</span> <span class='ocrx_word' id='word_1_26' title='bbox 804 2102 971 2192; x_wconf 88' lang='lat' dir='ltr'>parochia</span> <span class='ocrx_word' id='word_1_27' title='bbox 997 2101 1163 2173; x_wconf 87' lang='lat' dir='ltr'>ccclesiae</span> <span class='ocrx_word' id='word_1_28' title='bbox 1190 2099 1233 2171; x_wconf 92' lang='lat' dir='ltr'>de</span> <span class='ocrx_word' id='word_1_29' title='bbox 1259 2099 1463 2191; x_wconf 78' lang='lat' dir='ltr'>Zagoscz</span> <span class='ocrx_word' id='word_1_30' title='bbox 1491 2101 1570 2192; x_wconf 83' lang='lat' dir='ltr'>sita,</span> <span class='ocrx_word' id='word_1_31' title='bbox 1597 2091 1694 2174; x_wconf 90' lang='lat' dir='ltr'>cuius</span> <span class='ocrx_word' id='word_1_32' title='bbox 1720 2101 1859 2192; x_wconf 87' lang='lat' dir='ltr'>propri-</span> 
     </span>
     <span class='ocr_line' id='line_1_5' title="bbox 306 2220 1859 2314; baseline 0 -21"><span class='ocrx_word' id='word_1_33' title='bbox 306 2227 383 2295; x_wconf 86' lang='lat' dir='ltr'>etas</span> <span class='ocrx_word' id='word_1_34' title='bbox 409 2222 454 2293; x_wconf 90' lang='lat' dir='ltr'>ad</span> <span class='ocrx_word' id='word_1_35' title='bbox 480 2224 738 2295; x_wconf 88' lang='lat' dir='ltr'>serenissimum</span> <span class='ocrx_word' id='word_1_36' title='bbox 766 2224 929 2296; x_wconf 91' lang='lat' dir='ltr'>Poloniac</span> <span class='ocrx_word' id='word_1_37' title='bbox 956 2244 1074 2314; x_wconf 88' lang='lat' dir='ltr'>regem</span> <span class='ocrx_word' id='word_1_38' title='bbox 1101 2220 1327 2313; x_wconf 85' lang='lat' dir='ltr'>pertinet-In</span> <span class='ocrx_word' id='word_1_39' title='bbox 1353 2242 1420 2313; x_wconf 89' lang='lat' dir='ltr'>qua</span> <span class='ocrx_word' id='word_1_40' title='bbox 1438 2227 1519 2294; x_wconf 89' lang='lat' dir='ltr'>sunt</span> <span class='ocrx_word' id='word_1_41' title='bbox 1536 2221 1655 2294; x_wconf 92' lang='lat' dir='ltr'>decem</span> <span class='ocrx_word' id='word_1_42' title='bbox 1673 2227 1709 2294; x_wconf 89' lang='lat' dir='ltr'>et</span> <span class='ocrx_word' id='word_1_43' title='bbox 1726 2227 1859 2313; x_wconf 89' lang='lat' dir='ltr'>septem</span> 
     </span>
     <span class='ocr_line' id='line_1_6' title="bbox 305 2342 1858 2446; baseline 0.001 -32"><span class='ocrx_word' id='word_1_44' title='bbox 305 2343 398 2416; x_wconf 90' lang='lat' dir='ltr'>lanei</span> <span class='ocrx_word' id='word_1_45' title='bbox 424 2344 677 2436; x_wconf 86' lang='lat' dir='ltr'>emethonales‚</span> <span class='ocrx_word' id='word_1_46' title='bbox 705 2345 747 2446; x_wconf 84' lang='lat' dir='ltr'>de</span> <span class='ocrx_word' id='word_1_47' title='bbox 775 2345 900 2437; x_wconf 88' lang='lat' dir='ltr'>quihus</span> <span class='ocrx_word' id='word_1_48' title='bbox 936 2344 1095 2417; x_wconf 90' lang='lat' dir='ltr'>omnihus</span> <span class='ocrx_word' id='word_1_49' title='bbox 1121 2342 1268 2417; x_wconf 83' lang='lat' dir='ltr'>solvitur</span> <span class='ocrx_word' id='word_1_50' title='bbox 1292 2346 1330 2414; x_wconf 89' lang='lat' dir='ltr'>et</span> <span class='ocrx_word' id='word_1_51' title='bbox 1356 2342 1562 2415; x_wconf 79' lang='lat' dir='ltr'>conducitur</span> <span class='ocrx_word' id='word_1_52' title='bbox 1589 2344 1722 2415; x_wconf 89' lang='lat' dir='ltr'>decima</span> <span class='ocrx_word' id='word_1_53' title='bbox 1747 2344 1858 2416; x_wconf 89' lang='lat' dir='ltr'>mani-</span> 
     </span>
     <span class='ocr_line' id='line_1_7' title="bbox 307 2459 1859 2557; baseline -0.001 -19"><span class='ocrx_word' id='word_1_54' title='bbox 307 2465 439 2556; x_wconf 86' lang='lat' dir='ltr'>pularis</span> <span class='ocrx_word' id='word_1_55' title='bbox 467 2469 502 2536; x_wconf 91' lang='lat' dir='ltr'>et</span> <span class='ocrx_word' id='word_1_56' title='bbox 529 2466 704 2555; x_wconf 86' lang='lat' dir='ltr'>canapalis</span> <span class='ocrx_word' id='word_1_57' title='bbox 730 2487 794 2557; x_wconf 91' lang='lat' dir='ltr'>pro</span> <span class='ocrx_word' id='word_1_58' title='bbox 822 2467 969 2540; x_wconf 89' lang='lat' dir='ltr'>ecclesia</span> <span class='ocrx_word' id='word_1_59' title='bbox 993 2467 1030 2537; x_wconf 92' lang='lat' dir='ltr'>in</span> <span class='ocrx_word' id='word_1_60' title='bbox 1056 2466 1267 2557; x_wconf 64' lang='lat' dir='ltr'>Zagora,</span> <span class='ocrx_word' id='word_1_61' title='bbox 1294 2472 1332 2537; x_wconf 89' lang='lat' dir='ltr'>et</span> <span class='ocrx_word' id='word_1_62' title='bbox 1357 2464 1455 2536; x_wconf 84' lang='lat' dir='ltr'>valor</span> <span class='ocrx_word' id='word_1_63' title='bbox 1482 2466 1556 2536; x_wconf 88' lang='lat' dir='ltr'>eius</span> <span class='ocrx_word' id='word_1_64' title='bbox 1582 2459 1787 2537; x_wconf 79' lang='lat' dir='ltr'>aestimator</span> <span class='ocrx_word' id='word_1_65' title='bbox 1802 2465 1859 2537; x_wconf 83' lang='lat' dir='ltr'>ad</span> 
     </span>
     <span class='ocr_line' id='line_1_8' title="bbox 308 2585 1947 2679; baseline 0.002 -22"><span class='ocrx_word' id='word_1_66' title='bbox 308 2585 502 2678; x_wconf 88' lang='lat' dir='ltr'>quindecim</span> <span class='ocrx_word' id='word_1_67' title='bbox 538 2605 685 2660; x_wconf 77' lang='lat' dir='ltr'>marcas</span> <span class='ocrx_word' id='word_1_68' title='bbox 723 2587 811 2660; x_wconf 83' lang='lat' dir='ltr'><strong>Item</strong></span> <span class='ocrx_word' id='word_1_69' title='bbox 846 2587 1027 2679; x_wconf 77' lang='lat' dir='ltr'><strong>praedium</strong></span> <span class='ocrx_word' id='word_1_70' title='bbox 1063 2588 1197 2678; x_wconf 79' lang='lat' dir='ltr'>regium</span> <span class='ocrx_word' id='word_1_71' title='bbox 1232 2609 1299 2660; x_wconf 90' lang='lat' dir='ltr'>non</span> <span class='ocrx_word' id='word_1_72' title='bbox 1327 2591 1382 2658; x_wconf 90' lang='lat' dir='ltr'>est</span> <span class='ocrx_word' id='word_1_73' title='bbox 1408 2586 1476 2676; x_wconf 87' lang='lat' dir='ltr'>ihi,</span> <span class='ocrx_word' id='word_1_74' title='bbox 1503 2587 1588 2668; x_wconf 85' lang='lat' dir='ltr'>item</span> <span class='ocrx_word' id='word_1_75' title='bbox 1614 2587 1761 2660; x_wconf 85' lang='lat' dir='ltr'>taberna</span> <span class='ocrx_word' id='word_1_76' title='bbox 1789 2607 1859 2660; x_wconf 88' lang='lat' dir='ltr'>nna</span> <span class='ocrx_word' id='word_1_77' title='bbox 1940 2603 1947 2642; x_wconf 90' lang='grc'>·-</span> 
     </span>
     <span class='ocr_line' id='line_1_9' title="bbox 307 2704 1743 2813; baseline 0 -35"><span class='ocrx_word' id='word_1_78' title='bbox 307 2708 439 2780; x_wconf 89' lang='lat' dir='ltr'>hahens</span> <span class='ocrx_word' id='word_1_79' title='bbox 466 2709 615 2800; x_wconf 90' lang='lat' dir='ltr'>hortum,</span> <span class='ocrx_word' id='word_1_80' title='bbox 641 2710 724 2781; x_wconf 89' lang='lat' dir='ltr'>item</span> <span class='ocrx_word' id='word_1_81' title='bbox 751 2709 969 2782; x_wconf 89' lang='lat' dir='ltr'>hortulaniae</span> <span class='ocrx_word' id='word_1_82' title='bbox 995 2729 1065 2782; x_wconf 89' lang='lat' dir='ltr'>non</span> <span class='ocrx_word' id='word_1_83' title='bbox 1092 2714 1183 2813; x_wconf 86' lang='lat' dir='ltr'>sunt,</span> <span class='ocrx_word' id='word_1_84' title='bbox 1209 2710 1293 2780; x_wconf 92' lang='lat' dir='ltr'>item</span> <span class='ocrx_word' id='word_1_85' title='bbox 1320 2704 1554 2781; x_wconf 85' lang='lat' dir='ltr'>molendinum</span> <span class='ocrx_word' id='word_1_86' title='bbox 1581 2729 1650 2781; x_wconf 94' lang='lat' dir='ltr'>non</span> <span class='ocrx_word' id='word_1_87' title='bbox 1677 2714 1743 2781; x_wconf 89' lang='lat' dir='ltr'>est.</span> 
     </span>
    </p>

    <p class='ocr_par' dir='ltr' id='par_1_4' title="bbox 306 2828 1858 3046">
     <span class='ocr_line' id='line_1_10' title="bbox 413 2828 1858 2922; baseline 0.001 -21"><span class='ocrx_word' id='word_1_88' title='bbox 413 2828 526 2902; x_wconf 79' lang='lat' dir='ltr'>Villae</span> <span class='ocrx_word' id='word_1_89' title='bbox 562 2832 712 2922; x_wconf 71' lang='lat' dir='ltr'>utrinque</span> <span class='ocrx_word' id='word_1_90' title='bbox 747 2832 793 2903; x_wconf 88' lang='lat' dir='ltr'>ad</span> <span class='ocrx_word' id='word_1_91' title='bbox 827 2829 1007 2904; x_wconf 86' lang='lat' dir='ltr'>ecclesiam</span> <span class='ocrx_word' id='word_1_92' title='bbox 1040 2832 1078 2904; x_wconf 93' lang='lat' dir='ltr'>in</span> <span class='ocrx_word' id='word_1_93' title='bbox 1105 2831 1308 2921; x_wconf 84' lang='lat' dir='ltr'>Zagoscz</span> <span class='ocrx_word' id='word_1_94' title='bbox 1334 2835 1549 2922; x_wconf 71' lang='lat' dir='ltr'><strong>spectantes,</strong></span> <span class='ocrx_word' id='word_1_95' title='bbox 1576 2829 1757 2904; x_wconf 87' lang='lat' dir='ltr'>videlicet:</span> <span class='ocrx_word' id='word_1_96' title='bbox 1782 2830 1858 2903; x_wconf 86' lang='lat' dir='ltr'>Za-</span> 
     </span>
     <span class='ocr_line' id='line_1_11' title="bbox 306 2951 1607 3046; baseline 0.001 -23"><span class='ocrx_word' id='word_1_97' title='bbox 306 2971 453 3042; x_wconf 83' lang='lat' dir='ltr'>goscz,</span> <span class='ocrx_word' id='word_1_98' title='bbox 480 2951 781 3045; x_wconf 81' lang='lat' dir='ltr'>Sakothniky,</span> <span class='ocrx_word' id='word_1_99' title='bbox 807 2952 1009 3046; x_wconf 85' lang='lat' dir='ltr'>Wynari,</span> <span class='ocrx_word' id='word_1_100' title='bbox 1037 2953 1199 3045; x_wconf 84' lang='lat' dir='ltr'>Wolya</span> <span class='ocrx_word' id='word_1_101' title='bbox 1225 2957 1262 3024; x_wconf 90' lang='lat' dir='ltr'>et</span> <span class='ocrx_word' id='word_1_102' title='bbox 1288 2951 1607 3025; x_wconf 85' lang='lat' dir='ltr'>Skoroczicze.</span> 
     </span>
    </p>

    <p class='ocr_par' dir='ltr' id='par_1_5' title="bbox 913 3051 1694 3149">
     <span class='ocr_line' id='line_1_12' title="bbox 913 3051 1694 3149; baseline -0.006 0"><span class='ocrx_word' id='word_1_103' title='bbox 913 3074 1250 3149; x_wconf 80' lang='lat' dir='ltr'>Gazrsznuowrczn.</span> <span class='ocrx_word' id='word_1_104' title='bbox 1677 3051 1694 3078; x_wconf 48' lang='lat'>³</span> 
     </span>
    </p>

    <p class='ocr_par' dir='ltr' id='par_1_6' title="bbox 408 3195 1859 3288">
     <span class='ocr_line' id='line_1_13' title="bbox 408 3195 1859 3288; baseline 0 -21"><span class='ocrx_word' id='word_1_105' title='bbox 408 3195 659 3270; x_wconf 86' lang='lat' dir='ltr'>Monasterlum</span> <span class='ocrx_word' id='word_1_106' title='bbox 687 3195 830 3270; x_wconf 91' lang='lat' dir='ltr'>ordinis·</span> <span class='ocrx_word' id='word_1_107' title='bbox 845 3197 1246 3288; x_wconf 77' lang='lat' dir='ltr'>praemonstratensium,</span> <span class='ocrx_word' id='word_1_108' title='bbox 1272 3197 1404 3269; x_wconf 89' lang='lat' dir='ltr'>hahens</span> <span class='ocrx_word' id='word_1_109' title='bbox 1430 3197 1466 3267; x_wconf 93' lang='lat' dir='ltr'>in</span> <span class='ocrx_word' id='word_1_110' title='bbox 1485 3215 1523 3268; x_wconf 89' lang='lat' dir='ltr'>se</span> <span class='ocrx_word' id='word_1_111' title='bbox 1550 3195 1783 3287; x_wconf 82' lang='lat' dir='ltr'>parochialem</span> <span class='ocrx_word' id='word_1_112' title='bbox 1801 3215 1859 3267; x_wconf 89' lang='lat' dir='ltr'>ec-·</span> 
     </span>
    </p>

    <p class='ocr_par' dir='ltr' id='par_1_7' title="bbox 221 3317 1859 3513">
     <span class='ocr_line' id='line_1_14' title="bbox 221 3317 1859 3410; baseline 0.001 -23"><span class='ocrx_word' id='word_1_113' title='bbox 221 3333 225 3340; x_wconf 90' lang='lat'>·</span> <span class='ocrx_word' id='word_1_114' title='bbox 309 3317 457 3410; x_wconf 86' lang='lat' dir='ltr'>closiam,</span> <span class='ocrx_word' id='word_1_115' title='bbox 484 3319 582 3392; x_wconf 87' lang='lat' dir='ltr'>cuins</span> <span class='ocrx_word' id='word_1_116' title='bbox 613 3317 746 3392; x_wconf 85' lang='lat' dir='ltr'>fructus</span> <span class='ocrx_word' id='word_1_117' title='bbox 773 3323 809 3391; x_wconf 91' lang='lat' dir='ltr'>et</span> <span class='ocrx_word' id='word_1_118' title='bbox 836 3324 1026 3410; x_wconf 84' lang='lat' dir='ltr'>prouentus</span> <span class='ocrx_word' id='word_1_119' title='bbox 1044 3318 1088 3391; x_wconf 90' lang='lat' dir='ltr'>-in</span> <span class='ocrx_word' id='word_1_120' title='bbox 1114 3323 1272 3408; x_wconf 78' lang='lat' dir='ltr'>regestro</span> <span class='ocrx_word' id='word_1_121' title='bbox 1299 3318 1589 3392; x_wconf 78' lang='lat' dir='ltr'>monasteriorum</span> <span class='ocrx_word' id='word_1_122' title='bbox 1606 3317 1859 3409; x_wconf 87' lang='lat' dir='ltr'>descripsimus.</span> 
     </span>
     <span class='ocr_line' id='line_1_15' title="bbox 960 3440 1203 3513; baseline -0.008 -2"><span class='ocrx_word' id='word_1_123' title='bbox 960 3440 1014 3513; x_wconf 93' lang='lat' dir='ltr'>Bo</span> <span class='ocrx_word' id='word_1_124' title='bbox 1127 3460 1203 3513; x_wconf 85' lang='lat' dir='ltr'>czn.</span> 
     </span>
    </p>
   </div>
   <div class='ocr_carea' id='block_1_3' title="bbox 248 3549 1859 4044">
    <p class='ocr_par' dir='ltr' id='par_1_8' title="bbox 307 3549 1859 3775">
     <span class='ocr_line' id='line_1_16' title="bbox 411 3549 1859 3655; baseline 0 -21"><span class='ocrx_word' id='word_1_125' title='bbox 411 3559 506 3634; x_wconf 85' lang='lat' dir='ltr'>Villa</span> <span class='ocrx_word' id='word_1_126' title='bbox 532 3561 664 3634; x_wconf 90' lang='lat' dir='ltr'>habens</span> <span class='ocrx_word' id='word_1_127' title='bbox 691 3562 726 3633; x_wconf 91' lang='lat' dir='ltr'>in</span> <span class='ocrx_word' id='word_1_128' title='bbox 754 3583 791 3634; x_wconf 89' lang='lat' dir='ltr'>se</span> <span class='ocrx_word' id='word_1_129' title='bbox 817 3560 1051 3655; x_wconf 81' lang='lat' dir='ltr'>parochialem</span> <span class='ocrx_word' id='word_1_130' title='bbox 1105 3549 1275 3652; x_wconf 86' lang='lat' dir='ltr'>&#39;&#39;alesiam,</span> <span class='ocrx_word' id='word_1_131' title='bbox 1304 3561 1542 3634; x_wconf 86' lang='lat' dir='ltr'>tantummodo</span> <span class='ocrx_word' id='word_1_132' title='bbox 1580 3561 1859 3634; x_wconf 86' lang='lat' dir='ltr'>alandamentis</span> 
     </span>
     <span class='ocr_line' id='line_1_17' title="bbox 307 3679 1859 3775; baseline 0 -19"><span class='ocrx_word' id='word_1_133' title='bbox 307 3679 493 3773; x_wconf 77' lang='lat' dir='ltr'>muratam3</span> <span class='ocrx_word' id='word_1_134' title='bbox 520 3682 710 3756; x_wconf 81' lang='lat' dir='ltr'>Gasimirus</span> <span class='ocrx_word' id='word_1_135' title='bbox 736 3684 827 3756; x_wconf 88' lang='lat' dir='ltr'>enim</span> <span class='ocrx_word' id='word_1_136' title='bbox 856 3682 1043 3775; x_wconf 88' lang='lat' dir='ltr'>secundus,</span> <span class='ocrx_word' id='word_1_137' title='bbox 1069 3682 1235 3756; x_wconf 89' lang='lat' dir='ltr'>Poloniae</span> <span class='ocrx_word' id='word_1_138' title='bbox 1262 3702 1339 3772; x_wconf 85' lang='lat' dir='ltr'>rex,</span> <span class='ocrx_word' id='word_1_139' title='bbox 1374 3680 1544 3756; x_wconf 82' lang='lat' dir='ltr'>fabricare</span> <span class='ocrx_word' id='word_1_140' title='bbox 1571 3684 1665 3755; x_wconf 87' lang='lat' dir='ltr'>illam</span> <span class='ocrx_word' id='word_1_141' title='bbox 1693 3683 1859 3756; x_wconf 89' lang='lat' dir='ltr'>iniciave-</span> 
     </span>
    </p>

    <p class='ocr_par' dir='ltr' id='par_1_9' title="bbox 248 3783 1859 4044">
     <span class='ocr_line' id='line_1_18' title="bbox 248 3783 1859 3920; baseline 0 -42"><span class='ocrx_word' id='word_1_142' title='bbox 248 3871 277 3920; x_wconf 58' lang='lat' dir='ltr'>a·</span> <span class='ocrx_word' id='word_1_143' title='bbox 302 3783 382 3914; x_wconf 55' lang='lat' dir='ltr'>rat,</span> <span class='ocrx_word' id='word_1_144' title='bbox 409 3805 469 3878; x_wconf 89' lang='lat' dir='ltr'>sed</span> <span class='ocrx_word' id='word_1_145' title='bbox 487 3811 600 3879; x_wconf 79' lang='lat' dir='ltr'>morta</span> <span class='ocrx_word' id='word_1_146' title='bbox 624 3811 833 3897; x_wconf 84' lang='lat' dir='ltr'>praeventus</span> <span class='ocrx_word' id='word_1_147' title='bbox 852 3807 994 3898; x_wconf 85' lang='lat' dir='ltr'>reliquit</span> <span class='ocrx_word' id='word_1_148' title='bbox 1009 3805 1262 3898; x_wconf 68' lang='lat' dir='ltr'>imperfectam</span> <span class='ocrx_word' id='word_1_149' title='bbox 1290 3805 1416 3876; x_wconf 87' lang='lat' dir='ltr'>Sancto</span> <span class='ocrx_word' id='word_1_150' title='bbox 1434 3803 1684 3896; x_wconf 76' lang='lat' dir='ltr'>christophoro</span> <span class='ocrx_word' id='word_1_151' title='bbox 1711 3805 1859 3898; x_wconf 81' lang='lat' dir='ltr'>martyri</span> 
     </span>
     <span class='ocr_line' id='line_1_19' title="bbox 275 3923 1858 4044; baseline 0 -46"><span class='ocrx_word' id='word_1_152' title='bbox 275 3923 475 4044; x_wconf 54' lang='lat' dir='ltr'>‘pdlcatam</span> <span class='ocrx_word' id='word_1_153' title='bbox 510 3927 609 4001; x_wconf 89' lang='lat' dir='ltr'>cuius</span> <span class='ocrx_word' id='word_1_154' title='bbox 644 3928 878 4020; x_wconf 89' lang='lat' dir='ltr'>adpraesens</span> <span class='ocrx_word' id='word_1_155' title='bbox 912 3928 1081 4020; x_wconf 89' lang='lat' dir='ltr'>plebanus</span> <span class='ocrx_word' id='word_1_156' title='bbox 1115 3928 1302 4019; x_wconf 88' lang='lat' dir='ltr'>presbyter</span> <span class='ocrx_word' id='word_1_157' title='bbox 1329 3979 1470 3996; x_wconf 92' lang='grc'><strong>......</strong></span> <span class='ocrx_word' id='word_1_158' title='bbox 1498 3927 1537 3997; x_wconf 93' lang='lat' dir='ltr'>ln</span> <span class='ocrx_word' id='word_1_159' title='bbox 1566 3948 1633 4018; x_wconf 91' lang='lat' dir='ltr'>qua</span> <span class='ocrx_word' id='word_1_160' title='bbox 1659 3933 1741 3999; x_wconf 88' lang='lat' dir='ltr'>sunt</span> <span class='ocrx_word' id='word_1_161' title='bbox 1766 3927 1858 4000; x_wconf 89' lang='lat' dir='ltr'>lanei</span> 
     </span>
    </p>
   </div>
   <div class='ocr_carea' id='block_1_4' title="bbox 153 4047 1872 6464">
    <p class='ocr_par' dir='ltr' id='par_1_10' title="bbox 153 4047 1860 5485">
     <span class='ocr_line' id='line_1_20' title="bbox 307 4047 1860 4143; baseline 0.002 -23"><span class='ocrx_word' id='word_1_162' title='bbox 307 4050 557 4141; x_wconf 83' lang='lat' dir='ltr'>¹amathonales,</span> <span class='ocrx_word' id='word_1_163' title='bbox 596 4051 639 4123; x_wconf 90' lang='lat' dir='ltr'>de</span> <span class='ocrx_word' id='word_1_164' title='bbox 667 4051 791 4143; x_wconf 84' lang='lat' dir='ltr'>quihus</span> <span class='ocrx_word' id='word_1_165' title='bbox 819 4050 976 4124; x_wconf 90' lang='lat' dir='ltr'>omnibns</span> <span class='ocrx_word' id='word_1_166' title='bbox 1003 4051 1151 4124; x_wconf 87' lang='lat' dir='ltr'>solvitur</span> <span class='ocrx_word' id='word_1_167' title='bbox 1182 4054 1218 4121; x_wconf 90' lang='lat' dir='ltr'>et</span> <span class='ocrx_word' id='word_1_168' title='bbox 1245 4047 1448 4120; x_wconf 88' lang='lat' dir='ltr'>conducitur</span> <span class='ocrx_word' id='word_1_169' title='bbox 1474 4047 1607 4120; x_wconf 88' lang='lat' dir='ltr'>decima</span> <span class='ocrx_word' id='word_1_170' title='bbox 1633 4049 1860 4141; x_wconf 87' lang='lat' dir='ltr'>manipularis</span> 
     </span>
     <span class='ocr_line' id='line_1_21' title="bbox 306 4170 1859 4266; baseline 0 -22"><span class='ocrx_word' id='word_1_171' title='bbox 306 4175 342 4244; x_wconf 92' lang='lat' dir='ltr'>ct</span> <span class='ocrx_word' id='word_1_172' title='bbox 367 4173 543 4264; x_wconf 89' lang='lat' dir='ltr'>canapalis</span> <span class='ocrx_word' id='word_1_173' title='bbox 579 4195 642 4266; x_wconf 92' lang='lat' dir='ltr'>pro</span> <span class='ocrx_word' id='word_1_174' title='bbox 669 4174 869 4264; x_wconf 88' lang='lat' dir='ltr'>praehenda</span> <span class='ocrx_word' id='word_1_175' title='bbox 894 4173 1014 4246; x_wconf 87' lang='lat' dir='ltr'>Sancti</span> <span class='ocrx_word' id='word_1_176' title='bbox 1040 4172 1176 4245; x_wconf 89' lang='lat' dir='ltr'>Nicolai</span> <span class='ocrx_word' id='word_1_177' title='bbox 1212 4172 1248 4243; x_wconf 91' lang='lat' dir='ltr'>in</span> <span class='ocrx_word' id='word_1_178' title='bbox 1276 4170 1464 4243; x_wconf 89' lang='lat' dir='ltr'>Wislicia</span> <span class='ocrx_word' id='word_1_179' title='bbox 1500 4170 1694 4244; x_wconf 89' lang='lat' dir='ltr'>collationis</span> <span class='ocrx_word' id='word_1_180' title='bbox 1721 4172 1859 4264; x_wconf 83' lang='lat' dir='ltr'>regalia,</span> 
     </span>
     <span class='ocr_line' id='line_1_22' title="bbox 308 4293 1859 4387; baseline 0.001 -21"><span class='ocrx_word' id='word_1_181' title='bbox 308 4313 397 4383; x_wconf 87' lang='lat' dir='ltr'>quae</span> <span class='ocrx_word' id='word_1_182' title='bbox 431 4295 630 4385; x_wconf 88' lang='lat' dir='ltr'>praehenda</span> <span class='ocrx_word' id='word_1_183' title='bbox 657 4295 809 4387; x_wconf 88' lang='lat' dir='ltr'>capellae</span> <span class='ocrx_word' id='word_1_184' title='bbox 837 4296 983 4368; x_wconf 84' lang='lat' dir='ltr'>Sanctae</span> <span class='ocrx_word' id='word_1_185' title='bbox 1010 4294 1193 4367; x_wconf 83' lang='lat' dir='ltr'>Trinitatis</span> <span class='ocrx_word' id='word_1_186' title='bbox 1219 4294 1256 4366; x_wconf 94' lang='lat' dir='ltr'>in</span> <span class='ocrx_word' id='word_1_187' title='bbox 1288 4293 1432 4365; x_wconf 89' lang='lat' dir='ltr'>ecclesia</span> <span class='ocrx_word' id='word_1_188' title='bbox 1468 4293 1591 4366; x_wconf 91' lang='lat' dir='ltr'>maiori</span> <span class='ocrx_word' id='word_1_189' title='bbox 1618 4293 1859 4368; x_wconf 81' lang='lat' dir='ltr'>Oracomonais</span> 
     </span>
     <span class='ocr_line' id='line_1_23' title="bbox 307 4415 1744 4508; baseline 0.003 -24"><span class='ocrx_word' id='word_1_190' title='bbox 307 4415 448 4506; x_wconf 74' lang='lat' dir='ltr'>reginae</span> <span class='ocrx_word' id='word_1_191' title='bbox 475 4416 639 4507; x_wconf 88' lang='lat' dir='ltr'>Zophiae,</span> <span class='ocrx_word' id='word_1_192' title='bbox 667 4417 896 4508; x_wconf 87' lang='lat' dir='ltr'>incorporata,</span> <span class='ocrx_word' id='word_1_193' title='bbox 925 4422 961 4488; x_wconf 88' lang='lat' dir='ltr'>et</span> <span class='ocrx_word' id='word_1_194' title='bbox 986 4415 1085 4488; x_wconf 87' lang='lat' dir='ltr'>valor</span> <span class='ocrx_word' id='word_1_195' title='bbox 1112 4416 1264 4487; x_wconf 87' lang='lat' dir='ltr'>ciusdem</span> <span class='ocrx_word' id='word_1_196' title='bbox 1291 4415 1443 4487; x_wconf 82' lang='lat' dir='ltr'>decimae</span> <span class='ocrx_word' id='word_1_197' title='bbox 1471 4416 1673 4489; x_wconf 86' lang='lat' dir='ltr'>aestimatur</span> <span class='ocrx_word' id='word_1_198' title='bbox 1699 4418 1744 4490; x_wconf 89' lang='lat' dir='ltr'>ad</span> 
     </span>
     <span class='ocr_line' id='line_1_24' title="bbox 306 4537 1858 4631; baseline 0.001 -21"><span class='ocrx_word' id='word_1_199' title='bbox 306 4537 450 4610; x_wconf 82' lang='lat' dir='ltr'>marcas.</span> <span class='ocrx_word' id='word_1_200' title='bbox 498 4537 666 4610; x_wconf 88' lang='lat' dir='ltr'>Plcbania</span> <span class='ocrx_word' id='word_1_201' title='bbox 702 4543 816 4611; x_wconf 89' lang='lat' dir='ltr'>autem</span> <span class='ocrx_word' id='word_1_202' title='bbox 853 4539 960 4611; x_wconf 86' lang='lat' dir='ltr'>hahet</span> <span class='ocrx_word' id='word_1_203' title='bbox 995 4539 1059 4610; x_wconf 89' lang='lat' dir='ltr'>hos</span> <span class='ocrx_word' id='word_1_204' title='bbox 1095 4543 1297 4629; x_wconf 88' lang='lat' dir='ltr'>proventus:</span> <span class='ocrx_word' id='word_1_205' title='bbox 1333 4537 1502 4629; x_wconf 91' lang='lat' dir='ltr'>imprimis</span> <span class='ocrx_word' id='word_1_206' title='bbox 1537 4538 1642 4611; x_wconf 87' lang='lat' dir='ltr'>habet</span> <span class='ocrx_word' id='word_1_207' title='bbox 1677 4539 1858 4631; x_wconf 85' lang='lat' dir='ltr'>praedium</span> 
     </span>
     <span class='ocr_line' id='line_1_25' title="bbox 259 4645 1860 4753; baseline 0.002 -23"><span class='ocrx_word' id='word_1_208' title='bbox 259 4737 263 4746; x_wconf 67' lang='grc'>,</span> <span class='ocrx_word' id='word_1_209' title='bbox 307 4659 490 4750; x_wconf 89' lang='lat' dir='ltr'>optimum,</span> <span class='ocrx_word' id='word_1_210' title='bbox 527 4661 619 4752; x_wconf 84' lang='lat' dir='ltr'>quod</span> <span class='ocrx_word' id='word_1_211' title='bbox 655 4661 738 4734; x_wconf 91' lang='lat' dir='ltr'>colit</span> <span class='ocrx_word' id='word_1_212' title='bbox 773 4663 914 4752; x_wconf 91' lang='lat' dir='ltr'>proprio</span> <span class='ocrx_word' id='word_1_213' title='bbox 942 4664 1078 4751; x_wconf 83' lang='lat' dir='ltr'>aratro,</span> <span class='ocrx_word' id='word_1_214' title='bbox 1107 4645 1220 4734; x_wconf 49' lang='lat' dir='ltr'>‘cuius</span> <span class='ocrx_word' id='word_1_215' title='bbox 1256 4661 1331 4752; x_wconf 81' lang='lat' dir='ltr'>agri</span> <span class='ocrx_word' id='word_1_216' title='bbox 1368 4660 1596 4732; x_wconf 89' lang='lat' dir='ltr'>aestimantur</span> <span class='ocrx_word' id='word_1_217' title='bbox 1629 4659 1676 4732; x_wconf 88' lang='lat' dir='ltr'>ad</span> <span class='ocrx_word' id='word_1_218' title='bbox 1710 4666 1860 4753; x_wconf 88' lang='lat' dir='ltr'>quatuor</span> 
     </span>
     <span class='ocr_line' id='line_1_26' title="bbox 226 4780 1858 4875; baseline 0.001 -22"><span class='ocrx_word' id='word_1_219' title='bbox 226 4807 239 4844; x_wconf 74' lang='lat' dir='ltr'>a</span> <span class='ocrx_word' id='word_1_220' title='bbox 306 4780 426 4854; x_wconf 91' lang='lat' dir='ltr'>laneos</span> <span class='ocrx_word' id='word_1_221' title='bbox 453 4803 529 4854; x_wconf 90' lang='lat' dir='ltr'>cum</span> <span class='ocrx_word' id='word_1_222' title='bbox 556 4782 688 4871; x_wconf 85' lang='lat' dir='ltr'>medi03</span> <span class='ocrx_word' id='word_1_223' title='bbox 715 4785 796 4855; x_wconf 89' lang='lat' dir='ltr'>itom</span> <span class='ocrx_word' id='word_1_224' title='bbox 823 4783 931 4857; x_wconf 86' lang='lat' dir='ltr'>habet</span> <span class='ocrx_word' id='word_1_225' title='bbox 956 4783 1027 4855; x_wconf 90' lang='lat' dir='ltr'>tria</span> <span class='ocrx_word' id='word_1_226' title='bbox 1043 4787 1145 4875; x_wconf 88' lang='lat' dir='ltr'>prata</span> <span class='ocrx_word' id='word_1_227' title='bbox 1172 4784 1276 4874; x_wconf 85' lang='lat' dir='ltr'>bona,</span> <span class='ocrx_word' id='word_1_228' title='bbox 1303 4783 1387 4854; x_wconf 89' lang='lat' dir='ltr'>item</span> <span class='ocrx_word' id='word_1_229' title='bbox 1413 4782 1521 4854; x_wconf 89' lang='lat' dir='ltr'>hahet</span> <span class='ocrx_word' id='word_1_230' title='bbox 1546 4803 1649 4854; x_wconf 91' lang='lat' dir='ltr'>unam</span> <span class='ocrx_word' id='word_1_231' title='bbox 1667 4783 1858 4874; x_wconf 89' lang='lat' dir='ltr'>tabernam,</span> 
     </span>
     <span class='ocr_line' id='line_1_27' title="bbox 306 4903 1857 4998; baseline 0.001 -23"><span class='ocrx_word' id='word_1_232' title='bbox 306 4903 492 4978; x_wconf 91' lang='lat' dir='ltr'>habentem</span> <span class='ocrx_word' id='word_1_233' title='bbox 519 4926 640 4997; x_wconf 81' lang='lat' dir='ltr'>agros,</span> <span class='ocrx_word' id='word_1_234' title='bbox 678 4906 736 4997; x_wconf 88' lang='lat' dir='ltr'>qui</span> <span class='ocrx_word' id='word_1_235' title='bbox 764 4904 940 4978; x_wconf 88' lang='lat' dir='ltr'>decimant</span> <span class='ocrx_word' id='word_1_236' title='bbox 973 4904 1149 4996; x_wconf 90' lang='lat' dir='ltr'>manipulo</span> <span class='ocrx_word' id='word_1_237' title='bbox 1186 4905 1367 4998; x_wconf 87' lang='lat' dir='ltr'>plebaniae</span> <span class='ocrx_word' id='word_1_238' title='bbox 1403 4907 1439 4975; x_wconf 91' lang='lat' dir='ltr'>et</span> <span class='ocrx_word' id='word_1_239' title='bbox 1468 4903 1573 4977; x_wconf 89' lang='lat' dir='ltr'>solvit</span> <span class='ocrx_word' id='word_1_240' title='bbox 1607 4905 1754 4995; x_wconf 88' lang='lat' dir='ltr'>plebano</span> <span class='ocrx_word' id='word_1_241' title='bbox 1790 4925 1857 4996; x_wconf 89' lang='lat' dir='ltr'>pro</span> 
     </span>
     <span class='ocr_line' id='line_1_28' title="bbox 153 5021 1858 5118; baseline 0.001 -20"><span class='ocrx_word' id='word_1_242' title='bbox 153 5090 161 5110; x_wconf 80' lang='grc'><strong><em>,</em></strong></span> <span class='ocrx_word' id='word_1_243' title='bbox 306 5045 410 5099; x_wconf 89' lang='lat' dir='ltr'>ceusu</span> <span class='ocrx_word' id='word_1_244' title='bbox 447 5028 534 5101; x_wconf 90' lang='lat' dir='ltr'>duas</span> <span class='ocrx_word' id='word_1_245' title='bbox 570 5027 724 5118; x_wconf 80' lang='lat' dir='ltr'>marcas3</span> <span class='ocrx_word' id='word_1_246' title='bbox 758 5028 842 5100; x_wconf 91' lang='lat' dir='ltr'>item</span> <span class='ocrx_word' id='word_1_247' title='bbox 877 5026 983 5100; x_wconf 90' lang='lat' dir='ltr'>habet</span> <span class='ocrx_word' id='word_1_248' title='bbox 1009 5021 1244 5114; x_wconf 82' lang='lat' dir='ltr'>hortulanlllllr</span> <span class='ocrx_word' id='word_1_249' title='bbox 1264 5027 1315 5098; x_wconf 87' lang='lat' dir='ltr'>in</span> <span class='ocrx_word' id='word_1_250' title='bbox 1347 5025 1592 5118; x_wconf 66' lang='lat' dir='ltr'>ademvilla,</span> <span class='ocrx_word' id='word_1_251' title='bbox 1629 5025 1717 5118; x_wconf 87' lang='lat' dir='ltr'>quac</span> <span class='ocrx_word' id='word_1_252' title='bbox 1753 5026 1858 5099; x_wconf 84' lang='lat' dir='ltr'>solvit</span> 
     </span>
     <span class='ocr_line' id='line_1_29' title="bbox 214 5143 1856 5242; baseline 0 -22"><span class='ocrx_word' id='word_1_253' title='bbox 214 5143 224 5162; x_wconf 77' lang='lat'>‘</span> <span class='ocrx_word' id='word_1_254' title='bbox 306 5168 411 5220; x_wconf 87' lang='lat' dir='ltr'>annm</span> <span class='ocrx_word' id='word_1_255' title='bbox 446 5147 615 5222; x_wconf 81' lang='lat' dir='ltr'>fertonem</span> <span class='ocrx_word' id='word_1_256' title='bbox 650 5172 714 5242; x_wconf 94' lang='lat' dir='ltr'>pro</span> <span class='ocrx_word' id='word_1_257' title='bbox 750 5171 863 5240; x_wconf 79' lang='lat' dir='ltr'>censu,</span> <span class='ocrx_word' id='word_1_258' title='bbox 890 5155 925 5222; x_wconf 90' lang='lat' dir='ltr'>et</span> <span class='ocrx_word' id='word_1_259' title='bbox 960 5149 1099 5223; x_wconf 90' lang='lat' dir='ltr'>laborat</span> <span class='ocrx_word' id='word_1_260' title='bbox 1126 5161 1238 5224; x_wconf 35' lang='lat' dir='ltr'>&#39;unam</span> <span class='ocrx_word' id='word_1_261' title='bbox 1273 5148 1364 5221; x_wconf 91' lang='lat' dir='ltr'>diem</span> <span class='ocrx_word' id='word_1_262' title='bbox 1400 5150 1436 5220; x_wconf 91' lang='lat' dir='ltr'>in</span> <span class='ocrx_word' id='word_1_263' title='bbox 1473 5148 1665 5240; x_wconf 89' lang='lat' dir='ltr'>septimana</span> <span class='ocrx_word' id='word_1_264' title='bbox 1700 5148 1856 5240; x_wconf 89' lang='lat' dir='ltr'>pedestri</span> 
     </span>
     <span class='ocr_line' id='line_1_30' title="bbox 227 5268 1857 5363; baseline 0.002 -25"><span class='ocrx_word' id='word_1_265' title='bbox 227 5333 230 5338; x_wconf 90' lang='lat'>.</span> <span class='ocrx_word' id='word_1_266' title='bbox 306 5269 445 5358; x_wconf 83' lang='lat' dir='ltr'>labore,</span> <span class='ocrx_word' id='word_1_267' title='bbox 480 5273 563 5342; x_wconf 88' lang='lat' dir='ltr'>item</span> <span class='ocrx_word' id='word_1_268' title='bbox 591 5272 697 5343; x_wconf 90' lang='lat' dir='ltr'>hahet</span> <span class='ocrx_word' id='word_1_269' title='bbox 732 5273 918 5363; x_wconf 80' lang='lat' dir='ltr'>piscinam3</span> <span class='ocrx_word' id='word_1_270' title='bbox 954 5272 1038 5345; x_wconf 88' lang='lat' dir='ltr'>item</span> <span class='ocrx_word' id='word_1_271' title='bbox 1074 5277 1127 5343; x_wconf 88' lang='lat' dir='ltr'>est</span> <span class='ocrx_word' id='word_1_272' title='bbox 1154 5271 1189 5341; x_wconf 93' lang='lat' dir='ltr'>in</span> <span class='ocrx_word' id='word_1_273' title='bbox 1216 5268 1336 5342; x_wconf 87' lang='lat' dir='ltr'>cadem</span> <span class='ocrx_word' id='word_1_274' title='bbox 1372 5270 1455 5343; x_wconf 86' lang='lat' dir='ltr'>villa</span> <span class='ocrx_word' id='word_1_275' title='bbox 1491 5271 1587 5343; x_wconf 91' lang='lat' dir='ltr'>curia</span> <span class='ocrx_word' id='word_1_276' title='bbox 1615 5276 1650 5343; x_wconf 91' lang='lat' dir='ltr'>et</span> <span class='ocrx_word' id='word_1_277' title='bbox 1676 5270 1857 5362; x_wconf 87' lang='lat' dir='ltr'>praedium</span> 
     </span>
     <span class='ocr_line' id='line_1_31' title="bbox 307 5389 1856 5485; baseline 0.002 -25"><span class='ocrx_word' id='word_1_278' title='bbox 307 5389 441 5480; x_wconf 78' lang='lat' dir='ltr'>regalo,</span> <span class='ocrx_word' id='word_1_279' title='bbox 477 5391 644 5465; x_wconf 81' lang='lat' dir='ltr'>decurias</span> <span class='ocrx_word' id='word_1_280' title='bbox 680 5396 773 5485; x_wconf 85' lang='lat' dir='ltr'>agris</span> <span class='ocrx_word' id='word_1_281' title='bbox 801 5396 948 5476; x_wconf 79' lang='lat' dir='ltr'>soluitur</span> <span class='ocrx_word' id='word_1_282' title='bbox 985 5393 1119 5466; x_wconf 91' lang='lat' dir='ltr'>decima</span> <span class='ocrx_word' id='word_1_283' title='bbox 1154 5393 1377 5484; x_wconf 87' lang='lat' dir='ltr'>manipularis</span> <span class='ocrx_word' id='word_1_284' title='bbox 1408 5414 1472 5484; x_wconf 91' lang='lat' dir='ltr'>pro</span> <span class='ocrx_word' id='word_1_285' title='bbox 1500 5393 1620 5466; x_wconf 90' lang='lat' dir='ltr'>eadem</span> <span class='ocrx_word' id='word_1_286' title='bbox 1649 5393 1795 5466; x_wconf 88' lang='lat' dir='ltr'>ecclesia</span> <span class='ocrx_word' id='word_1_287' title='bbox 1821 5393 1856 5464; x_wconf 92' lang='lat' dir='ltr'>in</span> 
     </span>
    </p>

    <p class='ocr_par' dir='ltr' id='par_1_11' title="bbox 244 5507 1872 6338">
     <span class='ocr_line' id='line_1_32' title="bbox 244 5507 1510 5616; baseline 0.003 -36"><span class='ocrx_word' id='word_1_288' title='bbox 244 5507 250 5524; x_wconf 86' lang='lat'>&#39;</span> <span class='ocrx_word' id='word_1_289' title='bbox 305 5508 576 5608; x_wconf 77' lang='lat' dir='ltr'>Boguczicze‚</span> <span class='ocrx_word' id='word_1_290' title='bbox 605 5519 641 5585; x_wconf 91' lang='lat' dir='ltr'>et</span> <span class='ocrx_word' id='word_1_291' title='bbox 667 5515 764 5616; x_wconf 63' lang='lat' dir='ltr'>palor</span> <span class='ocrx_word' id='word_1_292' title='bbox 790 5516 864 5588; x_wconf 91' lang='lat' dir='ltr'>eius</span> <span class='ocrx_word' id='word_1_293' title='bbox 892 5516 1098 5587; x_wconf 86' lang='lat' dir='ltr'>aestimatur</span> <span class='ocrx_word' id='word_1_294' title='bbox 1123 5515 1166 5587; x_wconf 90' lang='lat' dir='ltr'>ad</span> <span class='ocrx_word' id='word_1_295' title='bbox 1195 5518 1342 5605; x_wconf 89' lang='lat' dir='ltr'>quatuor</span> <span class='ocrx_word' id='word_1_296' title='bbox 1368 5534 1510 5587; x_wconf 88' lang='lat' dir='ltr'>marcas.</span> 
     </span>
     <span class='ocr_line' id='line_1_33' title="bbox 410 5622 1858 5727; baseline 0.002 -22"><span class='ocrx_word' id='word_1_297' title='bbox 410 5629 707 5726; x_wconf 79' lang='lat' dir='ltr'>Gaocnowmna,</span> <span class='ocrx_word' id='word_1_298' title='bbox 733 5622 817 5709; x_wconf 84' lang='lat' dir='ltr'>villa</span> <span class='ocrx_word' id='word_1_299' title='bbox 835 5638 899 5708; x_wconf 88' lang='lat' dir='ltr'>suh</span> <span class='ocrx_word' id='word_1_300' title='bbox 917 5636 1083 5726; x_wconf 89' lang='lat' dir='ltr'>parochia</span> <span class='ocrx_word' id='word_1_301' title='bbox 1101 5635 1144 5709; x_wconf 91' lang='lat' dir='ltr'>de</span> <span class='ocrx_word' id='word_1_302' title='bbox 1163 5636 1415 5726; x_wconf 85' lang='lat' dir='ltr'>Boguczicze</span> <span class='ocrx_word' id='word_1_303' title='bbox 1434 5637 1512 5727; x_wconf 86' lang='lat' dir='ltr'>sita,</span> <span class='ocrx_word' id='word_1_304' title='bbox 1540 5635 1584 5707; x_wconf 91' lang='lat' dir='ltr'>ad</span> <span class='ocrx_word' id='word_1_305' title='bbox 1602 5635 1858 5709; x_wconf 89' lang='lat' dir='ltr'>serenissimum</span> 
     </span>
     <span class='ocr_line' id='line_1_34' title="bbox 305 5741 1858 5849; baseline 0.001 -21"><span class='ocrx_word' id='word_1_306' title='bbox 305 5755 471 5828; x_wconf 91' lang='lat' dir='ltr'>Poloniae</span> <span class='ocrx_word' id='word_1_307' title='bbox 497 5777 613 5848; x_wconf 80' lang='lat' dir='ltr'>regem</span> <span class='ocrx_word' id='word_1_308' title='bbox 641 5760 827 5849; x_wconf 90' lang='lat' dir='ltr'>pertinens.</span> <span class='ocrx_word' id='word_1_309' title='bbox 866 5758 905 5829; x_wconf 88' lang='lat' dir='ltr'>In</span> <span class='ocrx_word' id='word_1_310' title='bbox 926 5778 994 5849; x_wconf 90' lang='lat' dir='ltr'>qua</span> <span class='ocrx_word' id='word_1_311' title='bbox 1012 5741 1095 5830; x_wconf 84' lang='lat' dir='ltr'>sunt</span> <span class='ocrx_word' id='word_1_312' title='bbox 1120 5758 1213 5830; x_wconf 91' lang='lat' dir='ltr'>lanei·</span> <span class='ocrx_word' id='word_1_313' title='bbox 1239 5757 1482 5848; x_wconf 69' lang='lat' dir='ltr'>amathonales</span> <span class='ocrx_word' id='word_1_314' title='bbox 1510 5758 1696 5848; x_wconf 88' lang='lat' dir='ltr'>dequibus</span> <span class='ocrx_word' id='word_1_315' title='bbox 1724 5757 1858 5829; x_wconf 91' lang='lat' dir='ltr'>decima</span> 
     </span>
     <span class='ocr_line' id='line_1_35' title="bbox 306 5875 1872 5972; baseline 0 -22"><span class='ocrx_word' id='word_1_316' title='bbox 306 5875 497 5969; x_wconf 70' lang='lat' dir='ltr'>premialia</span> <span class='ocrx_word' id='word_1_317' title='bbox 524 5881 670 5953; x_wconf 83' lang='lat' dir='ltr'>solvitur</span> <span class='ocrx_word' id='word_1_318' title='bbox 697 5902 761 5972; x_wconf 93' lang='lat' dir='ltr'>pro</span> <span class='ocrx_word' id='word_1_319' title='bbox 788 5880 931 5952; x_wconf 87' lang='lat' dir='ltr'>ecclesia</span> <span class='ocrx_word' id='word_1_320' title='bbox 958 5879 1149 5971; x_wconf 86' lang='lat' dir='ltr'>parochiali</span> <span class='ocrx_word' id='word_1_321' title='bbox 1177 5880 1212 5951; x_wconf 92' lang='lat' dir='ltr'>in</span> <span class='ocrx_word' id='word_1_322' title='bbox 1235 5879 1488 5971; x_wconf 81' lang='lat' dir='ltr'>Boguczicze</span> <span class='ocrx_word' id='word_1_323' title='bbox 1515 5878 1558 5951; x_wconf 92' lang='lat' dir='ltr'>de</span> <span class='ocrx_word' id='word_1_324' title='bbox 1577 5879 1731 5970; x_wconf 77' lang='lat' dir='ltr'>quaelibet</span> <span class='ocrx_word' id='word_1_325' title='bbox 1758 5879 1872 5951; x_wconf 87' lang='lat' dir='ltr'>laneo-</span> 
     </span>
     <span class='ocr_line' id='line_1_36' title="bbox 296 5998 1857 6108; baseline 0.001 -37"><span class='ocrx_word' id='word_1_326' title='bbox 296 6019 370 6108; x_wconf 85' lang='lat' dir='ltr'>¹per</span> <span class='ocrx_word' id='word_1_327' title='bbox 396 6009 474 6074; x_wconf 91' lang='lat' dir='ltr'>octo</span> <span class='ocrx_word' id='word_1_328' title='bbox 500 6024 658 6094; x_wconf 83' lang='lat' dir='ltr'>grossos,</span> <span class='ocrx_word' id='word_1_329' title='bbox 689 6008 724 6075; x_wconf 90' lang='lat' dir='ltr'>et</span> <span class='ocrx_word' id='word_1_330' title='bbox 751 6003 960 6093; x_wconf 90' lang='lat' dir='ltr'>proveniunt</span> <span class='ocrx_word' id='word_1_331' title='bbox 989 6025 1122 6093; x_wconf 89' lang='lat'><strong>.....;</strong></span> <span class='ocrx_word' id='word_1_332' title='bbox 1148 6002 1274 6094; x_wconf 88' lang='lat' dir='ltr'>siquis</span> <span class='ocrx_word' id='word_1_333' title='bbox 1302 6007 1417 6076; x_wconf 90' lang='lat' dir='ltr'>autem</span> <span class='ocrx_word' id='word_1_334' title='bbox 1445 6021 1549 6092; x_wconf 84' lang='lat' dir='ltr'>agros</span> <span class='ocrx_word' id='word_1_335' title='bbox 1576 6001 1733 6073; x_wconf 89' lang='lat' dir='ltr'>desertos</span> <span class='ocrx_word' id='word_1_336' title='bbox 1761 5998 1857 6091; x_wconf 88' lang='lat' dir='ltr'>colit,</span> 
     </span>
     <span class='ocr_line' id='line_1_37' title="bbox 305 6103 1856 6217; baseline 0 -23"><span class='ocrx_word' id='word_1_337' title='bbox 305 6121 390 6204; x_wconf 83' lang='lat' dir='ltr'>dare</span> <span class='ocrx_word' id='word_1_338' title='bbox 415 6128 556 6197; x_wconf 89' lang='lat' dir='ltr'>tenetur</span> <span class='ocrx_word' id='word_1_339' title='bbox 574 6125 739 6198; x_wconf 86' lang='lat' dir='ltr'>decimam</span> <span class='ocrx_word' id='word_1_340' title='bbox 758 6125 1006 6217; x_wconf 86' lang='lat' dir='ltr'>manipularem</span> <span class='ocrx_word' id='word_1_341' title='bbox 1035 6145 1099 6216; x_wconf 90' lang='lat' dir='ltr'>pro</span> <span class='ocrx_word' id='word_1_342' title='bbox 1118 6124 1263 6197; x_wconf 89' lang='lat' dir='ltr'>ecclesia</span> <span class='ocrx_word' id='word_1_343' title='bbox 1289 6124 1325 6195; x_wconf 92' lang='lat' dir='ltr'>in</span> <span class='ocrx_word' id='word_1_344' title='bbox 1344 6103 1609 6216; x_wconf 82' lang='lat' dir='ltr'>Bogucn&#39;icze,</span> <span class='ocrx_word' id='word_1_345' title='bbox 1635 6121 1679 6194; x_wconf 91' lang='lat' dir='ltr'>de</span> <span class='ocrx_word' id='word_1_346' title='bbox 1698 6123 1856 6195; x_wconf 87' lang='lat' dir='ltr'>omnibus</span> 
     </span>
     <span class='ocr_line' id='line_1_38' title="bbox 280 6243 1857 6338; baseline -0.001 -21"><span class='ocrx_word' id='word_1_347' title='bbox 280 6244 499 6338; x_wconf 79' lang='lat' dir='ltr'>humentis,</span> <span class='ocrx_word' id='word_1_348' title='bbox 527 6267 615 6337; x_wconf 88' lang='lat' dir='ltr'>quae</span> <span class='ocrx_word' id='word_1_349' title='bbox 643 6245 873 6319; x_wconf 86' lang='lat' dir='ltr'>seminaverit.</span> <span class='ocrx_word' id='word_1_350' title='bbox 917 6246 1005 6318; x_wconf 92' lang='lat' dir='ltr'>Item</span> <span class='ocrx_word' id='word_1_351' title='bbox 1032 6247 1209 6337; x_wconf 88' lang='lat' dir='ltr'>praedium</span> <span class='ocrx_word' id='word_1_352' title='bbox 1237 6268 1306 6319; x_wconf 91' lang='lat' dir='ltr'>non</span> <span class='ocrx_word' id='word_1_353' title='bbox 1333 6251 1387 6319; x_wconf 91' lang='lat' dir='ltr'>est</span> <span class='ocrx_word' id='word_1_354' title='bbox 1414 6246 1449 6318; x_wconf 94' lang='lat' dir='ltr'>in</span> <span class='ocrx_word' id='word_1_355' title='bbox 1476 6246 1596 6320; x_wconf 90' lang='lat' dir='ltr'>eadem</span> <span class='ocrx_word' id='word_1_356' title='bbox 1623 6243 1857 6336; x_wconf 75' lang='lat' dir='ltr'>villamque</span> 
     </span>
    </p>

    <p class='ocr_par' dir='ltr' id='par_1_12' title="bbox 190 6367 1333 6476">
     <span class='ocr_line' id='line_1_39' title="bbox 190 6367 1276 6464; baseline 0.003 -27"><span class='ocrx_word' id='word_1_357' title='bbox 190 6457 195 6464; x_wconf 26' lang='lat'><em>,</em></span> <span class='ocrx_word' id='word_1_358' title='bbox 304 6370 466 6461; x_wconf 87' lang='lat' dir='ltr'>taberna,</span> <span class='ocrx_word' id='word_1_359' title='bbox 493 6389 605 6459; x_wconf 89' lang='lat' dir='ltr'>noque</span> <span class='ocrx_word' id='word_1_360' title='bbox 632 6367 868 6460; x_wconf 83' lang='lat' dir='ltr'>hortulaniae,</span> <span class='ocrx_word' id='word_1_361' title='bbox 895 6389 1006 6461; x_wconf 88' lang='lat' dir='ltr'>neque</span> <span class='ocrx_word' id='word_1_362' title='bbox 1033 6369 1276 6441; x_wconf 87' lang='lat' dir='ltr'>molendinum.</span> 
     </span>
    </p>
   </div>
   <div class='ocr_carea' id='block_1_5' title="bbox 408 6487 1857 6728">
    <p class='ocr_par' dir='ltr' id='par_1_13' title="bbox 408 6475 1857 6728">
     <span class='ocr_line' id='line_1_40' title="bbox 879 6487 1281 6566; baseline -0.011 -0.758"><span class='ocrx_word' id='word_1_363' title='bbox 879 6487 1006 6566; x_wconf 78' lang='lat' dir='ltr'>sm‘ra</span> <span class='ocrx_word' id='word_1_364' title='bbox 1066 6491 1281 6565; x_wconf 80' lang='lat' dir='ltr'>&#39;orowrczta</span> 
     </span>
     <span class='ocr_line' id='line_1_41' title="bbox 408 6495 1857 6728; baseline 0.003 -46"><span class='ocrx_word' id='word_1_365' title='bbox 408 6609 503 6682; x_wconf 87' lang='lat' dir='ltr'>Villa</span> <span class='ocrx_word' id='word_1_366' title='bbox 537 6611 668 6697; x_wconf 86' lang='lat' dir='ltr'>hahens</span> <span class='ocrx_word' id='word_1_367' title='bbox 703 6595 817 6688; x_wconf 62' lang='lat' dir='ltr'>in⁴at⁴</span> <span class='ocrx_word' id='word_1_368' title='bbox 838 6495 1461 6728; x_wconf 48' lang='lat' dir='ltr'>fflsslesimffle</span> <span class='ocrx_word' id='word_1_369' title='bbox 1485 6608 1566 6684; x_wconf 83' lang='lat' dir='ltr'>albo</span> <span class='ocrx_word' id='word_1_370' title='bbox 1592 6613 1783 6701; x_wconf 82' lang='lat' dir='ltr'>muratam,</span> <span class='ocrx_word' id='word_1_371' title='bbox 1820 6611 1857 6686; x_wconf 80' lang='lat' dir='ltr'>a</span> 
     </span>
    </p>
   </div>
   <div class='ocr_carea' id='block_1_6' title="bbox 0 0 2104 8342">
    <p class='ocr_par' dir='ltr' id='par_1_14' title="bbox 0 0 2104 8342">
     <span class='ocr_line' id='line_1_42' title="bbox 0 0 2104 8342; baseline 0 0"><span class='ocrx_word' id='word_1_372' title='bbox 0 0 2104 8342; x_wconf 95' lang='lat' dir='ltr'> </span> 
     </span>
    </p>
   </div>
  </div>
 </body>
</html>
