4200 8342
1744 1649 1819 1718 433

267 1856 330 1906 sua
356 1834 509 1924 cultura,
536 1838 619 1908 item
646 1838 753 1910 babet
772 1839 840 1912 duo
858 1839 1040 1914 obstacula
1066 1844 1101 1916 in
1124 1844 1202 1918 lacu
1228 1845 1389 1918 haeredis
1416 1848 1510 1921 dicto
1528 1850 1703 1924 Vislha.
1731 1856 1819 1928 Item
1877 1905 1879 1910 -

263 1959 299 2028 in
326 1956 447 2029 eadem
487 1957 570 2030 villa
596 1963 677 2032 sunt
703 1960 794 2032 lanei
829 1963 1081 2054 emethonales,
1118 1966 1173 2037 vel
1210 1968 1327 2058 potius
1363 1971 1439 2059 agri
1466 1973 1650 2062 partiales,
1686 1997 1754 2047 non
1782 1980 1817 2050 in

265 2079 394 2169 laneos,
420 2080 483 2151 sed
510 2081 545 2151 in
572 2082 684 2171 peties
711 2082 874 2172 distincti,
902 2089 939 2156 et
957 2087 1144 2176 separatim
1164 2089 1199 2159 iu
1217 2088 1302 2161 locis
1329 2090 1614 2166 eminentioribus
1642 2098 1817 2188 extirpati,

255 2202 350 2272 -item
378 2204 433 2272 est
458 2201 508 2272 ibi
534 2221 639 2274 unum
667 2203 846 2294 praedium
873 2205 1035 2296 militare,
1062 2207 1105 2278 de
1125 2209 1249 2298 quibus
1268 2210 1426 2282 omnibus
1454 2213 1601 2285 solvitur
1626 2221 1662 2286 et
1688 2219 1816 2290 condu-

263 2322 353 2393 citur
380 2320 517 2394 decima
540 2323 768 2414 manipularis
795 2331 831 2396 et
858 2327 1035 2416 canapalis
1062 2347 1126 2418 pro
1153 2329 1298 2401 ecclesIa
1323 2331 1359 2400 in
1387 2332 1628 2422 Boleslaw,
1656 2342 1692 2407 et
1718 2339 1815 2411 valor

260 2444 335 2514 eius
360 2444 568 2516 aestimatur
592 2444 638 2517 ad
664 2451 738 2519 tres
765 2467 910 2520 marcas.
944 2447 1032 2519 Item
1059 2449 1166 2522 habet
1202 2450 1347 2522 ecclesia
1373 2451 1409 2523 in
1436 2452 1557 2526 eedem
1589 2456 1678 2528 villa
1703 2458 1814 2530 lacum

262 2565 441 2656 proprium
459 2565 616 2657 liberum,
643 2569 703 2659 qui
728 2567 857 2640 dicitur
882 2569 1240 2662 Lubyeschovo.

365 2685 653 2778 Szvrvnaonzrr,
688 2689 772 2761 villa
798 2689 862 2762 sub
889 2692 1056 2781 parocbia
1091 2691 1134 2764 de
1160 2691 1392 2787 Boleslav
1427 2695 1512 2783 sita,
1553 2697 1650 2769 cuins
1686 2700 1811 2772 haeres

259 2806 437 2880 Johannes
462 2807 724 2901 Lipniczky
749 2809 793 2882 de
820 2812 926 2883 armis
962 2811 1234 2884 Polukosza.
1270 2814 1316 2886 Jn
1344 2835 1413 2906 qua
1439 2821 1521 2889 sunt
1555 2819 1633 2908 agri
1659 2823 1812 2895 emetha-

260 2928 366 3020 nales,
392 2928 437 3001 de
463 2931 588 3020 quibus
614 2931 761 3004 solvitur
779 2936 815 3004 et
832 2932 1037 3005 conducitur
1054 2933 1187 3006 decima
1208 2935 1436 3026 manipularis
1454 2944 1491 3009 et
1509 2928 1684 3028 canapalis
1703 2943 1812 3014 eccle-

258 3051 329 3122 siae
355 3050 390 3122 in
418 3049 622 3143 Bolyeslaw,
648 3057 686 3125 et
711 3053 811 3127 valor
837 3054 910 3125 eius
937 3054 1141 3126 aestimatur
1167 3054 1212 3127 ad
1239 3055 1325 3133 duas
1343 3077 1489 3130 marcas.
1514 3057 1602 3131 Item
1629 3061 1809 3151 praedium

258 3193 327 3244 non
354 3178 409 3244 est
434 3173 493 3245 ibi.

361 3291 522 3384 Gnarum,
548 3295 633 3368 villa
658 3296 723 3368 sub
750 3296 917 3386 parochia
942 3297 1109 3370 ccclesiae
1136 3297 1179 3369 de
1206 3297 1437 3371 Boleslaw
1464 3299 1542 3390 sita
1569 3302 1667 3374 cuius
1685 3303 1809 3377 haeres

255 3414 432 3486 Johannes
457 3414 838 3508 Wyelowyeczky
863 3417 908 3490 de
935 3419 1040 3490 armis
1067 3418 1344 3491 Polnhosza
1370 3419 1411 3490 In
1438 3424 1809 3513 quasuntsgricme·

256 3536 409 3626 thanum,
435 3536 471 3607 in
499 3538 610 3627 peties
638 3559 706 3610 non
734 3539 769 3610 in
797 3539 915 3611 laneos
942 3539 1116 3629 distincti,
1144 3538 1187 3612 de
1215 3539 1340 3630 quibus
1366 3539 1513 3613 solvitur
1539 3542 1673 3614 decima
1698 3545 1808 3616 mani·

255 3655 388 3746 pularis
423 3662 460 3729 et
495 3658 673 3748 canapalis
707 3680 772 3750 pro
808 3659 1011 3751 episcopatu
1046 3659 1288 3750 cracoviensi,
1315 3665 1351 3731 et
1386 3660 1485 3733 valor
1521 3662 1596 3734 eins
1631 3662 1807 3738 adunam

254 3797 404 3850 marcum
440 3779 653 3850 aestimatur.
693 3779 780 3851 Item
818 3801 886 3852 non
912 3785 968 3852 est
992 3780 1042 3853 ibi
1069 3779 1259 3871 praedium.
1299 3780 1387 3853 Item
1413 3782 1583 3871 plebanus
1610 3783 1654 3855 de
1680 3783 1806 3858 Bole-

254 3898 364 3971 slavv
389 3900 497 3972 habet
522 3900 571 3971 ibi
598 3901 897 3974 columbationem.

356 4021 649 4112 Mnnnzncnow,
676 4022 760 4094 villa
795 4023 859 4094 sub
894 4022 1061 4113 parochio
1096 4024 1139 4095 de
1174 4023 1408 4095 Bolcslaw
1441 4024 1527 4114 sita,
1556 4025 1653 4097 euius
1680 4025 1804 4098 haeres

252 4142 429 4215 Iohannes
455 4143 820 4236 Wyelepniezky
855 4144 898 4217 dc
931 4145 1036 4216 armis
1064 4143 1306 4217 Polulroza.
1345 4144 1386 4216 In
1413 4165 1482 4236 qna
1508 4165 1577 4217 non
1604 4151 1688 4219 sunt
1712 4147 1804 4220 lanei

252 4267 463 4336 emensurati
489 4265 562 4337 sive
589 4265 753 4356 distincti,
782 4265 842 4338 sed
869 4271 950 4339 sunt
975 4267 1012 4338 in
1039 4266 1101 4338 illa
1127 4264 1245 4338 decem
1272 4266 1474 4339 emethones
1501 4267 1670 4341 habentes
1688 4289 1803 4360 egros,

252 4387 439 4459 seeundum
473 4386 584 4476 magis
610 4387 828 4476 autminus,
854 4407 967 4479 neque
994 4387 1154 4460 ordinate
1179 4388 1258 4460 illos
1285 4386 1456 4479 colentes,
1483 4387 1544 4460 sed
1570 4409 1634 4481 pro
1660 4391 1802 4481 proprio

251 4506 396 4580 arbitrio
421 4513 459 4580 et
485 4508 674 4597 voluntate,
700 4507 744 4580 de
771 4508 897 4600 quibus
923 4509 1082 4582 omnibus
1109 4508 1268 4598 solvunt,
1294 4508 1497 4601 solvereque
1521 4515 1685 4584 tenentur
1710 4511 1804 4584 deci»-

251 4648 341 4700 mam
367 4629 628 4720 manipularem,
654 4629 805 4702 vicariae
830 4629 1049 4720 praebendae
1075 4629 1302 4720 Vislieiensis,
1321 4651 1410 4721 quae
1428 4630 1557 4702 dicitur
1573 4630 1801 4722 Stroziczshu,

250 4755 286 4820 ot
311 4750 347 4821 in
373 4751 537 4821 horreum
564 4751 755 4824 conducere
782 4773 805 4822 a
830 4752 960 4824 vicario
987 4752 1178 4825 locandum.
1205 4751 1336 4824 Verum
1364 4752 1445 4841 quia
1472 4751 1554 4822 villa
1581 4751 1738 4841 praelata
1763 4754 1799 4823 in

151 4959 154 4964 .
250 4871 326 4944 loeo
352 4872 455 4944 basso
481 4872 569 4961 sita,
595 4877 632 4943 et
656 4872 781 4943 fluvius
807 4873 941 4944 Visla
966 4872 1070 4944 undis
1097 4879 1134 4944 ct
1160 4872 1391 4944 alluvionibus
1417 4870 1575 4960 ihdatm,
1601 4870 1799 4961 frequenter

251 4993 326 5064 eius
361 4998 495 5083 segetes
530 4993 696 5082 devorat,
731 4992 865 5064 incolae
899 4992 1003 5064 villae
1034 4992 1232 5084 praelatae,
1266 5012 1309 5063 ex
1345 4996 1447 5081 pacto
1475 5011 1552 5062 cum
1577 4991 1708 5063 vica'rio
1734 5012 1799 5083 pro

250 5118 406 5205 tempore
432 5114 530 5204 inito,
556 5115 697 5186 solvunt
723 5112 792 5186 sibi
817 5134 881 5205 pro
906 5113 992 5186 villa
1017 5121 1055 5186 et
1080 5115 1156 5185 eins
1182 5115 1266 5201 iure,
1294 5112 1393 5182 annis
1421 5110 1566 5202 singulis
1593 5111 1680 5184 duas
1706 5133 1798 5196 mara

249 5256 316 5306 cas.
341 5236 429 5308 Item
454 5236 492 5306 in
517 5234 638 5308 eadem
671 5253 740 5307 non
766 5242 822 5307 est
847 5225 1028 5325 praedium
1055 5234 1224 5324 militare,
1251 5253 1362 5324 neque
1388 5232 1552 5340 taberna,
1578 5251 1691 5326 neque
1716 5234 1811 5307 hor--

248 5356 392 5447 tvdania,
419 5356 707 5430 columbationem
733 5359 867 5428 tantum
894 5356 1000 5429 habet
1024 5357 1076 5434 ibi
1100 5357 1269 5448 plebanus
1295 5354 1339 5426 de
1366 5353 1607 5428 Bolesluv.
1771 5431 1788 5464 ,Ι

352 5477 618 5568 annszrrczs,
644 5477 728 5551 villa
753 5479 817 5552 sub
844 5478 1010 5568 parochia
1035 5477 1079 5552 de
1097 5475 1327 5550 Boleslav
1353 5479 1429 5568 sita
1448 5477 1545 5550 cuius
1562 5476 1686 5550 haeres
1704 5463 1796 5550 idem

247 5597 425 5672 Jobannes
450 5599 713 5690 Lipniezky
738 5600 783 5673 de
809 5600 917 5672 armis
942 5598 1216 5672 Poinkosza
1242 5599 1283 5671 In
1311 5619 1379 5690 qua
1397 5602 1479 5670 suut
1495 5603 1568 5670 tres
1586 5599 1795 5686 emethones,

247 5722 411 5812 piscator,
438 5721 482 5794 de
511 5721 638 5812 quibus
664 5721 832 5813 plebanus
857 5721 903 5794 de
928 5721 1161 5795 Boleslav
1187 5721 1282 5794 tollit
1307 5719 1614 5806 columbationem,
1640 5722 1678 5789 et
1703 5716 1795 5788 deci·

248 5861 340 5934 mam
365 5841 616 5933 manipularem
643 5842 864 5934 episcopatus
891 5841 1140 5916 Graeomensis.

351 5961 478 6054 Onus,
505 5962 590 6035 villa
617 5963 681 6035 sub
707 5962 874 6053 parochia
899 5962 943 6033 de
969 5963 1201 6036 Boleslaw
1227 5963 1314 6050 sita,
1342 5961 1438 6031 cuius
1464 5960 1589 6031 haeres
1615 5955 1804 6030 Johannes.

245 6085 505 6176 Lipniczlry
531 6082 716 6175 praelatus.
742 6083 783 6153 In
809 6103 880 6172 qua
905 6088 988 6155 sunt
1012 6105 1075 6156 sex
1102 6084 1313 6171 cmethoues,
1341 6078 1384 6151 de
1411 6080 1536 6170 quibus
1563 6078 1731 6170 plebanus
1757 6078 1794 6149 in

245 6204 477 6280 Boleslaw
512 6205 607 6278 tollit
641 6203 929 6276 columbationem
963 6211 1001 6276 et
1034 6204 1203 6277 decimam
1238 6201 1506 6292 manipularem,
1532 6208 1569 6273 et
1594 6200 1693 6272 valor
1719 6197 1793 6271 eius

245 6333 328 6402 anta
351 6333 513 6418 tempora
537 6324 788 6400 aestimabatur
814 6323 859 6396 od
884 6327 1019 6416 septem
1044 6343 1195 6425 marcas,
1222 6283 1374 6414 roffi-per
1400 6321 1659 6396 inundationem
1686 6341 1792 6412 aqua-

244 6435 515 6540 rum-hbsorpt'a
539 6448 689 6521 videtur.
721 6501 777 6576 ,ff
905 6425 909 6432 ¹
1037 6475 1041 6482 ·
1169 6537 1179 6554 ,Ι
1613 6481 1625 6508 ·

287 6570 606 6734 &moenem
631 6567 715 6692 ville
749 6565 1007 6660 subparochia
1031 6564 1076 6638 de
1102 6487 1444 6688 BM’QssssQ’
1471 6564 1568 6638 cuius
1595 6564 1791 6655 proprietas

1238 6743 1240 6748 -
1286 6701 1341 6770 Γ)
1393 6691 1421 6744 -“
1588 6713 1626 6763 ss

342 6699 397 6781 'na
410 6721 509 6781 aaut
522 6719 556 6784 a.
