4200 8342
312 1657 389 1730 424

308 1867 406 1938 valor
425 1920 537 1938 .....
564 1866 652 1938 Item
680 1869 734 1938 est
760 1867 808 1938 ibi
836 1887 976 1960 campus
1003 1887 1110 1956 unus,
1137 1865 1179 1938 de
1208 1889 1275 1960 qno
1303 1867 1437 1940 decima
1463 1867 1599 1942 tollitur
1625 1885 1689 1960 pro
1717 1871 1868 1944 ecelesia

306 1989 342 2060 in
360 1989 617 2060 Paczanou.
645 1987 734 2060 Item
752 1987 878 2060 Petrus
897 1993 933 2060 et
950 1987 1135 2061 Florianus
1153 1987 1517 2082 Paczanowsczy
1535 1991 1667 2064 habent
1684 1991 1720 2064 in
1739 1993 1864 2066 cadem

306 2110 389 2182 villa
424 2131 583 2204 campum
614 2132 718 2182 unum
754 2111 934 2203 proprium
969 2117 1006 2182 ct
1031 2109 1197 2200 liberum,
1238 2111 1281 2183 de
1309 2112 1405 2184 cuius
1442 2113 1536 2204 agris
1573 2113 1658 2186 dant
1694 2113 1866 2188 decimam

306 2231 471 2328 ecclesiae
498 2233 534 2304 in
560 2231 828 2324 Paczanow,
865 2254 967 2325 quam
994 2233 1181 2305 modernus
1210 2233 1376 2324 plebanus
1404 2235 1563 2306 dominus
1600 2235 1831 2308 Wisliczk
1841 2261 1866 2330 y

306 2356 492 2427 canonicus
520 2354 778 2445 cracoviensis,
814 2355 857 2426 de
884 2344 1025 2446 speciali
1063 2355 1246 2427 deuotione
1283 2357 1343 2428 dat
1370 2357 1527 2448 vicariis,
1563 2359 1701 2431 ratione
1738 2365 1865 2432 cantus

308 2478 434 2550 missae
461 2481 619 2549 maturae
646 2477 689 2548 de
715 2477 826 2549 Beata
852 2477 1008 2568 Virgine.

413 2599 553 2690 Knnsr,
590 2599 672 2670 uilla
698 2600 762 2672 sub
789 2599 956 2690 parochia
982 2598 1025 2672 de
1052 2600 1304 2674 Paczanou
1331 2600 1416 2691 sita,
1458 2601 1555 2673 cuius
1582 2600 1706 2674 haeres
1733 2599 1864 2692 Pltrus

308 2719 736 2814 Sanczignycu'sky.
763 2721 802 2792 ln
831 2743 900 2812 qua
927 2725 1008 2793 sunt
1034 2723 1127 2795 lanei
1154 2722 1397 2811 auctionales,
1424 2723 1468 2794 de
1496 2723 1620 2814 quibus
1648 2723 1796 2796 soluitur
1824 2719 1863 2798 e't

307 2842 512 2915 conducitur
539 2843 671 2916 decima
697 2840 923 2933 manipularis
951 2850 987 2915 et
1013 2845 1188 2936 canapalis
1216 2867 1279 2935 pro
1308 2843 1453 2916 ecclesia
1480 2844 1515 2914 in
1543 2845 1798 2938 Xagnicm,
1825 2851 1867 2920 et

307 2965 406 3036 valor
432 2965 507 3037 eius
534 2965 740 3037 aestimatur
767 2965 811 3036 ad
830 3020 944 3035 .....
971 2965 1059 3037 ltcm
1087 2971 1141 3038 cst
1168 2967 1216 3038 ibi
1243 2987 1384 3058 campus
1411 2987 1519 3057 unuS,
1547 2964 1589 3038 de
1617 2987 1684 3059 quo
1709 2967 1867 3042 decima²
1924 2989 1926 2996 ·

308 3093 367 3158 tur
393 3107 457 3179 pro
485 3088 631 3159 ecclesia
658 3087 693 3158 in
719 3086 981 3159 Paczanou.

412 3209 635 3300 Qmmcrrour²
662 3210 745 3280 villa
772 3208 836 3281 sub
863 3209 1029 3300 parochia
1056 3209 1099 3281 de
1126 3209 1380 3282 Paczanow
1408 3208 1493 3299 sita,
1522 3210 1620 3282 cuins
1646 3211 1770 3282 haeres
1798 3209 1865 3284 Jo-
1914 3261 1918 3266 -

224 3325 226 3330 ’
306 3333 438 3404 hannes
466 3333 509 3404 dc
535 3331 802 3422 Rithuyani
829 3331 1001 3423 palatinus
1030 3329 1280 3404 Oracoviensis.
1316 3331 1356 3402 ln
1385 3352 1453 3422 qua
1480 3335 1561 3402 sunt
1586 3331 1678 3403 lanei
1706 3333 1865 3406 ematho-

309 3453 445 3554 nales...;
471 3455 555 3525 item
573 3453 679 3526 habet
698 3453 733 3522 in
752 3452 873 3524 cadom
891 3453 975 3524 villa
992 3452 1161 3544 plebanus
1181 3453 1223 3525 de
1242 3453 1493 3525 Paczanou
1519 3473 1625 3525 mrum
1644 3455 1866 3528 cnrethoncm

307 3575 486 3666 proprium
513 3579 549 3646 ct
576 3574 733 3664 liberum,
762 3579 797 3645 ct
823 3574 992 3666 adquam
1020 3575 1275 3647 haereditarius
1299 3575 1457 3648 dominus
1484 3575 1571 3646 nihil
1599 3575 1714 3666 habet,
1742 3577 1801 3668 qui
1830 3579 1866 3650 ei

308 3698 413 3769 solvit
439 3719 502 3788 pro
530 3718 643 3769 annno
672 3717 777 3768 censu
803 3701 876 3769 tres
902 3695 1075 3788 remoneo,
1112 3703 1148 3770 ct
1173 3698 1311 3770 laborat
1338 3699 1428 3770 diem
1461 3697 1497 3768 in
1524 3699 1726 3789 septimana.
1771 3699 1866 3772 Item

307 3821 343 3891 in
371 3820 490 3891 cadem
518 3819 600 3891 villa
626 3819 669 3892 dc
697 3820 801 3891 certis
828 3821 931 3912 agria,
960 3819 1109 3892 solvitur
1135 3819 1268 3893 decima
1287 3819 1425 3892 vicariis
1452 3819 1488 3892 in
1514 3797 1773 3912 Paczanow,
1802 3823 1866 3912 qui

307 3961 444 4034 semper
469 3941 642 4014 habentur
667 3947 749 4014 tres.

412 4063 526 4136 Villae
553 4063 787 4155 parochiales:
824 4064 1075 4137 Paczanow
1102 4064 1275 4155 oppidum,
1303 4061 1706 4156 Nyegoslawicze‚
1733 4063 1866 4138 Scze·

306 4171 423 4278 grin,
449 4187 702 4278 Sroczkou,
729 4185 870 4258 Karsi
897 4191 1054 4278 utruque,
1082 4185 1308 4278 Rathayc,
1336 4185 1466 4278 Slup,
1493 4185 1711 4279 Zabyerz.

981 4427 1210 4502 Xnuamczs.

409 4550 505 4623 Villa
533 4550 663 4622 hahens
682 4553 717 4620 in
736 4570 773 4621 se
792 4550 971 4623 ecclesiam
997 4551 1231 4642 parochialem
1259 4551 1408 4644 ligneam
1436 4551 1582 4624 Sanctae
1609 4551 1861 4643 Margaretlrae

309 4673 436 4764 uirgini
455 4673 613 4764 dicatam,
633 4675 731 4745 cuius
749 4673 928 4745 haeredes:
946 4673 1124 4745 lohannes
1143 4673 1232 4745 Zab
1242 4675 1488 4768 porcusky
1508 4673 1551 4746 de
1570 4675 1676 4746 armis
1694 4673 1863 4766 Ostoya,

307 4797 483 4867 ...relicta
498 4795 636 4886 Aegidii
651 4793 693 4866 dc
708 4793 815 4868 arinis
835 4793 906 4865 liu
916 4795 938 4865 d
949 4815 1002 4866 an
1013 4815 1031 4866 c
1042 4817 1060 4866 z
1071 4815 1107 4885 c,
1128 4795 1277 4868 Thomas
1292 4800 1328 4868 ct
1342 4795 1375 4866 N
1378 4796 1507 4868 icolans
1525 4797 1681 4890 germani
1696 4795 1738 4866 de
1753 4797 1861 4868 armis

304 4917 494 5008 lanima,
534 4915 699 4989 Nicolans
726 4917 770 4989 de
805 4917 1064 4989 Radnanow
1101 4918 1144 4990 de
1170 4917 1275 4988 armis
1309 4917 1580 5008 huvdancze,
1621 4915 1789 5010 Aegidius
1815 4917 1861 4990 de

309 5040 510 5113 Schudol
538 5037 1050 5131 dearmishwdanczc...,
1070 5060 1211 5112 consors
1230 5039 1470 5132 Christophcri
1490 5037 1862 5130 Schafiranyccz

306 5161 348 5233 de
384 5163 669 5251 Zastarnpou
705 5161 748 5233 dc
775 5163 881 5233 annis
917 5163 1236 5254 Bippennium.
1281 5162 1321 5233 In
1349 5182 1417 5253 qua
1444 5166 1524 5233 sunt
1551 5160 1731 5233 duodecim
1767 5161 1862 5232 lanei

307 5284 549 5372 cmethonales²
576 5287 612 5354 et
639 5289 710 5355 tres
737 5283 955 5356 hortulaniac
982 5285 1152 5357 habentes
1179 5305 1301 5376 agros,
1329 5283 1371 5355 dc
1400 5283 1524 5376 quihus
1552 5285 1699 5356 soluitur
1726 5282 1862 5356 decima

306 5405 531 5496 manipularis
558 5405 724 5476 ecclesiae
751 5408 786 5476 in
814 5407 1024 5498 morou,
1066 5411 1102 5478 ct
1129 5405 1228 5480 valor
1262 5405 1337 5478 eius
1373 5407 1580 5479 aestimatur
1607 5405 1651 5477 ad
1667 5405 1860 5478 ¹duodecim

306 5547 449 5600 marcas.
493 5526 581 5597 ltem
610 5531 691 5598 sunt
717 5529 765 5599 ibi
793 5529 935 5620 praedia
961 5529 1145 5618 militaria,
1186 5529 1229 5602 de
1256 5527 1380 5620 quibus
1409 5528 1555 5600 solvitur
1591 5531 1627 5598 et
1655 5527 1862 5599 conducitur

305 5649 439 5722 decima
474 5650 698 5742 manipularis
734 5651 899 5723 ccclesiae
926 5652 962 5722 in
990 5651 1244 5742 Xagniczc,
1284 5655 1320 5722 ct
1347 5651 1447 5722 valor
1481 5651 1555 5722 cius
1582 5649 1788 5722 aestimatur
1814 5649 1861 5722 ad

305 5779 454 5865 quatuor
481 5779 624 5847 marcas.
664 5773 751 5846 Item
778 5773 886 5846 habet
913 5773 1058 5846 ccclesia
1084 5793 1187 5866 agros
1213 5771 1419 5865 praediales,
1446 5793 1576 5864 paucos
1603 5777 1729 5864 tamen
1758 5779 1863 5862 prata

306 5897 408 5969 nulla.
1112 5883 1114 5888 ¹

408 6017 539 6092 Knnsr
566 6017 704 6112 Minoa,
732 6018 816 6090 villa
833 6019 898 6092 sub
916 6017 1082 6110 parochia
1109 6016 1151 6090 dc
1169 6013 1432 6090 'Paczanou
1459 6017 1536 6106 sita,
1564 6015 1660 6088 cuius
1688 6013 1861 6088 haeredes

307 6142 458 6214 Thomas
493 6139 678 6232 Karsky
714 6141 757 6213 de
790 6141 897 6214 annis
932 6139 1160 6212 Hahdank
1197 6145 1234 6212 ct
1268 6139 1447 6212 lohannes
1483 6137 1864 6230 Korzenyousky

304 6265 348 6335 de
375 6264 481 6336 armis
501 6315 508 6330 .
529 6315 535 6328 .
608 6315 641 6331 ..
684 6262 879 6356 ln'quibns
905 6283 974 6334 non
1002 6267 1085 6334 surrt
1111 6261 1201 6333 lanei
1230 6263 1477 6353 cmethonales,
1506 6261 1566 6333 sed
1595 6265 1676 6333 sunt
1703 6260 1864 6332 hortula-

305 6387 391 6474 niae,
418 6381 462 6454 de
489 6380 614 6472 quibus
640 6385 747 6457 etde
773 6385 1042 6476 quornmagris
1069 6383 1203 6490 decima
1229 6385 1493 6476 diversificatum
1521 6404 1600 6456 nam
1628 6382 1676 6456 de¹
1690 6403 1750 6455 sex
1777 6383 1862 6454 hor-

303 6505 446 6576 tulaniis
482 6504 632 6596 percipit
666 6507 834 6580 decimam
870 6471 1018 6580 eccldsia
1051 6501 1401 6612 in-Zh'or'ouppet
1432 6504 1639 6614 valarsius
1675 6502 1719 6578 ad
1749 6507 1863 6576 'urnam

305 6643 457 6700 marmur
483 6627 707 6722 aestimatur,
746 6627 789 6708 de
816 6629 952 6710 duobus
987 6633 1072 6702 vero
1106 6613 1549 6726 praediis'tii'iilitan'bii'a·,''³¹
1566 6629 1602 6702 in
1616 6621 1761 6730 ''eedem'
1777 6625 1864 6704 'uilla

1342 6737 1375 6782 ln.
1492 6777 1494 6781 .
