4200 8342
1743 1632 1815 1705 atl

266 1835 387 1907 eadem
414 1834 497 1908 villa
524 1836 629 1907 solvit
664 1836 829 1908 ecclesiae
856 1836 891 1909 in
910 1835 1298 1936 ¹Gotbprzpdowa
1333 1838 1621 1910 columbationern
1648 1844 1685 1909 et
1711 1839 1816 1912 dena·

266 1957 355 2028 rium
383 1957 503 2053 Sancti
529 1956 635 2058 Petri:
662 1957 745 2028 item
772 1958 919 2047 quilibet
945 1958 1081 2031 emetho
1109 1957 1153 2031 dc
1179 1960 1278 2031 laneo
1307 1959 1412 2032 solvit
1438 1960 1585 2049 plebano
1612 1959 1648 2030 in
1676 1959 1819 2052 Wolya

268 2074 415 2152 Gotbl
422 2077 517 2152 ridi
535 2076 671 2170 rationo
689 2075 842 2150 oraclum
850 2099 914 2169 per
931 2101 1035 2151 unam
1055 2101 1250 2152 mensuram
1270 2080 1418 2171 siliginis
1438 2087 1474 2152 ot
1489 2102 1551 2171 per
1565 2090 1818 2154 unamavenae.

784 2285 788 2296 ¹
968 2200 1142 2272 Dnnnno.

370 2319 465 2406 Villa
491 2320 623 2392 liabens
640 2319 821 2406 ecclesiam
839 2320 1074 2411 parochialem
1100 2322 1249 2411 ligneam
1268 2323 1304 2394 in
1324 2343 1375 2412 se,
1403 2322 1551 2394 Sanctae
1569 2319 1817 2414 Margarethae

268 2441 407 2534 Virgini
433 2442 591 2532 dicatam,
618 2442 716 2516 cuius
742 2442 938 2533 proprietas
964 2442 1011 2514 ad
1036 2441 1206 2515 Jacobum
1232 2444 1559 2536 Dambyonsky
1595 2445 1821 2517 castellanum

268 2571 304 2636 et
329 2564 547 2656 capitaneum
574 2563 838 2636 cracoviensem
864 2564 908 2636 de
935 2565 1037 2637 domo
1064 2563 1377 2638 Odrouausch
1403 2564 1563 2655 nobilem,
1591 2565 1753 2655 pertinet
1779 2566 1821 2637 In

270 2707 338 2777 qna
365 2693 447 2758 sunt
481 2685 572 2758 lauei
599 2685 849 2775 cnuetbonales‚
885 2686 969 2758 item
995 2686 1163 2758 tabernae
1198 2667 1357 2778 quatuor¹
1384 2686 1553 2759 babentes
1580 2707 1702 2778 agroS,
1738 2688 1821 2760 item

270 2798 488 2880 hortulaniae
515 2813 596 2878 sunt
622 2811 696 2880 tres
723 2807 891 2879 babentes
917 2827 1032 2897 agros,
1058 2807 1246 2898 dequibus
1273 2809 1432 2880 omnibus
1459 2808 1605 2879 solvitur
1632 2814 1669 2881 ot
1694 2810 1822 2882 condu-

271 2929 362 3000 citur
388 2927 522 3000 decima
547 2927 774 3022 manipularis
800 2935 837 3001 et
864 2928 1041 3019 canapulis
1067 2949 1132 3020 pro
1158 2915 1360 3020 episcopatu
1387 2928 1624 3020 Gracoviensi‚
1660 2937 1696 3002 ot
1722 2932 1822 3004 valor

271 3051 346 3122 eius
372 3051 575 3131 aestimatur
602 3050 648 3122 ad
675 3050 798 3142 viginti
824 3070 977 3122 marcas:
1013 3050 1098 3122 item
1112 3051 1292 3145 ¹plebanus
1328 3052 1434 3123 babet
1461 3074 1566 3123 unum
1593 3051 1730 3125 laneum
1756 3074 1822 3144 pro

270 3194 333 3245 suo
360 3172 514 3268 praedia
542 3173 625 3244 item
652 3172 689 3244 iu
714 3171 836 3244 cadem
863 3172 946 3244 villa
971 3178 1026 3244 est
1050 3173 1230 3263 praedium
1257 3173 1418 3263 militaro,
1447 3173 1489 3245 dc
1516 3174 1613 3246 cuius
1640 3174 1735 3266 agris
1762 3174 1822 3246 de-

272 3294 360 3365 aima
394 3315 461 3385 pro,
485 3293 633 3385 plebano
669 3294 705 3365 iu
731 3293 954 3384 Dambno,
990 3292 1088 3365 valor
1124 3294 1275 3385 quinquo
1311 3315 1533 3367 nnarcaruma
1561 3296 1644 3367 itum
1677 3294 1823 3367 ecclesia

273 3415 381 3489 babet
406 3416 456 3488 ibi
482 3416 644 3507 proprios
670 3395 774 3505 agros
801 3421 838 3487 et
854 3420 966 3507 prata,
984 3436 1057 3507 ·pro
1076 3437 1139 3489 suo
1157 3416 1311 3507 praedio,
1337 3438 1403 3489 usu
1421 3422 1459 3490 et
1476 3417 1692 3507 necessitato,
1717 3438 1824 3489 unum

273 3537 427 3638 laneum3
468 3537 553 3608 item
580 3538 624 3621 de
649 3538 804 3610 tabernis
831 3536 999 3628 praefatis
1026 3538 1183 3610 variatur
1210 3538 1358 3628 decima;
1394 3560 1464 3612 una
1490 3538 1581 3612 euim
1608 3538 1755 3611 taberna
1780 3537 1824 3610 do

273 3659 421 3749 eampis,
457 3657 571 3730 eundo
598 3658 641 3730 de
668 3657 896 3731 Gracovia
929 3660 966 3730 in
993 3665 1094 3749 parte
1120 3659 1280 3749 sinistra,
1317 3660 1422 3734 solvit
1448 3680 1525 3732 eam
1562 3681 1625 3750 pro
1661 3660 1823 3750 episcopo

274 3781 459 3871 manipulo,
486 3780 638 3852 secunda
663 3780 811 3853 taberna
836 3779 942 3852 solvit
968 3780 1182 3871 pecunialem
1209 3803 1273 3871 pro
1300 3782 1480 3872 episcopo,
1507 3782 1551 3854 de
1577 3782 1683 3873 agric,
1711 3780 1825 3853 cundo

275 3902 318 3973 de
345 3901 575 3976 cracovia
600 3901 635 3974 in
663 3907 764 3993 parte
789 3901 924 3991 dextra,
951 3901 1057 3972 tortia
1083 3903 1119 3974 in
1146 3907 1247 3992 parte
1274 3902 1426 3990 sinistra
1454 3904 1586 3974 babens
1613 3924 1726 3993 agros,
1753 3924 1826 3972 ma-

274 4024 393 4115 uipulo
427 4046 492 4115 pro
519 4024 700 4115 episcopo,
735 4028 862 4114 quarta
895 4023 1001 4095 etiam
1037 4023 1214 4114 manipulo
1249 4044 1314 4113 pro
1341 4024 1521 4114 episcop03
1557 4028 1611 4095 ost
1636 4024 1741 4094 etiam
1777 4023 1826 4094 ibi

275 4146 397 4236 quinta
421 4146 578 4235 taberna,
603 4145 666 4218 sed
684 4145 879 4218 nonhabet
904 4165 1018 4236 agros,
1044 4145 1129 4217 itarn
1146 4144 1366 4219 hortulaniac
1384 4144 1558 4240 decimant
1583 4165 1649 4236 pro
1667 4144 1826 4236 plebano;

275 4266 444 4358 plebanus
470 4263 654 4340 modernus
680 4265 858 4340 dobannes
885 4265 929 4339 de
954 4265 1186 4358 Woynicz.

371 4389 584 4480 Sucnczrn,
610 4388 694 4461 villa
720 4389 784 4462 sub
810 4388 977 4480 parocbia
1002 4388 1046 4461 de
1072 4387 1276 4462 Dambno
1302 4388 1380 4479 sita,
1407 4388 1506 4459 cuius
1532 4387 1657 4460 haeres
1674 4386 1827 4460 Jacobus

276 4510 571 4603 Dambynslry
605 4510 815 4584 castellanus
850 4518 887 4584 et
912 4512 1114 4603 capitaneus
1148 4509 1398 4584 Gracoriensis.
1442 4510 1482 4581 Iu
1503 4495 1596 4599 pua
1620 4514 1702 4583 sunt
1736 4509 1828 4581 lanei

277 4622 529 4724 ometbonales,
563 4633 760 4724 dequibus
787 4634 947 4707 omnibus
973 4632 1122 4731 soluitur
1148 4638 1185 4706 et
1210 4631 1417 4704 conducitur
1444 4630 1578 4703 decima
1603 4631 1828 4721 manipularis

277 4760 313 4825 et
337 4754 513 4846 canapalis
538 4763 603 4846 pro
630 4755 1050 4846 episcopoGracouiensi,
1076 4760 1113 4828 et
1139 4754 1237 4829 valor
1263 4754 1338 4827 eius
1356 4753 1400 4825 ad
1418 4751 1599 4825 duodecim
1625 4754 1829 4824 aestimatur

277 4898 422 4968 marcas,
446 4877 633 4969 aliqnando
659 4877 704 4950 ad
731 4877 936 4968 quirrdaaim.
980 4878 1069 4981 Itepn
1095 4882 1150 4949 est
1176 4876 1226 4948 ibi
1253 4896 1359 4949 unum
1386 4874 1565 4965 praedium
1593 4873 1759 4962 militaro,
1786 4873 1828 4943 de

278 4999 374 5082 cuius
408 4999 504 5089 agris
538 4998 730 5070 decimatur
764 5018 828 5088 pro
855 4998 1002 5088 plebano
1029 5004 1066 5070 et
1093 4997 1238 5068 ecclesia
1273 4997 1310 5066 in
1344 4995 1566 5084 Dambno,
1606 4993 1704 5066 cuius
1730 4993 1829 5065 valor

279 5121 484 5192 aestimatur
518 5119 564 5192 ad
599 5120 752 5210 quinque
782 5139 934 5208 marcas,
961 5117 1006 5189 do
1031 5118 1166 5199 duobus
1192 5116 1432 5189 tantummodo
1458 5114 1569 5188 laneis
1596 5114 1830 5207 praedialibus

278 5242 423 5332 soluitur
456 5240 590 5314 decima
615 5239 783 5331 plebano,
810 5239 987 5312 detectio
1014 5238 1115 5311 laneo
1141 5238 1314 5329 praediali-
1327 5249 1392 5329 pro
1414 5237 1577 5329 episcopo
1597 5237 1828 5311 Graoovieusi.
1893 5283 1897 5292 ·

382 5364 646 5436 Daunrnnsnn
674 5362 840 5452 Wourn,
875 5361 960 5434 villa
994 5362 1059 5434 snb
1094 5360 1261 5451 parocbia
1298 5359 1341 5432 de
1371 5360 1574 5445 Dambno
1611 5360 1698 5450 sita,
1734 5361 1830 5432 cuius

281 5486 477 5577 pmprietas
504 5485 548 5557 ad
574 5484 744 5557 dacobum
772 5484 815 5556 de
841 5484 1043 5558 Dambno
1070 5482 1296 5556 matellanum
1323 5488 1360 5555 et
1386 5482 1603 5573 capitaneum
1626 5482 1833 5555 Cracovien-

281 5629 353 5679 sem
378 5606 540 5698 pertinet
566 5606 607 5677 ln
628 5626 702 5696 qua
728 5612 809 5679 sunt
836 5606 953 5679 decem
981 5605 1073 5678 lanei
1099 5605 1346 5695 cmetboualos‚
1375 5598 1419 5676 de'
1446 5604 1571 5696 quibus
1598 5604 1745 5675 solvitur
1772 5603 1831 5673 de-

281 5730 370 5801 cima
401 5727 590 5821 pecunialis
625 5748 689 5819 pro
716 5729 917 5819 episcopatu
952 5724 1193 5817 Gracorieusi,
1229 5726 1273 5798 de
1300 5726 1455 5817 quolibet
1490 5725 1590 5797 laneo
1625 5744 1689 5815 per
1723 5744 1829 5795 unum

281 5851 450 5924 fertonem
475 5848 627 5923 latorum
653 5827 865 5941 grossorum,
890 5849 976 5922 ilem
1001 5871 1066 5942 pro
1084 5869 1217 5922 rracazue
1234 5849 1340 5922 solvit
1364 5848 1486 5920 laneus
1505 5846 1650 5938 quilibet
1667 5843 1832 5916 ecclesiae

281 5974 318 6045 in
344 5972 545 6046 Dambno
564 6024 679 6042 .....

387 6092 645 6168 Sucuczrusrm
673 6090 838 6182 worm,
874 6091 958 6165 villa
992 6094 1058 6165 sub
1094 6091 1260 6185 parochia
1294 6090 1337 6162 do
1372 6088 1576 6160 Dambno
1612 6087 1699 6178 sita,
1735 6087 1832 6159 cuius

283 6218 408 6290 haeres
433 6214 586 6290 Jacobus
611 6214 936 6306 Dambyensky
969 6212 1157 6306 praelatus.
1200 6214 1241 6285 In
1268 6233 1338 6303 qna
1364 6216 1447 6284 sunt
1472 6231 1596 6284 norem
1622 6209 1714 6282 lanei
1742 6230 1833 6281 cnie-

283 6338 442 6412 tbonales
468 6343 505 6410 et
531 6337 672 6420 solvunt
698 6336 864 6408 decimam
891 6335 1104 6426 pecuniolam
1131 6334 1347 6424 episcopatui
1360 6332 1582 6407 Oracovicnsi
1608 6333 1651 6405 de
1678 6331 1833 6423 quolibet

283 6461 383 6534 laneo
408 6482 473 6553 per
499 6480 605 6533 unum
631 6458 803 6531 fertonem
828 6457 979 6531 latorum
1004 6475 1207 6546 grossorum
1225 6454 1463 6547 Pragensium3
1489 6456 1572 6528 item
1598 6476 1662 6546 pro
1682 6451 1834 6527 ruecclauo

285 6582 391 6658 soluit
415 6581 565 6675 quilibet
588 6579 903 6682 laneasuecclesiao
921 6578 966 6654 -in
990 6576 1221 6654 Dambno..
1239 6599 1301 6658 xa·
1426 6613 1434 6630 ·-
