4200 8342
267 1647 342 1719 360

264 1856 302 1927 in
326 1852 619 1943 Michocziu,
637 1856 675 1923 et
700 1850 800 1925 valor
825 1851 900 1924 eius
926 1850 971 1921 ad
998 1856 1072 1923 tres
1099 1870 1242 1922 mareas.
1283 1849 1371 1923 Item
1397 1856 1481 1923 sunt
1507 1850 1558 1925 ibi
1584 1852 1651 1924 duo
1675 1858 1779 1943 paean

264 1974 438 2066 militaria,
464 1974 508 2045 de
535 1972 669 2064 qubus.
686 1972 879 2046 decimatur
905 1972 1073 2045 ecclesiae
1100 1973 1136 2043 in
1163 1972 1438 2045 Michocziu.

365 2095 681 2185 Sarannrsczaur,
707 2093 800 2167 villa.
816 2094 882 2168 sub
909 2094 1076 2185 parochia
1102 2094 1145 2165 de
1172 2094 1436 2167 Michocziu
1464 2096 1547 2186 sita,
1576 2097 1671 2169 cuius
1694 2098 1781 2173 haue

264 2218 385 2291 ditatis
411 2216 609 2307 proprietas
636 2236 701 2307 pro
727 2215 851 2287 maiori
877 2220 978 2307 parte
1005 2215 1050 2286 ad
1074 2216 1234 2287 abbatem
1262 2221 1298 2287 et
1325 2216 1574 2289 monasterium
1601 2215 1783 2311 Goprzymi·

264 2360 385 2413 czense
412 2338 583 2429 pertiuet3
619 2357 721 2428 quam
745 2338 854 2411 abbas
880 2342 918 2410 et
943 2342 1135 2409 conventus
1162 2335 1500 2428 Coprzyuniezensis
1528 2359 1592 2429 pro
1621 2338 1698 2411 villa
1719 2341 1783 2415 bom

263 2468 301 2532 et
325 2462 464 2551 integra
501 2458 724 2549 Oczycze,
763 2459 867 2532 etiam
895 2460 959 2531 sub
996 2459 1118 2531 eadern
1157 2460 1322 2550 parochia
1361 2460 1404 2531 de
1439 2460 1783 2551 Michoczinpio,

266 2602 386 2673 parum
412 2578 558 2672 provide
584 2580 757 2653 cambivit
784 2581 824 2652 ln
843 2600 912 2671 qua
929 2586 1011 2653 suut
1033 2580 1101 2653 duo
1129 2586 1265 2653 tontum
1292 2581 1384 2653 lanei
1412 2581 1648 2653 cnrethouales
1665 2582 1697 2653 iu
1713 2592 1783 2673 parte

264 2702 476 2792 monasterii,
503 2702 586 2773 item
613 2701 781 2775 tabernae
807 2700 905 2792 duae,
934 2702 1018 2774 item
1045 2700 1276 2791 hortulaniae,
1304 2702 1346 2773 de
1374 2702 1499 2793 quibus
1526 2702 1683 2775 omnibus
1710 2704 1784 2777 solri-

264 2830 323 2897 tur
349 2830 385 2897 et
411 2823 616 2896 conducitur
641 2822 775 2895 decima
800 2823 1026 2914 manipularis
1054 2830 1090 2897 et
1117 2824 1292 2915 uarrapalis
1322 2840 1394 2917 ¹pro
1422 2824 1569 2897 ecclesia
1596 2824 1631 2895 in
1658 2824 1785 2899 Skoti-

264 2947 385 3038 niky,
411 2950 448 3017 et
474 2944 572 3017 valor
598 2945 673 3017 eius
700 2943 905 3019 aestimatur
931 2944 977 3017 ad
1004 2966 1065 3017 sex
1093 2966 1235 3018 marcas.
1280 2945 1368 3017 Item
1396 2953 1478 3019 snut
1505 2946 1555 3018 ibi
1581 2946 1652 3017 tria
1676 2946 1785 3037 praedic

262 3068 446 3157 militaria,
482 3064 677 3157 dequibus
703 3066 898 3141 decimatur
931 3067 1098 3140 ecelesiae
1123 3067 1161 3139 in
1196 3064 1480 3159 Michocziu,
1517 3068 1618 3141 valor
1644 3068 1785 3141 eim-tres

263 3210 410 3263 marcac.
454 3189 541 3261 Item
569 3188 754 3281 Nicotaus,
789 3188 875 3261 item
902 3188 1081 3263 Johannea
1108 3188 1289 3262 Dmitro
1302 3190 1442 3281 usky,
1482 3188 1567 3263 item
1594 3190 1787 3264 Nicolamet

263 3311 441 3385 lohannes
468 3310 834 3403 Syodlisczensk
842 3334 874 3404 y,
901 3312 1031 3384 habeut
1056 3312 1105 3384 ibi
1130 3312 1309 3402 portiones
1328 3316 1364 3383 et
1381 3315 1503 3383 sortes.
1577 3340 1581 3355 ·

342 3433 615 3524 ,Rnnoanusz,
648 3432 733 3505 villa
758 3432 822 3506 snb
849 3434 1015 3524 parochia
1040 3433 1084 3505 de
1110 3431 1374 3505 Michocziu
1401 3433 1488 3524 sita,
1524 3434 1624 3507 cuius
1650 3432 1790 3507 harde

262 3552 1794 3646 DomarathKobilauszlrydedomoGrzymala,ctJacobusDomaratl

264 3676 309 3748 do
334 3672 594 3767 Grzymala.
620 3676 660 3747 In
689 3698 757 3769 quc
784 3682 865 3749 sunt
878 3677 982 3749 ‚lanei
1009 3677 1252 3769 ornethonales,
1281 3676 1364 3749 item
1383 3677 1559 3767 tabariae,
1586 3678 1671 3750 item
1697 3678 1798 3751 hortu-

262 3796 386 3887 laniae,
412 3796 456 3871 de
482 3796 608 3889 quitus
635 3798 796 3871 omnibus
822 3798 970 3871 solvitur
997 3803 1034 3870 et
1061 3798 1263 3871 conducitur
1288 3798 1422 3871 decima
1449 3800 1677 3891 manipularis
1704 3806 1739 3871 et
1758 3820 1800 3871 ca·

262 3918 397 4011 napalis
423 3940 487 4010 pro
506 3972 623 3991 .....
648 3918 738 3991 Item
763 3924 818 3993 est
844 3920 894 3993 ibi
921 3940 1027 3992 unum
1055 3920 1235 4012 praedium
1261 3920 1431 4011 militare,
1459 3919 1501 3992 de
1529 3942 1597 4012 quo
1626 3921 1803 3995 decimatur

263 4040 431 4113 eeclesiae
457 4042 493 4113 in
520 4040 805 4133 Michocziu,
832 4048 869 4115 ct
894 4043 993 4117 valor
1019 4043 1095 4115 eius
1122 4044 1328 4117 aestinratur
1354 4041 1398 4114 ad
1417 4062 1520 4115 unam
1548 4062 1764 4135 sexagenum

366 4162 552 4236 obstacula
577 4164 649 4237 tria
673 4164 710 4237 in
737 4164 890 4236 Visla:
908 4164 949 4237 In
977 4164 1068 4238 villis
1094 4164 1298 4238 lllaohou
1325 4169 1362 4238 et
1389 4162 1595 4257 Gayrnow
1622 4164 1668 4237 ad
1690 4166 1811 4241 milites

262 4289 298 4356 et
323 4286 359 4357 in
553 4286 798 4377 conuenientia,
834 4292 871 4359 et
897 4286 941 4359 ad
967 4288 1219 4378 proprietatem
1246 4288 1448 4360 monasterii
1476 4286 1813 4380 Goprzywniczensis

262 4406 474 4498 spectantia,
502 4408 647 4499 singulis
674 4408 773 4481 arrnis
800 4416 837 4481 et
863 4408 1009 4500 singulis
1036 4409 1258 4501 septimanis,
1286 4408 1321 4481 iu
1348 4408 1461 4481 tribus
1480 4408 1617 4501 diebus,
1645 4410 1815 4484 videlieet

260 4528 348 4599 feria
374 4533 509 4620 quarta,
538 4534 644 4621 sexta,
663 4535 700 4604 ct
720 4530 901 4623 sabbatho,
928 4552 1062 4604 omnem
1086 4537 1265 4623 capturam
1292 4530 1448 4623 piscium,
1476 4552 1563 4623 qnae
1581 4531 1643 4604 illo
1662 4531 1722 4605 die
1740 4552 1817 4623 pro·

260 4652 411 4741 venerit,
452 4673 515 4743 pro
543 4652 648 4723 certis
675 4652 847 4745 servitiis,
887 4654 1055 4727 erclesiae
1082 4659 1117 4726 et
1143 4653 1292 4745 plebano
1320 4658 1357 4726 et
1382 4653 1553 4727 ministris
1581 4654 1618 4725 in
1644 4653 1817 4727 Micho-

260 4773 360 4844 cziu
388 4773 538 4846 reddunt
563 4780 601 4847 et
627 4774 777 4847 solvunt.

365 4894 559 4969 Scoltetiae.
594 4896 740 4969 Soolteti
765 4900 801 4968 et
827 4896 1049 4989 emethones,
1081 4897 1116 4967 iu
1145 4896 1237 4968 villis
1264 4894 1528 4989 Nagnoyow
1563 4900 1601 4969 et
1637 4896 1818 4989 Syedli

261 5038 437 5109 sczany,
473 5017 519 5090 ad
545 5019 791 5091 monasterium
825 5015 1152 5109 Goprzywuiozense
1179 5017 1413 5109 pertinentes,
1449 5017 1595 5109 siugulis
1623 5020 1728 5093 anuis
1753 5040 1817 5111 pro

259 5138 349 5209 festo
368 5139 486 5212 Sancti
502 5138 648 5212 Martini
676 5140 823 5231 solvunt,
850 5139 1053 5233 solverequo
1081 5145 1245 5212 tenentur
1271 5160 1411 5211 censum
1437 5142 1653 5231 perpetuum,
1683 5140 1817 5235 slptem

260 5258 422 5329 videlicet
447 5258 599 5331 fertones
627 5261 817 5333 communis
844 5262 1028 5353 pecuniae,
1056 5262 1193 5334 ratione
1220 5260 1500 5333 commutationis
1527 5262 1756 5335 tabernarum
1783 5268 1817 5336 et-

261 5398 424 5467 agrorum
450 5380 486 5451 in
513 5380 933 5473 Wyeczcrzyszlra,
973 5382 1235 5475 Nagnoyow
1267 5387 1303 5454 et
1329 5381 1686 5476 Syedlisczauy,
1729 5405 1815 5478 quae

261 5498 347 5571 alias
374 5501 596 5589 pertinebant
623 5502 667 5573 ad
694 5503 749 5575 ius
775 5510 813 5577 et
838 5505 1088 5594 proprietatem
1115 5504 1279 5576 ecelesiae
1305 5505 1341 5575 in
1368 5504 1643 5576 Michocziu.

362 5620 477 5694 Villae
495 5624 726 5714 parochiales:
753 5624 1043 5717 Mychoozin,
1070 5608 1519 5720 0czicze,Kaymour,
1540 5626 1813 5723 Nagnoyorr,

257 5744 464 5836 llzykou,
491 5744 704 5836 Machow,
731 5748 902 5837 Borow,
935 5746 1231 5839 Radobausz,
1267 5748 1655 5841 Szyedlysczany,
1689 5750 1810 5843 Wye·

258 5868 556 5959 ozerzyszka,
584 5866 840 5961 Glrmyelou
866 5870 1015 5961 regia,
1056 5858 1416 5965 Mokraeschow,
1443 5870 1809 5965 Dambrowicza,

257 5988 606 6064 Schuclrorzow.
1194 5992 1199 6003 '

896 6112 1185 6185 Znnrascunur.

360 6230 454 6305 Villa
480 6233 611 6305 habeas
638 6234 673 6305 in
701 6256 738 6307 se
765 6235 944 6307 ecclesiam
972 6235 1205 6326 parochialem
1233 6236 1391 6327 ligneam,
1420 6234 1547 6309 Sancto
1567 6236 1713 6310 Nicolao
1732 6258 1809 6311 eon-

255 6350 379 6423 lessori
407 6353 574 6443 dicatam,
610 6354 707 6426 cuius
734 6356 858 6428 haeres
885 6356 1051 6430 Nicolaus
1079 6354 1503 6449 Ghrzasthowszky
1539 6356 1701 6431 vexiliier
1726 6358 1809 6433 (ara-

257 6473 425 6545 eovieusis
444 6476 488 6547 de
507 6475 609 6547 domo
632 6475 952 6570 Strzegomya,
978 6480 1115 6552 ratione
1134 6480 1264 6570 uxoris,
1284 6500 1386 6573 quam
1404 6500 1496 6553 nunc
1513 6480 1606 6572 regit
1624 6482 1808 6577 mederum

256 6588 425 6681 plebanus
451 6596 624 6673 Nicolaus.
650 6598 692 6672 In
719 6620 788 6693 qua
814 6606 897 6675 sunt
922 6601 1013 6675 lanei
1040 6600 1283 6694 emethonales,
1298 6602 1394 6675 item
1410 6600 1588 6693 hernae
1615 6608 1701 6695 tres,
1726 6604 1808 6691 item
