4200 8342
1745 1667 1819 1744 Ila

373 1861 613 1970 Isauricum,
650 1875 733 1952 uilla
759 1879 824 1954 sub
850 1877 1016 1972 parochia
1041 1879 1084 1952 de
1120 1879 1393 1972 Stobnicza,
1430 1877 1526 1954 cuius
1553 1878 1749 1972 proprietas
1777 1881 1821 1954 ad

275 2003 532 2078 serenissimum
560 2001 727 2074 Poloniae
753 2025 871 2094 regem
898 2004 1059 2094 pertinet.
1103 2004 1143 2075 Iu
1172 2025 1238 2094 qua
1266 2011 1345 2075 sunt
1372 2003 1463 2075 lanei
1491 2003 1742 2096 emethonales,
1778 2004 1821 2076 de

269 2125 395 2216 quibus
431 2123 579 2197 saletur
614 2129 651 2196 et
677 2125 882 2196 conducitur
917 2125 1050 2196 decima
1077 2126 1301 2216 manipularis
1329 2133 1364 2197 et
1391 2127 1575 2216 canapaIm,
1603 2147 1666 2217 pro
1693 2126 1821 2198 medie-

265 2251 339 2318 tate
365 2247 581 2337 episcopatui
608 2245 839 2336 cracoviensi,
866 2252 902 2316 et
927 2267 991 2336 pro
1018 2247 1130 2318 alteru
1158 2246 1343 2318 medietate
1371 2247 1506 2320 tollitur
1532 2268 1596 2337 pro
1623 2249 1819 2320 mansiona-

267 2367 329 2438 riis
357 2368 391 2438 iu
419 2367 685 2442 Stobuicza.

368 2488 694 2578 Zuzrnsrmurczn,
720 2487 805 2560 villa
830 2488 895 2559 sub
922 2489 1089 2578 parocbia
1116 2488 1158 2559 de
1186 2487 1440 2560 Stoancza
1468 2489 1544 2579 sita,
1573 2489 1669 2560 culus
1696 2490 1818 2560 baere-

268 2609 329 2680 des
355 2609 545 2701 Saulelr,
580 2610 708 2681 Petrus
735 2617 771 2680 et
797 2609 962 2681 Nicolaus
990 2608 1162 2682 dedomo
1190 2609 1411 2700 Poualpa.
1455 2610 1494 2680 Iu
1523 2631 1593 2702 qua
1621 2614 1702 2682 sunt
1727 2610 1820 2682 lanei

267 2731 509 2822 cmet-lroualos,
537 2731 723 2822 dequibus
751 2731 878 2820 partim
898 2730 1065 2802 decimam
1092 2731 1185 2802 tollit
1213 2732 1396 2822 epscopus
1415 2730 1663 2822 CracouIensiS,
1692 2731 1818 2824 partim

266 2852 434 2944 plebanus
461 2852 504 2924 de
531 2853 773 2944 Byechow,
809 2859 846 2924 et
871 2853 1001 2943 partim
1027 2852 1251 2925 mansionarii
1278 2852 1321 2924 de
1348 2851 1600 2924 Stobnieza
1637 2873 1713 2925 eam
1740 2875 1819 2944 per-

267 2975 409 3065 cipiunt.

370 3095 525 3187 Garzow,
560 3095 644 3169 villa
669 3096 734 3169 sub
761 3097 926 3187 parocbia
952 3094 995 3168 do
1022 3094 1278 3168 Stabnicza
1305 3095 1391 3186 sit-a,
1424 3097 1519 3168 curius
1545 3095 1713 3168 haeredes
1740 3093 1818 3168 Sta-

214 3215 220 3234 *
265 3217 407 3308 nislauS,
433 3218 599 3290 Nimiam
626 3223 663 3290 et
688 3217 865 3290 Jolranues
891 3217 1028 3308 fratrea,
1055 3217 1098 3290 de
1122 3219 1226 3290 armis
1254 3217 1399 3308 Ogoni
1428 3223 1463 3290 et
1490 3217 1533 3289 de
1560 3219 1661 3291 domo
1688 3217 1819 3290 Roza.

265 3340 305 3411 Iu
333 3361 402 3431 qua
428 3347 509 3412 suut
535 3340 626 3412 lanei
661 3339 912 3432 memorales,
953 3340 1148 3431 dequibus
1176 3341 1334 3412 omuibus
1371 3340 1518 3412 solvitur
1552 3347 1588 3411 et
1615 3339 1819 3412 conducitur
1893 3411 1896 3418 .

266 3461 398 3533 dealma
432 3461 658 3552 manipularis
693 3469 730 3533 et
756 3463 940 3553 canapalis,
967 3463 1132 3533 ecclesIae
1160 3461 1195 3533 in
1223 3461 1369 3550 Garga
1383 3485 1441 3552 u,
1466 3466 1546 3553 post
1582 3465 1695 3536 certos
1733 3482 1818 3534 vcro

268 3605 371 3672 agros
397 3585 592 3674 percipiunt
618 3605 693 3656 eam
722 3584 946 3656 rrrausionnrii
977 3585 1010 3654 iu
1038 3583 1298 3656 Stobuieua.

957 3825 1125 3900 Gnarum

367 3949 462 4022 Villa
487 3951 619 4022 babens
654 3949 888 4042 parochialem
924 3949 1106 4060 ecclesiam
1132 3949 1167 4020 in
1195 3951 1250 4060 se,
1292 3947 1418 4020 Sancto
1454 3949 1606 4022 dubanni
1634 3951 1815 4041 Baptistae

264 4073 423 4164 dicatam,
449 4079 486 4144 ct
512 4073 646 4163 quadro
672 4071 873 4144 fabricatam
897 4071 1063 4162 lapidata,
1091 4071 1188 4142 cuius
1205 4071 1383 4160 haeredes,
1404 4071 1564 4144 Preslaus
1592 4071 1814 4172 Woisclrylr

268 4172 394 4266 nobilis¹
420 4195 463 4266 de
490 4195 596 4266 armis
623 4214 744 4266 narem
763 4193 1000 4284 deferentium,
1028 4192 1114 4265 alias
1142 4191 1335 4282 Lodnpa.
1362 4193 1403 4263 lu
1422 4214 1490 4284 qua
1509 4199 1590 4266 snut
1617 4193 1708 4264 lanei
1727 4213 1816 4264 cme·

264 4315 432 4407 thonales,
459 4317 542 4387 item
568 4315 747 4405 calamae,
773 4314 857 4386 item
885 4314 1087 4386 hortulanis
1104 4335 1182 4405 una,
1210 4315 1291 4385 Item
1319 4313 1386 4385 duo
1406 4314 1550 4406 praedia
1571 4314 1746 4406 militarIa,
1773 4313 1816 4386 de

265 4439 389 4530 quibus
416 4437 573 4510 omnibus
600 4437 748 4510 solvitur
774 4443 810 4508 et
836 4437 1040 4509 conducitur
1076 4437 1209 4509 decima
1236 4435 1461 4526 manipularis
1488 4443 1523 4509 et
1549 4437 1724 4530 canapalis
1751 4456 1815 4528 pro

264 4559 410 4632 ecelesia
445 4561 481 4631 in
507 4558 718 4652 Guoyno,
757 4565 795 4630 et
820 4559 920 4632 valor
955 4559 1030 4631 eius
1058 4560 1263 4632 aestImatnr
1299 4559 1342 4630 ad
1379 4551 1504 4650 viginti
1540 4579 1686 4646 marcae,
1727 4558 1815 4630 Item

264 4681 408 4752 eeclesia
434 4701 503 4753 nou
530 4679 637 4752 babet
664 4681 798 4770 aliquos
825 4699 927 4770 agros
954 4679 1168 4770 praedialeS,
1204 4701 1268 4770 pro
1295 4701 1358 4752 sua
1384 4681 1539 4771 cultura,
1566 4681 1672 4754 lrabet
1698 4684 1815 4752 tamen

264 4807 365 4894 prata
390 4801 615 4892 sufficieutia,
653 4821 719 4892 pro
746 4819 810 4872 suo
836 4820 902 4873 usu
929 4806 966 4872 et
991 4793 1210 4873 necessitate.
1255 4801 1342 4873 Item
1369 4801 1476 4872 habet
1503 4821 1606 4872 unam
1634 4801 1812 4872 tabernam

264 4922 391 4995 ibidem
418 4922 453 4993 in
481 4919 689 5013 Gnoyno,
716 4920 902 4994 habentem
922 4941 1042 5013 agros,
1071 4927 1106 4994 et
1133 4920 1238 4994 soluit
1264 4920 1411 5011 plebano
1439 4942 1635 5013 procursu
1662 4943 1813 4993 annuo...

263 5043 352 5116 Item
376 5045 484 5118 babet
509 5063 614 5114 unam
640 5041 873 5115 bortrdaniam
899 5043 1083 5115 habentem
1112 5061 1224 5134 agree,
1253 5046 1289 5113 et
1315 5062 1379 5132 pro
1407 5063 1521 5114 annuo
1548 5061 1653 5114 ceusu
1672 5095 1813 5112 ......

263 5165 350 5238 Item
376 5167 484 5238 babet
509 5171 584 5238 tres
608 5163 761 5255 piscinas
778 5163 815 5235 in
833 5164 953 5236 eadem
981 5163 1073 5254 villa,
1100 5163 1228 5234 liberas
1256 5166 1292 5235 et
1319 5163 1490 5268 proprias,
1514 5163 1598 5236 item
1620 5171 1723 5257 prata
1739 5163 1814 5254 ple-

265 5286 355 5378 bani,
381 5309 488 5360 unum
506 5287 635 5359 dicitur
653 5285 938 5378 Passzyelra,
965 5285 1059 5357 aliud
1077 5283 1547 5378 bIogiluiczaMaius,
1567 5287 1709 5358 tertium
1728 5285 1813 5358 Mo-

263 5410 473 5500 gilnicza
497 5409 652 5482 Minus
679 5415 716 5482 ot
742 5413 902 5500 quartum
933 5413 1071 5500 pratum
1099 5409 1135 5480 in
1162 5409 1380 5482 haereditate
1408 5407 1502 5481 diota
1528 5407 1694 5501 Fallry,
1721 5407 1814 5499 quod

265 5537 410 5606 vocatur
433 5519 781 5604 Pesruantbu'a.
806 5531 895 5606 Item
913 5521 1072 5623 campum
1099 5552 1203 5604 unum
1231 5533 1266 5603 in
1293 5529 1584 5622 Jarzambkp,
1611 5537 1813 5619 cumparro

263 5672 385 5744 campo
410 5651 781 5726 dicto-Zaduszue.

366 5772 522 5864 Vnaum,
550 5774 634 5846 uilla
660 5775 724 5846 sub
752 5775 917 5865 parochia
943 5775 1109 5860 cccle'sIae
1137 5776 1180 5846 de
1207 5829 1348 5846 ......
1375 5775 1453 5862 sita,
1489 5771 1585 5844 curius
1612 5769 1810 5861 propnetas

262 5891 307 5964 ad
334 5891 592 5966 serenissimum
617 5893 783 5966 Polouiae
809 5887 926 5987 regem
960 5895 1123 5986 pertinet.
1167 5896 1207 5967 In
1236 5915 1304 5986 qua
1331 5901 1412 5966 sumt
1446 5892 1538 5963 lanei
1570 5891 1812 5982 emethonales,

261 6015 346 6086 item
372 6033 442 6084 una
467 6013 623 6104 taberna,
649 6014 818 6086 babentes
836 6035 950 6108 agros,
977 6015 1020 6088 de
1038 6017 1164 6114 quibus
1182 6015 1342 6088 omnibns
1370 6011 1517 6085 solvitur
1543 6017 1579 6083 et
1607 6009 1812 6084 conducitur

264 6135 397 6209 decima
421 6135 648 6227 manipularis
674 6140 710 6206 et
740 6135 917 6226 canapalis
952 6157 1017 6228 pro
1043 6138 1189 6210 ecelesia
1224 6137 1260 6206 iu
1296 6131 1505 6224 Gnoyno,
1542 6139 1578 6204 et
1604 6133 1703 6206 valor
1738 6133 1813 6206 eius

263 6259 308 6330 ad
334 6255 514 6330 duodecim
541 6277 686 6331 mareas.
712 6255 800 6328 Item
826 6277 895 6328 non
922 6261 978 6328 est
1002 6257 1053 6328 ibi
1079 6257 1269 6348 praedium.
1697 6280 1701 6286 ·

366 6377 726 6470 Kucznaarouroza,
748 6373 835 6461 uilla
852 6377 917 6448 sub
935 6376 1101 6468 parochIa
1128 6376 1170 6448 de
1200 6373 1389 6468 Gnoyno
1418 6377 1494 6467 sita,
1522 6377 1618 6448 curius
1645 6375 1812 6447 haeredes

262 6495 697 6593 Kuczlrraiouscay,
737 6499 942 6591 post'euius'
967 6495 1208 6572 tantummodo
1236 6517 1338 6588 agros
1366 6499 1557 6570 decimatur
1583 6499 1749 6572 ecelesiae
1777 6499 1812 6569 In

263 6615 467 6714 Gno'yno.
