4200 8342
941 1855 1179 1931 Zaunoczru.

668 2653 1048 2738 Archldlaconatus
1081 2655 1447 2739 Sandomlrlenais.

222 2837 225 2842 ¹
349 2833 354 2840 ²
389 2854 678 2931 Sandomiriensis
714 2859 1017 2933 archidiaconatus
1054 2861 1090 2930 in
1117 2862 1332 2952 temporibus
1367 2862 1566 2934 recentibus
1601 2867 1740 2935 creatus
1775 2867 1838 2954 est,

285 2981 428 3067 propter
452 2978 714 3069 amplitudinem
741 2981 909 3054 dioecesis
936 2979 1194 3073 cracoviensis,
1221 3003 1263 3054 ex
1292 2983 1518 3073 proventibus
1545 2983 1711 3055 ecclesiae
1736 3004 1839 3074 paro-

229 3075 234 3086 ’
286 3097 408 3169 chialis
434 3097 552 3171 Sancti
578 3099 689 3200 Pauli,
715 3109 957 3175 extramuros
975 3102 1285 3176 Sandomirienses.
1313 3105 1352 3175 ln
1372 3105 1469 3177 cuius
1496 3106 1642 3195 signum,
1668 3104 1840 3176 archidia-
1929 3193 1936 3200 ,

285 3240 393 3292 conus
418 3219 707 3296 Sandomirienais
732 3245 798 3314 pro
824 3231 992 3316 tempore,
1019 3227 1074 3296 est
1098 3225 1219 3297 unicus
1246 3207 1414 3316 patronus
1440 3231 1476 3298 et
1503 3226 1648 3298 collator
1673 3225 1839 3298 ecclesiae

285 3339 464 3430 praefatae
489 3340 608 3414 Sancti
626 3343 725 3434 Pauli
744 3351 846 3418 cutm
862 3365 982 3418 muros
1000 3344 1307 3418 Sandomirienses.
1342 3345 1458 3428 Habet
1483 3352 1599 3419 autem
1626 3346 1839 3418 archidiaco

286 3464 389 3532 natus
415 3460 705 3535 Saudomiriensis
735 3466 899 3538 ecclesias
932 3465 1150 3561 parochiales
1177 3465 1268 3539 inira
1294 3467 1443 3557 scriptas
1470 3487 1534 3557 pro
1560 3487 1616 3558 se,
1650 3473 1688 3539 et
1713 3468 1748 3538 in
1776 3487 1839 3540 sua

234 3583 239 3590 '
288 3583 497 3655 visitatione.

959 3692 1167 3766 Durrsow.

393 3806 487 3880 Villa
512 3810 658 3882 habens·
672 3814 706 3883 in
734 3833 771 3884 se
797 3814 1034 3903 parochialem
1060 3815 1242 3888 ecclesiam
1268 3812 1438 3904 ligneam,
1470 3835 1538 3886 non
1566 3813 1715 3905 longea
1741 3814 1841 3886 Visla

287 3928 390 4002 tiuvio
416 3930 540 4022 sium,
565 3938 602 4003 et
627 3932 857 4005 inhonorem
882 3939 987 4025 atquc
1012 3936 1050 4006 in
1076 3935 1214 4008 titolum
1242 3933 1389 4006 Sanctae
1416 3932 1625 4006 Gatherinae
1650 3935 1778 4025 vistim
1804 3943 1840 4008 et

288 4052 433 4142 martyri
458 4051 617 4123 dicatam.
644 4052 750 4126 Guneus
767 4054 944 4127 ‘haeredes
969 4060 1007 4127 et
1032 4053 1218 4127 collatores
1244 4054 1409 4130 Nicolaus
1445 4053 1771 4147 Sczepyecrlry
1797 4055 1840 4128 cle

289 4173 396 4244 armis
422 4171 699 4265 Lyclywa.et
723 4174 901 4248 Jobanues
927 4175 1271 4268 Dmitrowszky
1298 4175 1341 4247 de
1367 4176 1473 4246 armis
1501 4174 1705 4268 Pylawa,
1741 4176 1839 4250 cuius

288 4297 405 4366 rector
429 4299 485 4367 est
510 4293 698 4369 lohannes.
724 4296 781 4369 Ad
798 4319 902 4389 quam
920 4299 1024 4372 uillae
1041 4296 1133 4371 inira
1154 4298 1306 4389 scriptae
1333 4298 1408 4370 iure
1434 4296 1626 4389 parochiali
1653 4297 1840 4389 pertinent,

289 4421 326 4485 et
351 4435 439 4506 quae
465 4415 557 4488 inira
581 4419 731 4509 scriptos
756 4419 888 4492 babent
912 4426 1119 4512 proventus:
1147 4425 1184 4492 et
1209 4420 1322 4511 primo
1348 4420 1386 4491 in
1412 4418 1532 4491 eadem
1550 4418 1635 4492 villo
1651 4425 1733 4492 sunt
1750 4419 1842 4492 lanei

293 4536 547 4629 emetbonules,
574 4539 657 4612 item
683 4539 774 4612 duae
799 4541 918 4614 curiae
943 4542 1131 4633 militares,
1163 4540 1269 4614 etde
1294 4541 1452 4614 omuibus
1479 4540 1627 4615 solvitur
1653 4546 1690 4613 et
1715 4540 1843 4614 condu-

292 4649 384 4730 citur
409 4658 542 4730 dacima
575 4662 803 4752 manipularis
828 4668 866 4734 et
890 4662 1068 4756 canapalis
1104 4661 1269 4734 ecclesiae
1304 4661 1496 4753 parochiali
1512 4666 1560 4733 et
1584 4664 1659 4734 eius
1694 4660 1842 4753 plebano
1871 4721 1873 4726 .

291 4778 327 4848 in
352 4778 603 4873 Dmytrow,
637 4787 676 4854 ct
700 4783 801 4856 valor
834 4783 910 4857 eiua
931 4783 1149 4858 aestimatur
1183 4782 1227 4855 ad
1250 4788 1328 4855 tres
1363 4802 1517 4871 marcas3
1554 4782 1639 4854 item
1674 4779 1842 4871 plebm'ns

291 4900 427 4972 manc
453 4902 586 4993 praedii
621 4904 730 4977 habet
755 4905 805 4976 ibi
830 4925 935 5004 agros
956 4901 1128 4996 ‘proprios
1155 4910 1192 4976 et
1218 4909 1339 4994 prata3
1374 4904 1459 4976 item
1484 4902 1592 4974 babet
1618 4908 1699 4992 post
1724 4901 1841 4974 uillam

291 5024 523 5113 Dmytrou
548 5028 586 5096 et
612 5025 706 5096 circa
729 5024 874 5098 flurium
897 5023 1022 5116 Ossa,
1048 5029 1189 5113 pratum
1214 5029 1375 5095 vocatum
1402 5022 1592 5095 Barthna
1616 5021 1732 5113 laka3
1758 5022 1842 5096 item

170 5203 176 5210 .
292 5145 399 5218 babet
424 5145 461 5216 in
487 5142 646 5236 praefata
670 5144 756 5218 villa
779 5145 1014 5237 Dmytrou
1048 5144 1250 5234 tabernam,
1275 5147 1374 5235 'quae'
1399 5143 1561 5235 proprios
1596 5143 1704 5216 habet
1729 5159 1844 5236 affice,

282 5268 456 5358 hberam,
482 5285 572 5358 quae
596 5285 661 5356 pro
688 5285 794 5340 ceusu
819 5266 924 5340 solvit
949 5265 1062 5339 eidem
1089 5263 1238 5357 plebano
1257 5317 1287 5336 ..
1306 5319 1314 5336 .
1332 5319 1341 5337 .
1360 5287 1385 5338 .:
1421 5265 1504 5338 item
1531 5263 1632 5340 ambo
1660 5264 1844 5346 collatores

293 5393 376 5462 sunt
407 5407 511 5479 pares
543 5386 580 5462 in
613 5388 691 5466 iure
722 5393 948 5481 patronatus,
981 5394 1019 5461 et
1052 5387 1199 5462 ccclesia
1234 5385 1409 5479 praefata,
1444 5406 1488 5461 nc
1514 5385 1636 5474 Vislae
1671 5386 1844 5464 chariore
1878 5391 1883 5408 ¹

293 5511 500 5602 subruatur,
526 5509 659 5600 indiget
685 5509 870 5601 plurimum
896 5511 1185 5600 translocationc;
1221 5511 1305 5584 item
1330 5509 1437 5582 babet
1461 5508 1498 5580 in
1525 5507 1727 5602 Ploschy
1753 5509 1845 5582 circa

295 5628 532 5704 Baranow.
551 5651 656 5720 agros
690 5638 728 5704 ct
760 5637 866 5722 prata
898 5632 998 5706 iuxta
1031 5633 1187 5724 rippam,
1222 5632 1304 5705 item
1322 5630 1472 5722 ¹sylvam
1504 5630 1682 5720 propriam
1717 5628 1844 5701 dictam

180 5741 185 5746 ’
295 5747 604 5842 Moscziszka,
638 5753 721 5824 item
757 5753 845 5825 cluos
878 5752 1153 5845 lacus,·unum,
1187 5754 1246 5846 qui
1282 5757 1622 5842 vocaturmagnum
1652 5747 1845 5838 intumet

248 5912 256 5929 ·
291 5871 444 5943 alterum
469 5869 599 5943 dictum
624 5869 949 5966 Graboscbow,
984 5874 1044 5966 qui
1070 5875 1164 5948 bona
1187 5874 1422 5948 ecclesiastica
1446 5877 1483 5943 ct
1507 5890 1611 5960 agros
1638 5867 1773 5961 dividit,-
1793 5865 1844 5940 ab

294 5992 390 6082 agris
416 5997 453 6064 et
477 5990 578 6064 bouis
594 5991 825 6091 milituribua
850 6039 855 6048 ·
1746 6035 1748 6040 ·
1842 6081 1849 6090 .

398 6112 598 6205 Voarczs,
623 6113 708 6188 villa
732 6116 798 6188 sub
824 6115 991 6208 parochia
1016 6115 1182 6190 eeclesiae
1209 6114 1253 6188 ds
1278 6113 1502 6188 Baranow
1530 6111 1623 6204 sita,
1640 6111 1746 6186 caius.
1763 6110 1846 6212 hae·

295 6235 397 6310 redes
422 6234 588 6308 Nicolaus
622 6233 950 6328 Scaepyeczhy-
982 6244 1022 6309 ct
1044 6236 1224 6311 Johannes
1258 6234 1428 6327 Kulha,
1464 6238 1544 6326 poet
1570 6253 1716 6326 quorum
1741 6253 1846 6325 agros

295 6357 458 6449 antiquos
487 6355 684 6447 procdialcs
718 6357 813 6432 aedit
846 6356 981 6430 deciam
1021 6356 1188 6428 ecumbe
1223 6357 1260 6427 in
1286 6339 1516 6432 Dmitrow.
1556 6354 1645 6428 Item
1681 6361 1763 6427 sunt
1796 6353 1846 6428 ibi

296 6475 389 6552 lanei
411 6477 666 6569 cmcthonales,
701 6479 897 6571 dequibus
931 6478 1038 6552 etiam
1061 6476 1214 6552 solvitur
1249 6477 1395 6551 decima.
1417 6476 1643 6570 manipularis
1680 6475 1845 6550 ecclam

296 6593 335 6668 in
348 6597 594 6690 Dmitrom,
612 6604 654 6672 ct
676 6600 787 6674 calor
801 6601 887 6694 eius¹
903 6597 951 6672 ad
975 6617 1086 6672 uuam·
1106 6617 1266 6672 marcam.
1661 6641 1663 6646 ·
