4200 8342
1763 1633 1834 1705 143

288 1833 389 1925 cuius
423 1833 591 1909 haeredes
632 1832 824 1908 Stanislans
867 1841 903 1908 et
943 1834 1112 1927 Sbigncns
1152 1836 1285 1909 nobiles
1326 1836 1369 1909 de
1409 1836 1510 1910 domo
1550 1836 1723 1928 Narra,
1773 1862 1834 1911 seu

287 1955 702 2048 Pyelgrzymowye.
744 1958 784 2029 In
813 1979 881 2048 qua
907 1965 988 2030 sunt
1022 1959 1148 2049 viginti
1183 1979 1258 2029 cunr
1296 1958 1430 2030 duobus
1465 1959 1558 2030 lanei
1590 1961 1841 2050 cmethonales,'

286 2078 369 2148 item
397 2077 577 2149 duodecim
612 2078 849 2168 hortulanus,
885 2080 968 2150 item
1004 2100 1065 2150 sex
1092 2080 1257 2151 tabernae
1291 2081 1461 2150 habentes
1487 2100 1610 2171 agros,
1639 2080 1834 2172 dequibus

285 2218 354 2268 uua
381 2203 435 2269 est
461 2198 601 2289 plebani
627 2204 666 2270 et
691 2199 735 2270 ad
762 2199 836 2270 eius
868 2200 1119 2289 proprietatem
1147 2204 1297 2290 spectat,
1333 2200 1376 2271 de
1404 2220 1472 2290 qua
1497 2200 1604 2272 babet
1638 2221 1702 2290 pro
1729 2220 1834 2271 censu

285 2317 435 2389 mediam
461 2319 607 2401 alteram
633 2339 786 2391 marcam
813 2320 1046 2392 aunuatimet
1064 2327 1247 2410 utramque
1265 2317 1448 2414 powcbonc
1473 2340 1537 2410 pro
1556 2320 1734 2393 laboribus
1752 2324 1833 2392 suis.

285 2437 374 2509 Item
399 2439 450 2510 ibi
476 2444 532 2511 est
556 2439 736 2530 praedium
762 2462 868 2512 uuum
895 2440 1065 2530 militare,
1093 2441 1136 2514 de
1163 2462 1231 2531 quo
1259 2445 1294 2511 et
1320 2441 1479 2512 omnibus
1506 2434 1584 2512 aliis
1611 2442 1705 2532 agris
1731 2442 1836 2512 solvi-

284 2564 345 2630 tur
370 2565 409 2631 et
434 2559 640 2633 conducitur
665 2561 798 2633 decima
823 2563 1048 2653 manipularis
1076 2569 1111 2634 et
1137 2563 1311 2654 canapalis
1345 2583 1409 2653 pro
1437 2562 1585 2633 ecclesia
1608 2563 1644 2632 in
1672 2583 1835 2652 magna

285 2677 572 2773 Kazirnirza,
599 2688 636 2754 et
660 2682 759 2754 valor
784 2682 858 2755 eius
886 2685 1090 2755 aestimatur
1117 2683 1161 2753 ad
1188 2683 1420 2774 quadragInta
1445 2703 1589 2755 marcas.
1605 2683 1704 2754 >Item
1730 2683 1836 2755 habet

285 2800 336 2872 ibi
361 2801 529 2891 plebanus
555 2807 592 2874 et
617 2804 765 2876 ecclesia
799 2804 966 2895 speciales
1002 2825 1106 2894 agros
1133 2810 1169 2876 et
1194 2809 1296 2895 prata
1321 2805 1470 2894 optima,
1506 2824 1570 2894 pro
1607 2825 1669 2877 suc
1697 2826 1761 2876 usu
1800 2809 1836 2875 et
1924 2817 1932 2832 “

287 2922 504 2994 necessitate.
832 2946 837 2953 ’

391 3043 607 3135 Zamnuow,
642 3045 726 3116 villa
756 3046 821 3118 sub
847 3046 1013 3136 parocbia
1048 3045 1092 3117 de
1119 3065 1280 3136 magna
1314 3044 1583 3117 Kazimirza
1616 3046 1703 3135 sita,
1740 3046 1836 3117 cuius
1893 3069 1895 3072 ⁴

287 3163 455 3237 haeredes
481 3164 631 3255 praelati
656 3166 850 3238 Stanislaus
876 3171 913 3238 et
939 3166 1110 3257 Sbigneus
1137 3167 1179 3238 de
1207 3167 1312 3237 armis
1340 3166 1503 3239 Nabra.
1529 3166 1570 3236 In
1589 3188 1659 3258 qua
1677 3173 1758 3237 sunt
1773 3187 1837 3237 sex
1879 3254 1882 3258 .
1987 3234 1990 3240 .

286 3283 380 3355 lanei
406 3284 660 3377 cmethcuales,
697 3287 739 3360 de
767 3288 896 3379 quibus
918 3289 1077 3360 omnibus
1104 3287 1250 3359 solvitur
1276 3292 1313 3359 et
1339 3287 1543 3358 conducitur
1570 3287 1703 3359 decima
1729 3288 1838 3357 mani-

288 3404 421 3495 pularis
455 3413 493 3477 et
523 3408 698 3498 canapalis
733 3429 797 3500 pro
825 3409 971 3481 ccclesia
1005 3410 1042 3479 in
1077 3408 1345 3480 Kazimirza
1380 3429 1548 3498 magna.
1593 3408 1680 3478 Item
1706 3413 1761 3478 est
1787 3409 1836 3478 ibi

288 3518 468 3616 praedium
493 3529 649 3601 militare
679 3551 803 3620 unum,
839 3530 881 3602 de
909 3551 977 3622 quo
1004 3531 1165 3602 similiter
1201 3518 1393 3601 decimatur
1427 3529 1592 3601 ecclesiae
1628 3533 1665 3600 et
1688 3529 1837 3619 plebano

289 3667 348 3720 suo
377 3649 414 3719 in
441 3649 709 3722 Kazimirza
735 3672 913 3742 magna,
946 3652 1044 3724 cuius
1070 3651 1170 3724 valor
1195 3651 1401 3722 aestimatur
1428 3649 1472 3722 ad
1500 3671 1559 3721 sex
1588 3670 1730 3721 marcas.

391 3768 680 3862 ceurennum
707 3772 771 3844 sub
789 3772 955 3863 parocbia
985 3772 1028 3844 de
1055 3793 1216 3862 magna
1241 3771 1507 3844 Karimirza
1534 3772 1611 3862 sita,
1638 3771 1736 3843 cuius
1753 3773 1836 3842 hae-

290 3908 342 3961 res
369 3889 565 3964 Stanislaus
590 3893 808 3984 Lyganza
834 3893 878 3964 de
905 3895 1005 3966 domo
1032 3892 1279 3965 Polokoza.
1306 3892 1347 3963 In
1374 3913 1443 3984 qua
1469 3898 1550 3964 sunt
1569 3899 1719 3984 quatuor
1745 3893 1837 3963 lanei

291 4013 523 4085 emethouales
550 4019 586 4086 et
611 4036 680 4086 una
706 4015 852 4087 taberna
878 4016 1009 4087 babens
1037 4035 1150 4105 agros
1177 4014 1367 4104 dequibus
1395 4014 1553 4086 omnibus
1580 4010 1712 4085 decima
1729 4015 1838 4084 ruani-

291 4133 419 4219 pularis
447 4141 483 4207 et
509 4137 684 4226 canapalis
711 4137 858 4208 solvitur
884 4157 949 4227 pro
976 4136 1121 4208 ecclesia
1151 4140 1186 4206 et
1211 4134 1359 4226 plebano
1395 4135 1430 4205 in
1457 4154 1523 4206 ma
1530 4155 1617 4226 gna
1642 4132 1838 4205 Kazimi-
1936 4172 1941 4179 ·

291 4271 382 4345 raa,
411 4256 509 4326 cuius
530 4256 634 4328 ¹valor
654 4258 864 4329 aestimatur
890 4258 935 4328 ad
954 4312 960 4327 .
980 4311 988 4327 .
1007 4311 1041 4326 ..
1068 4242 1156 4327 Item
1183 4261 1237 4326 est
1263 4255 1313 4325 ibi
1338 4255 1518 4345 praedium
1543 4276 1651 4337 ‚unum
1678 4255 1837 4344 militare,

290 4372 327 4445 de
355 4377 455 4449 cuius
482 4378 576 4467 agris
604 4377 797 4450 decimatur
824 4378 990 4450 ecclesiae
1017 4382 1054 4449 et
1079 4376 1228 4467 plebano
1255 4377 1290 4447 in
1319 4373 1555 4448 Gorzkow.

390 4496 683 4600 wermonon,
720 4499 803 4570 uilla
830 4500 895 4571 sub
921 4499 1087 4589 parochia
1114 4497 1278 4569 eeclesiae
1306 4495 1348 4567 de
1381 4517 1541 4587 magna
1575 4496 1839 4567 Kazimirza

279 4617 371 4707 sita,
408 4618 507 4690 cuius
531 4619 701 4692 haeredes
736 4620 931 4692 stanislaus
967 4620 1009 4691 de
1042 4621 1147 4690 armis
1184 4616 1411 4709 Ostboya,
1446 4617 1625 4689 Jobannes
1662 4616 1704 4688 de
1732 4618 1838 4687 armis

277 4729 459 4830 Ulyma
502 4739 543 4810 Iu
570 4761 640 4831 qua
664 4747 746 4813 sunt
773 4747 850 4814 octo
877 4741 968 4812 lanei
996 4740 1248 4829 cmetlrcnales‚
1285 4739 1327 4811 de
1355 4739 1479 4828 quibus
1507 4739 1664 4809 omnibus
1692 4739 1839 4809 solvitur
1954 4824 1958 4833 .

267 4854 420 4932 decim
434 4859 662 4950 manipularis
681 4863 895 4952 episcopatui
914 4861 1145 4950 Cracoviensi,
1172 4862 1269 4932 cuius
1296 4861 1394 4932 valor
1420 4860 1624 4930 aestimatur
1641 4860 1685 4930 ad
1705 4865 1837 4947 septem

264 4993 433 5053 marcas.
458 4981 548 5052 Item
575 4988 656 5054 sunt
682 4983 731 5054 ibi
758 4983 826 5054 duo
853 4983 998 5073 praedia
1023 4983 1201 5072 militaria,
1237 4988 1273 5052 et
1298 5001 1368 5062 una
1393 4980 1540 5052 taberna
1564 4979 1697 5051 babens
1724 5000 1837 5069 agros,

262 5097 322 5174 de
354 5101 482 5191 quibus
509 5103 666 5174 omnibus
684 5101 875 5175 decimatur
893 5104 1057 5174 ecclesiae
1076 5108 1112 5174 et
1129 5102 1277 5193 plebano
1303 5102 1340 5171 in
1370 5121 1531 5191 magna
1556 5099 1838 5190 Kazr'mirza‚

261 5225 384 5294 euius
413 5223 512 5294 valor
539 5224 744 5295 aestimatur
772 5225 816 5295 ad
843 5245 906 5296 sex
932 5244 1078 5295 marcas.
1542 5317 1546 5324 .
1831 5230 1835 5237 “

354 5390 360 5397 -
395 5343 652 5435 Srunncrczu,
678 5345 761 5416 villa
788 5346 853 5417 sub
875 5346 1041 5435 parocbia
1072 5344 1115 5416 de
1141 5365 1301 5434 magna
1327 5343 1613 5434 Kazimirna,
1641 5344 1738 5414 culus
1757 5343 1839 5416 bac·

258 5465 387 5538 redes
415 5464 504 5536 Jura
537 5464 709 5558 Laplra‚
745 5466 910 5557 Kyelcius
946 5466 1354 5557 Budzyscbowsky
1391 5465 1563 5537 dedomo
1599 5462 1837 5536 chdanlr·¹

256 5580 318 5659 In
350 5606 425 5677 qua
459 5593 540 5658 sunt
563 5590 655 5681 cute„
679 5585 773 5659 lanei
809 5588 1060 5678 cmethonales,
1096 5609 1166 5658 una
1199 5587 1346 5658 taberna
1371 5586 1505 5657 babens
1544 5607 1647 5677 agros
1683 5592 1719 5657 et
1747 5586 1837 5659 dnae
1940 5569 1942 5573 Α

257 5701 507 5781 hortulaniae
533 5686 798 5781 ncu'babentes
825 5729 947 5799 agros,
983 5709 1026 5780 de
1055 5710 1179 5798 quibus
1206 5709 1364 5780 omnibus
1391 5709 1486 5798 agris
1521 5709 1663 5779 decima
1680 5709 1837 5796 manipu-

259 5823 368 5902 laris
396 5829 554 5900 sclvitur.
576 5849 640 5920 pro
668 5829 771 5901 altari
806 5829 923 5901 Sancti
951 5830 1132 5901 Adalberti
1168 5830 1204 5899 in
1232 5829 1376 5900 ecclesia
1409 5827 1648 5916 Cracouiensi,
1676 5831 1712 5898 et
1739 5827 1837 5899 valor
1933 5806 1935 5811 ⁸

265 5954 360 6024 eius
387 5951 594 6022 aestimatur
621 5951 665 6022 ad
692 5951 810 6022 decem
837 5972 979 6022 mareas.
1023 5942 1111 6022 Item
1140 5957 1221 6022 sunt
1248 5952 1295 6020 ibi
1328 5950 1395 6020 duo
1422 5948 1567 6038 praedIa
1592 5948 1767 6038 militaria,
1795 5947 1838 6019 de

268 6074 415 6165 quibus
445 6071 636 6144 decimatur
663 6072 827 6144 ecclesiae
862 6073 897 6143 in
924 6094 1087 6163 magna
1122 6071 1403 6158 Karimirna‚
1440 6074 1476 6139 et
1502 6069 1601 6141 valor
1630 6069 1704 6141 eins
1732 6068 1838 6141 aesti-

273 6201 404 6265 matur
422 6247 588 6265 .......
639 6204 642 6211 '

389 6315 606 6407 Pooouaur,
633 6315 718 6388 villa
743 6316 808 6388 sub
825 6313 990 6406 parochia
1016 6333 1209 6405 magnae
1239 6310 1507 6385 Kazimirza
1533 6311 1610 6406 sita,
1639 6312 1736 6385 cuins
1754 6311 1837 6386 bae-

279 6453 341 6507 res
369 6435 530 6508 Andreas
557 6436 990 6529 Pycndzyczcuslry
1022 6437 1065 6507 de
1092 6438 1197 6506 annis
1222 6435 1437 6507 Dambn'c.
1481 6435 1521 6506 In
1549 6455 1619 6527 qua
1641 6440 1723 6507 sunt
1751 6436 1836 6507 duo-

282 6557 393 6629 decim
411 6558 502 6630 lanei
521 6559 762 6649 cmethcnales‚
790 6560 873 6630 item
891 6558 980 6630 duae
998 6558 1174 6651 tabernae,
1200 6578 1268 6629 una
1286 6557 1323 6645 iu
1341 6557 1433 6650 villa,
1460 6556 1572 6628 altera
1588 6562 1668 6650 post
1684 6555 1831 6641 fluvium
