4200 8342
1739 1627 1787 1700 ot

239 1821 415 1899 Clemente
442 1823 722 1919 Radomsky,
758 1826 921 1899 Floriano
948 1826 1100 1900 Henrieo
1122 1881 1341 1900 .........
1386 1828 1499 1901 Adam
1533 1828 1576 1902 de
1604 1828 1788 1923 Mnichou,

239 1947 400 2020 ecelesiae
427 1953 568 2019 nostrae
594 1948 823 2020 cracoviensis
850 1949 1024 2020 canonicis
1050 1951 1207 2022 testibus.

888 2068 1156 2140 Znnnowrnca

339 2187 443 2278 Villa,
469 2189 601 2259 habens
629 2188 808 2260 ecclesiam
835 2188 1070 2278 parochialem
1098 2189 1379 2260 inseminatam
1407 2196 1504 2261 cocto
1531 2191 1641 2262 latere
1661 2189 1786 2265 Sancto

239 2362 428 2379 ........
454 2292 638 2381 Translata
663 2309 915 2381 Boleslaus
942 2310 1086 2399 pudicus
1112 2310 1212 2399 regni
1239 2309 1403 2381 Poloniae
1430 2310 1500 2381 dux
1526 2318 1563 2382 et
1589 2314 1785 2402 monarcha,
1823 2290 1825 2295 ⁵

239 2429 510 2501 Zauichostensi
534 2431 745 2503 monasterio
773 2430 809 2500 in
837 2428 894 2500 Slr
907 2430 1021 2500 alam
1049 2436 1085 2500 et
1111 2429 1236 2501 exinde
1263 2429 1307 2500 ad
1335 2428 1453 2502 Sancti
1481 2431 1641 2506 Andreae
1668 2433 1786 2504 basili-

239 2546 315 2621 cam'
339 2550 375 2620 in
402 2550 675 2622 Oracoviam
711 2550 826 2621 dotem
853 2551 1005 2641 priorem
1031 2571 1143 2622 novae
1180 2551 1420 2641 supplemento
1448 2558 1632 2641 aucturus,
1667 2554 1784 2625 villam

239 2670 391 2743 dnemem
418 2671 747 2761 Zarnouyecz,
782 2692 826 2742 ex
853 2693 930 2761 qna.
948 2672 1112 2762 oppidum
1139 2671 1176 2741 in
1203 2692 1366 2761 processu
1402 2672 1537 2742 dierum
1570 2679 1667 2745 extat
1692 2674 1784 2745 loca-

239 2797 321 2879 tum,
347 2811 425 2861 cum
451 2791 607 2862 tabernis
634 2791 762 2862 ibidem
792 2792 1080 2882 consistentibus,
1119 2791 1202 2862 item
1230 2813 1306 2862 cum
1341 2791 1515 2868 theloneo¹
1539 2793 1607 2864 loci
1633 2793 1787 2865 eiusdem

239 2906 284 2982 et'
297 2911 443 2981 aliarum
469 2911 631 2983 villarum
657 2912 905 3001 pertinentium
932 2912 976 2983 ad
1004 2912 1157 3001 eandem,
1185 2912 1221 2981 in
1239 2912 1353 2983 tribus
1372 2913 1491 2982 stratis
1511 2932 1571 2984 seu
1590 2914 1655 2984 viis
1673 2915 1785 3003 publi-

239 3031 286 3103 cis
311 3029 563 3121 recipiendum,¹
583 3031 743 3105 videlicet
770 3033 805 3102 in
834 3032 898 3122 via,
927 3052 1015 3122 quae
1038 3033 1137 3103 vadit
1163 3052 1227 3122 per
1253 3031 1405 3105 Lelow
1431 3038 1467 3103 et
1493 3032 1585 3103 inter
1610 3031 1655 3101 W
1664 3044 1786 3123 ysze·

239 3172 378 3243 nyesz
388 3173 498 3243 ycze
522 3159 561 3223 et
578 3152 851 3242 Kroczicze,
878 3155 959 3233 item
978 3153 1013 3223 in
1031 3153 1089 3222 via
1108 3173 1195 3243 qnae
1215 3153 1311 3224 vadit
1328 3174 1391 3243 per
1412 3152 1604 3243 praefatum
1623 3154 1786 3244 oppidum

239 3272 564 3376 zarnowyecz,
602 3274 685 3344 item
712 3274 748 3344 in
776 3274 830 3345 via
859 3294 922 3364 per
947 3272 1226 3364 Pstrolycze
1264 3279 1301 3344 et
1326 3272 1494 3346 Stroza
1529 3272 1675 3345 duarum
1703 3295 1783 3364 pro-

239 3393 437 3492 uinciarum,
463 3414 551 3483 qnae
578 3400 661 3466 tunc
687 3392 862 3484 Opolye
889 3394 1082 3484 vulgariter
1110 3395 1369 3484 appellabatur,
1396 3395 1479 3465 item
1506 3401 1544 3465 et
1570 3395 1656 3465 alias
1683 3395 1784 3466 villas

239 3514 335 3585 iuxta
361 3513 544 3585 Skalam
572 3514 810 3603 consistentes,
838 3504 1023 3586 donatione
1042 3520 1212 3605 perpetua
1238 3514 1353 3603 donat,
1371 3515 1527 3604 assignat
1554 3521 1591 3587 et
1617 3515 1784 3586 inscribit.
1814 3600 1822 3608 Ι

239 3634 332 3729 Item
349 3635 385 3705 in
413 3635 560 3724 amplius
596 3634 872 3724 supplementum
908 3635 1086 3706 ecclesiam
1123 3635 1355 3724 parochialem
1392 3636 1426 3704 in
1458 3634 1783 3725 Zarnouyecz,

239 3761 426 3845 prouentus
454 3760 490 3826 et
517 3755 666 3825 decimas
693 3753 891 3845 frequentes
918 3755 1102 3826 habentem
1129 3760 1165 3826 et
1191 3755 1236 3825 ad
1262 3755 1525 3843 iuspatronatus
1553 3757 1784 3845 pertinentem

239 3874 456 3964 darciacum
477 3876 683 3947 sanctuariis
702 3882 738 3947 et
756 3896 832 3946 cnrn
852 3876 1051 3946 camerariis
1070 3875 1141 3946 suis
1159 3874 1354 3946 nominibus
1373 3896 1491 3947 eorum
1506 3896 1569 3964 per
1583 3896 1783 3965 expressum

239 3995 446 4086 designatis,
480 4018 557 4067 cunr
584 3997 742 4068 omnibus
770 3995 912 4067 decimis
939 4002 976 4067 et
1000 3995 1222 4085 pertinentiis
1250 3996 1339 4084 snis,
1367 4000 1403 4066 et
1429 3997 1552 4066 annuis
1579 3996 1782 4086 redditibus,

239 4116 347 4189 eidem
374 4118 586 4189 monasterio
613 4116 732 4188 Sancti
759 4115 922 4187 Andreae
948 4116 1106 4205 largitur,
1133 4116 1209 4187 unit
1230 4121 1266 4187 et
1284 4117 1494 4205 incorporat3
1521 4116 1651 4186 relictis
1679 4118 1784 4187 certis

239 4237 431 4310 redditibus
458 4244 494 4308 et
520 4238 721 4309 introitibus
748 4259 811 4328 pro
840 4237 985 4308 ecclesia
1012 4236 1202 4326 parochiali
1230 4237 1264 4306 in
1291 4236 1614 4328 Zarnowyecz,
1642 4259 1684 4308 er
1708 4239 1783 4327 qni·

239 4358 299 4429 bns
325 4358 421 4431 illius
447 4359 614 4447 plebanus
633 4366 669 4430 et
686 4365 803 4430 rector
828 4380 904 4429 curn
932 4358 1003 4429 snis
1031 4357 1201 4453 ministris
1228 4362 1368 4445 possent
1387 4357 1563 4428 commode
1581 4358 1781 4447 subsistere,

239 4486 271 4551 et
297 4498 405 4565 onera
431 4481 615 4571 parochiae
632 4480 802 4570 implere,
839 4500 924 4570 quas
952 4479 1090 4569 quidem
1118 4479 1268 4551 decimas
1294 4479 1532 4568 manipulares
1560 4479 1627 4551 iam
1655 4477 1784 4550 descri-

239 4602 317 4674 here
345 4621 535 4692 pergemus,
645 4678 648 4683 ,

337 4719 406 4793 Est
440 4728 555 4792 antem
591 4722 755 4812 oppidum
790 4720 984 4813 praelatum
1019 4721 1118 4792 insta
1153 4721 1292 4792 fluvium
1320 4720 1491 4812 Pylcza
1526 4721 1649 4811 situm,
1686 4721 1783 4793 cuins

239 4834 431 4934 proprietas
466 4843 511 4913 ad
543 4844 800 4915 serenissimum
837 4842 1000 4915 Poloniae
1036 4863 1154 4931 regern
1190 4842 1352 4931 pertinet.
1396 4842 1436 4911 In
1473 4863 1541 4931 quo
1577 4848 1658 4913 sunt
1691 4841 1783 4912 lanei

239 4964 503 5054 oppidanorum,
530 4963 572 5034 de
600 4964 725 5054 qnibus
752 4964 899 5055 solvitur
925 4969 961 5034 et
988 4963 1194 5035 conducitur
1220 4961 1354 5037 decima
1379 4962 1605 5052 manipularis
1631 4967 1783 5032 tanturn·

239 5083 346 5181 medo,
373 5091 408 5154 et
435 5105 504 5154 non
531 5082 706 5172 canapalis
741 5104 805 5171 pro
833 5084 1043 5154 monasterio
1072 5081 1384 5154 sanctimonialium
1411 5080 1529 5151 Sancti
1557 5081 1719 5153 Andreae
1746 5082 1782 5152 in
1872 5085 1878 5095 '

239 5204 497 5292 Uracovia,
515 5211 550 5275 et
577 5205 675 5274 valor
701 5204 775 5274 eins
802 5204 1006 5275 aestimatur
1042 5203 1087 5273 ad
1115 5210 1265 5293 qnatnor
1301 5222 1454 5291 marcas,
1490 5202 1534 5273 de
1560 5202 1670 5273 laneis
1698 5224 1781 5274 vero

239 5325 401 5414 residniS,
439 5324 586 5395 soluitur
613 5324 745 5395 decima
778 5323 957 5395 fertonalis
993 5324 1182 5394 connnunis
1209 5324 1374 5414 pecuniae
1410 5343 1473 5413 pro
1500 5325 1711 5395 monasterio
1745 5324 1781 5394 in

239 5444 595 5536 Ymramouycze
624 5445 754 5516 ordinis
781 5446 1186 5535 praemonstratensium,
1213 5445 1271 5534 qni
1304 5443 1394 5514 lanei
1422 5451 1589 5514 vocantur
1615 5442 1782 5516 Stndze-

239 5588 402 5657 uyczne.
430 5567 517 5637 Item
546 5566 729 5637 advocatia
755 5571 810 5637 est
828 5567 863 5635 in
882 5565 1002 5636 eodem
1022 5566 1160 5656 oppido,
1187 5566 1230 5636 de
1249 5565 1346 5636 cuius
1364 5565 1458 5656 agris
1477 5565 1624 5637 solvitur
1650 5564 1784 5635 deoinra

239 5688 399 5760 ecclesiae
427 5687 462 5758 in
489 5687 811 5777 Zarnoivyecz,
839 5692 875 5757 et
901 5692 982 5758 sunt
1008 5692 1082 5757 tres
1109 5687 1199 5757 lanei
1228 5686 1335 5776 ipsius
1362 5686 1572 5781 advocatiae.
1613 5686 1699 5756 Item
1727 5691 1781 5756 est

239 5808 280 5880 ibi
306 5809 486 5898 praedium
515 5809 666 5898 regium,
694 5808 736 5879 de
763 5807 860 5878 cuius
887 5807 980 5897 agris
1007 5807 1113 5877 etiarn
1149 5807 1282 5879 decima
1309 5808 1456 5878 solvitur
1481 5828 1545 5895 pro
1572 5807 1718 5877 ecclesia
1744 5807 1780 5877 in

239 5928 549 6020 zarnowyecz.
575 5930 662 6001 Item
681 5929 913 6000 molendinum
932 5934 986 6000 est
1003 5929 1052 6000 ibi
1071 5929 1239 6017 advocati,
1258 5929 1293 5998 in
1313 5928 1451 5998 flumine
1480 5927 1542 5998 Un
1552 5926 1781 6018 yeyouka,

239 6051 367 6141 regium
394 6057 511 6121 autern
546 6072 615 6121 non
642 6056 705 6122 est.
731 6050 818 6122 Item
846 6071 916 6121 non
943 6056 1026 6122 sunt
1052 6051 1100 6120 ibi
1128 6049 1344 6121 hortulaniao
1379 6047 1506 6138 regiae,
1533 6054 1673 6137 praeter
1699 6049 1780 6149 hor-

239 6171 389 6244 tnlanias
415 6171 564 6261 plebani,
593 6172 651 6260 qni
677 6178 821 6242 vocatur
847 6169 1066 6242 Morauka.
1482 6260 1484 6264 ι

336 6292 446 6363 Lanei
482 6292 579 6362 iuxta
613 6291 923 6383 Zarnowyecz
958 6291 1032 6380 siti,
1059 6296 1095 6360 et
1122 6291 1185 6360 sub
1213 6289 1377 6378 parochia
1403 6289 1446 6361 de
1472 6287 1779 6384 Zarnowyecz

239 6413 423 6502 constituti,
450 6434 595 6504 qnorum
623 6411 816 6501 proprietas
843 6412 888 6483 ad
915 6411 1170 6482 serenissimum
1198 6409 1363 6481 Poloniae
1390 6433 1507 6502 regem
1534 6412 1703 6503 pertinet,
1741 6421 1780 6501 et

239 6541 315 6611 snut
341 6535 485 6606 lanei..
504 6587 512 6604 .
531 6587 538 6605 .
566 6534 601 6604 in
630 6539 834 6624 numerosi
852 6530 1019 6603 medietas
1046 6530 1242 6605 huiusmodi
1270 6531 1447 6606 laneorum
1474 6531 1585 6647 maior
1602 6538 1639 6605 et
1656 6532 1830 6671 meliQ·
