4200 8342
1741 1628 1814 1699 233

265 1828 462 1900 summatim
488 1826 696 1901 scholastico
733 1828 952 1902 cracoviensi
989 1852 1094 1902 unum
1130 1828 1299 1904 lertonem
1326 1829 1476 1903 latorum
1502 1853 1703 1921 grossorum
1730 1834 1816 1906 Pra-

264 1951 430 2040 gensium.
477 2033 480 2038 ¹

938 2071 1151 2145 Tuuuczsn.

368 2190 463 2263 Villa
497 2192 629 2264 habens
665 2193 701 2264 in
735 2214 773 2264 se
805 2193 1038 2283 parochialem
1072 2194 1251 2266 ecelesiam
1287 2194 1454 2284 ligneam,
1490 2193 1618 2267 Sancto
1653 2196 1814 2269 Andreae

265 2310 436 2402 Apostolo
471 2312 639 2404 dicatam,
675 2313 772 2385 euius
797 2314 931 2386 'haeres
966 2313 1145 2386 Johannes
1181 2313 1601 2405 Strzesehkowsky
1635 2316 1678 2386 de
1714 2317 1814 2388 demo

265 2430 570 2524 Accipitrum.
595 2433 637 2505 In
665 2454 732 2524 qna
758 2441 840 2506 sunt
864 2434 956 2505 lanei
982 2435 1234 2523 emethonales
1261 2434 1304 2505 de
1332 2435 1456 2525 quibus
1483 2436 1642 2507 omnibus
1670 2436 1816 2508 solvit-ur

267 2551 399 2625 decima
433 2553 678 2646 maniprdariS,
705 2555 930 2627 scholastriae
965 2553 1205 2643 Cracoviensic
1237 2555 1333 2626 cuius
1360 2557 1536 2645 perceptio
1563 2577 1585 2626 a
1612 2554 1816 2628 scholastria

266 2673 300 2744 in
327 2657 512 2764 manipulis
538 2682 593 2746 est
618 2675 805 2766 abstracta,
831 2681 868 2747 et
894 2676 1028 2746 incolae
1054 2675 1150 2747 illam
1168 2675 1233 2747 soli
1252 2675 1399 2766 quilibet
1425 2676 1468 2746 de
1487 2697 1550 2747 suo
1577 2697 1662 2768 agro
1689 2679 1814 2767 accipi-

234 2845 239 2852 ·
266 2797 336 2883 unt,
362 2799 400 2866 et
426 2795 565 2867 solvunt
589 2816 653 2886 pro
680 2816 723 2866 ea
748 2797 998 2868 summatim..
1025 2850 1033 2866 .
1061 2796 1212 2890 latorum
1236 2817 1438 2886 grossorum
1456 2795 1703 2886 Pragensium:
1732 2800 1814 2871 item
1881 2885 1884 2892 Ι

266 2913 458 3004 tabern...‚
485 2914 568 2987 item
594 2916 839 3006 hortulani...,
865 2916 950 2988 item
976 2916 1156 3007 praedium
1182 2937 1251 2988 non
1278 2922 1349 2987 est:
1377 2917 1460 2987 item
1487 2917 1595 2989 habet
1621 2919 1670 2989 ibi
1701 2920 1809 2991 eccle-

267 3035 319 3138 sia
345 3041 381 3106 et
407 3036 574 3125 plebanus
608 3037 769 3127 proprios
804 3057 908 3127 agros
935 3043 972 3109 et
996 3042 1113 3128 prata,
1140 3057 1204 3127 pro
1231 3058 1294 3108 suo
1321 3059 1387 3109 usu
1413 3044 1450 3109 et
1476 3040 1703 3128 necessitate3
1730 3041 1813 3110 item

266 3154 372 3227 habet
396 3155 584 3244 piscinulas
610 3157 771 3248 quinque,
796 3157 880 3227 item
906 3157 1013 3229 habet
1038 3157 1167 3231 ibidem
1192 3155 1354 3247 melane,
1381 3156 1424 3229 de
1451 3157 1608 3248 quolibet
1633 3160 1733 3231 laneo
1753 3182 1815 3250 per

266 3294 369 3346 unam
395 3296 591 3348 mensuram
618 3278 767 3367 siliginis
793 3284 830 3350 et
854 3298 917 3368 per
943 3299 1047 3350 unam
1073 3297 1213 3350 avenae.
1658 3358 1664 3365 ,

370 3393 678 3488 Gaasrseurezn,
705 3398 789 3469 villa
814 3398 878 3470 sub
905 3398 1071 3489 parochia
1097 3396 1262 3470 ecclesiae
1289 3398 1332 3469 de
1359 3396 1592 3492 Tluczany
1619 3402 1695 3490 sita,
1719 3402 1815 3473 euius

267 3513 335 3586 duo
363 3515 530 3588 haeredes
558 3515 745 3588 Strzesz
772 3517 875 3590 iudex
902 3518 1065 3591 dedomo
1092 3517 1282 3608 Kyezka,
1309 3515 1539 3590 etJohaunes
1565 3519 1751 3612 Rudsky
1774 3522 1816 3592 de

266 3633 367 3707 domo
393 3635 585 3727 Pylawa.
611 3638 652 3708 In
680 3659 748 3729 qua
774 3645 855 3711 sunt
880 3640 971 3712 lanei
998 3637 1243 3727 emethonales‚
1269 3638 1313 3709 de
1339 3639 1464 3729 quibus
1491 3642 1650 3712 omnibus
1668 3641 1815 3713 solvitur

267 3753 400 3828 decima
435 3758 660 3847 manipularis
696 3759 921 3830 scholastriae
956 3758 1198 3848 Craeoviensi3
1233 3759 1330 3829 cuius
1365 3759 1541 3850 perceptio
1568 3760 1603 3830 in
1631 3762 1815 3851 manipulis

266 3875 442 3949 abstracta
468 3884 531 3969 est,
557 3883 593 3950 et
619 3879 751 3949 incolae
778 3879 844 3950 soli
870 3880 980 3970 ipsam
1008 3880 1155 3971 quilibet
1180 3880 1223 3950 de
1250 3900 1335 3969 agro
1363 3900 1425 3950 suo
1452 3880 1657 3971 percipiunt,
1685 3888 1721 3952 et
1748 3883 1815 3953 sol-

267 4002 353 4067 vant
385 4018 449 4087 pro
477 4019 519 4069 ea
545 4000 741 4071 summatim
777 3997 984 4071 scholastico
1011 3998 1233 4072 Graeoviensi
1270 3999 1531 4089 quatuordeeim
1559 4002 1700 4072 scothos
1727 4005 1815 4073 lato-

266 4137 341 4189 rum
367 4140 579 4209 grossorum.

370 4238 566 4331 Kossown,
594 4241 677 4313 villa
702 4241 766 4313 sub
792 4241 958 4332 parochia
984 4240 1027 4312 de
1055 4221 1289 4311 Thluczan
1317 4239 1395 4331 sita,
1421 4238 1519 4311 cuius
1546 4240 1669 4313 haeres
1686 4241 1814 4313 Andri-

266 4377 326 4430 cus
353 4359 402 4431 de
421 4359 679 4453 Zegoczina
704 4362 936 4452 Poramba,
963 4361 1006 4433 de
1033 4361 1135 4434 domo
1162 4368 1198 4433 et
1223 4359 1354 4432 familia
1379 4360 1642 4451 Waldorph.
1678 4362 1718 4433 In
1747 4385 1815 4453 qua

267 4486 348 4551 sunt
374 4481 465 4553 lanei
492 4456 734 4573 emethonales‚
762 4484 805 4555 de
832 4484 956 4575 quibus
983 4483 1132 4555 solvitur
1157 4488 1195 4554 et
1220 4482 1423 4554 conducitur
1440 4480 1574 4553 decima
1591 4484 1814 4573 manipularis

266 4621 330 4692 pro
356 4602 487 4674 vicaria
513 4602 752 4676 cracoviensis
777 4603 1005 4694 praebendae,
1033 4603 1146 4675 dictae
1174 4656 1181 4673 .
1209 4657 1216 4673 .
1243 4658 1251 4673 .
1278 4658 1286 4673 .
1313 4604 1401 4673 Item
1427 4607 1483 4674 est
1509 4603 1557 4674 ibi
1585 4625 1688 4674 unum
1715 4625 1815 4693 prae-

262 4721 380 4814 dium,
406 4723 450 4794 de
477 4726 574 4797 cuius
611 4725 705 4814 agris
739 4724 930 4796 decimatur
956 4724 1104 4814 plebano
1131 4729 1167 4794 et
1192 4724 1356 4795 ccclesiae
1384 4725 1419 4793 in
1447 4723 1704 4815 Tluczany3
1732 4725 1813 4794 item

256 4839 417 4914 ,stateem
444 4845 590 4917 solvitur
617 4843 774 4935 plebano,
802 4845 844 4915 de
872 4845 1026 4935 quolibet
1051 4843 1153 4916 laneo
1181 4866 1243 4934 per
1270 4845 1357 4916 duos
1383 4865 1524 4934 grossos
1542 4844 1641 4933 latos,
1660 4846 1741 4914 item
1761 4849 1815 4914 est

266 4963 314 5034 ibi
339 4964 488 5052 taberna
515 4964 653 5056 plebani
681 4966 716 5035 in
744 4963 985 5056 Tluczany‚
1013 4985 1100 5056 quae
1126 4985 1190 5054 pro
1218 4984 1323 5036 censu
1349 4963 1455 5036 solvit
1476 4984 1580 5034 unam
1598 4984 1813 5052 sexagenam.

370 5084 758 5175 Oununnsuuowrezs‚
785 5086 869 5157 villa
896 5087 959 5158 sub
985 5086 1153 5176 parochia
1179 5085 1221 5155 de
1249 5085 1482 5177 Tluczany
1509 5084 1586 5173 sita,
1614 5085 1710 5156 euius
1732 5086 1814 5156 hae-

267 5226 325 5280 res
351 5207 527 5298 praetatus
562 5206 745 5278 Andricus.
785 5207 825 5277 In
854 5226 921 5295 qua
947 5211 1029 5277 suut
1055 5212 1205 5295 quatuor
1232 5205 1324 5277 lanei
1350 5203 1585 5276 emethonales
1612 5211 1649 5276 et
1675 5205 1815 5310 quintus
1955 5191 1958 5197 ’

267 5327 407 5417 plebani
431 5327 474 5400 de
503 5327 756 5416 Tluezany,
785 5326 828 5397 de
856 5326 981 5417 quibus
1009 5325 1167 5397 omuibus
1195 5323 1341 5396 solvitur
1368 5324 1502 5395 decima
1528 5324 1754 5415 manipularis
1781 5332 1817 5396 et

268 5448 443 5538 canapalis
478 5449 624 5538 plebano
659 5448 693 5518 in
731 5447 1071 5539 Czyrnycehow
1107 5466 1166 5535 ee,
1195 5447 1285 5536 quod
1321 5447 1369 5517 ibi
1405 5445 1591 5536 aliquando
1618 5447 1816 5535 pertinebat

267 5568 349 5639 villa
390 5570 434 5641 ad
469 5570 688 5658 parochiam3
723 5567 903 5639 denarium
944 5572 1061 5637 autem
1095 5565 1213 5637 Sancti
1249 5566 1346 5637 Petri
1386 5568 1534 5656 percipit
1570 5566 1736 5655 plebanus
1773 5567 1815 5634 de

268 5686 500 5760 Thluczan
508 5712 547 5779 y:
575 5694 717 5779 propter
743 5688 1036 5782 propinquitatem
1064 5687 1139 5777 loci,
1167 5692 1203 5757 et
1220 5693 1364 5777 propter
1382 5687 1522 5758 fluvium
1550 5686 1735 5775 lislam,
1755 5686 1814 5773 qui

267 5806 402 5899 dividit,
429 5810 584 5904 pertinet
609 5810 684 5879 inre
711 5809 901 5898 parochiali
928 5816 964 5880 et
990 5808 1095 5880 solvit
1120 5809 1288 5880 mensalia
1314 5809 1349 5879 in
1377 5805 1650 5895 Thluczany.

371 5930 547 6021 Euenus,
574 5929 657 6001 villa
691 5930 755 6000 sub
791 5928 956 6018 parochia
991 5927 1033 5998 de
1068 5926 1331 6016 Zegoczina
1365 5925 1588 5997 Peramba
1614 5924 1692 6012 sita,
1719 5923 1815 5994 cuius

265 6051 391 6123 haeres
416 6051 550 6126 Pelea
577 6050 619 6122 de
647 6050 753 6120 armis
781 6102 788 6117 .
816 6103 823 6117 .
851 6103 858 6118 .
885 6049 928 6122 hr
952 6069 1022 6139 qua
1048 6053 1130 6118 sunt
1154 6047 1246 6119 lanei
1273 6045 1514 6134 emethonales,
1541 6044 1584 6115 de
1603 6044 1727 6135 quibus
1745 6043 1813 6114 sol-

267 6173 362 6246 vitur
386 6172 521 6264 decima
551 6170 775 6262 manipularis
811 6168 971 6260 episeopo
998 6167 1239 6256 Gracoviensi;
1274 6166 1371 6238 euius
1407 6165 1505 6238 valor
1539 6164 1743 6235 aestimatur
1769 6165 1814 6234 ad

266 6349 310 6367 ..
337 6348 345 6365 .
372 6349 381 6364 .
407 6294 492 6366 item
527 6300 582 6364 est
616 6293 666 6364 ibi
693 6312 796 6364 unum
832 6289 1010 6379 praedium
1036 6288 1207 6376 militare,
1234 6287 1277 6358 de
1304 6288 1401 6358 euius
1428 6286 1523 6376 agris
1549 6285 1697 6355 solvitur
1723 6284 1813 6355 deei-

266 6436 324 6488 ma
349 6414 573 6505 manipularis
601 6414 766 6486 eeclesiae
797 6412 833 6482 in
860 6409 1145 6498 Thluczany,
1173 6408 1271 6480 cuius
1303 6408 1402 6481 valor
1428 6408 1631 6479 aestimatur
1658 6405 1702 6475 ad
1729 6406 1813 6475 duas

370 6704 528 6748 nasama
547 6704 577 6746 rc
1473 6685 1475 6690 ’
1613 6679 1651 6727 80
