4200 8342
1644 1606 1647 1612 -
1773 1566 1921 1669 arr¹

316 1824 319 1829 .
405 1768 561 1859 Ponam,
587 1768 674 1842 villa
698 1768 764 1843 sub
789 1769 956 1861 parochia
980 1769 1025 1845 de
1050 1767 1329 1865 Wyrzbioza
1355 1771 1433 1861 sita,
1459 1770 1557 1843 cuius
1582 1769 1779 1862 proprietas
1805 1770 1849 1841 ad

301 1891 550 1967 monasterinm
576 1889 620 1962 de
645 1889 993 1964 Wanonoczsko
1018 1893 1180 1983 pertinet.
1219 1892 1261 1963 In
1288 1912 1356 1983 qua
1373 1897 1463 1991 punt
1489 1892 1580 1965 lanei
1607 1892 1849 1965 cmethonales.

299 2008 390 2087 latu
415 2017 471 2085 ast
495 2010 547 2084 ibi
572 2011 741 2101 scoltetia,
768 2011 901 2085 habens
927 2007 1160 2109 dnos‘planeos
1186 2018 1224 2085 et
1246 2012 1332 2087 duas
1359 2013 1523 2087 tabernas
1550 2013 1718 2085 habentes
1735 2034 1849 2104 agros,

275 2114 350 2204 ¹de*
371 2132 496 2224 quibus
522 2131 682 2204 omnibus
716 2131 864 2204 solvitur
889 2138 927 2205 et
952 2132 1156 2206 conducitur
1190 2132 1323 2204 decima
1358 2133 1583 2224 manipularis
1609 2138 1646 2205 et
1673 2134 1848 2225 canapalis

300 2252 512 2327 monastario
538 2252 575 2324 in
594 2251 977 2366 :Wanchocrtalrok
992 2259 1029 2326 et
1054 2253 1154 2326 11111
1181 2253 1255 2325 eius
1283 2255 1486 2326 aestimatur
1514 2253 1558 2325 ad
1577 2307 1692 2324 .....

940 2494 971 2566 Β
1073 2515 1132 2566 wu
1156 2515 1209 2566 zu.
1697 2556 1703 2566 „

405 2612 501 2685 Villa
525 2613 658 2686 habens
684 2613 721 2686 in
747 2633 786 2687 se
811 2513 1252 2705 parochiaffioeoelcesiam
1287 2615 1453 2707 ligneam,
1494 2615 1640 2688 Sanctae
1666 2614 1769 2689 Cruci
1795 2614 1847 2685 di-

299 2740 425 2825 catam,
449 2735 548 2809 cuius
573 2733 741 2807 haeredes
758 2734 1047 2809 Bartholomaeus
1074 2735 1118 2808 de
1136 2735 1239 2809 domo
1265 2733 1544 2828 Gpgnorum,
1570 2743 1607 2807 et
1634 2735 1848 2809 Nadulua

296 2854 424 2961 palicia
447 2874 525 2927 cnm
552 2853 633 2929 tiliis
660 2855 766 2927 etiam
792 2855 835 2927 de
861 2856 963 2928 domo
998 2855 1265 2948 Oygnorum.
1308 2857 1349 2928 In
1377 2877 1445 2946 qua
1470 2861 1552 2929 sunt
1577 2856 1669 2928 lanei
1695 2858 1847 2947 ennatho-

257 2960 261 2965 ’
299 2960 407 3065 raros
433 2975 477 3048 de
503 2976 628 3067 quibus
654 2977 802 3048 solvitur
827 2981 864 3049 et
890 2976 1094 3050 conducitur
1120 2976 1253 3051 decima
1270 2978 1495 3068 manipularis
1521 2983 1558 3049 et
1584 2978 1758 3068 canapalis
1784 2998 1847 3068 pro

440 3096 530 3169 Item
555 3096 702 3169 ecclesia
727 3103 764 3169 ct
792 3097 959 3188 plebanus
986 3098 1093 3171 habet
1119 3099 1168 3172 ibi
1195 3099 1356 3190 proprios
1382 3120 1486 3190 agros
1504 3104 1540 3170 et
1558 3104 1668 3189 prata,
1695 3119 1759 3189 pro
1785 3120 1847 3171 suo

298 3216 443 3309 praedm
468 3222 506 3290 et
533 3218 749 3295 necessitate.
832 3288 835 3293 ,
1777 3296 1781 3305 ,

403 3337 684 3412 Ruszrrounozu
700 3337 859 3428 111101,
885 3338 970 3410 villa
996 3339 1061 3412 sub
1088 3340 1254 3431 parochia
1280 3339 1323 3412 de
1350 3341 1660 3431 Borkowycze
1687 3339 1772 3411 sita
1806 3339 1847 3411 ln

299 3478 370 3553 pua
394 3465 478 3531 sunt
502 3458 595 3531 lanei
620 3459 864 3550 amathonales‚
891 3459 935 3532 de
962 3461 1088 3551 quibus
1115 3461 1262 3534 solvitur
1287 3466 1325 3534 et
1351 3460 1554 3533 conducitur
1580 3460 1714 3533 decima
1739 3459 1847 3531 maui-

298 3578 432 3671 pularis
458 3586 494 3651 et
518 3579 695 3671 canapalis
720 3600 784 3670 pro
804 3634 918 3652 .....

402 3698 650 3773 ausmowroa
676 3699 846 3792 secunda,
886 3700 971 3773 villa
996 3700 1061 3773 sub
1096 3701 1217 3773 eadem
1257 3702 1424 3792 parochia
1458 3700 1502 3772 de
1533 3701 1847 3793 Borkowycze

299 3819 377 3903 sita,
402 3820 443 3891 In
470 3840 540 3911 qua
566 3825 648 3893 sunt
674 3820 765 3893 lanei
793 3820 1042 3912 emethonales‚
1070 3820 1113 3893 de
1141 3821 1266 3912 quibus
1292 3821 1439 3894 solvitur
1465 3827 1502 3893 et
1527 3821 1730 3893 conducitur
1756 3820 1848 3893 deci-

295 3958 357 4025 ma
379 3941 607 4033 manipularis
634 3946 670 4013 et
695 3941 870 4032 canapalis
891 3961 962 4032 pro
981 3995 1093 4012 .....

402 4060 711 4135 Busemrowrczu
736 4061 876 4153 Moron
902 4062 988 4134 villa
1013 4062 1078 4134 snb
1105 4063 1271 4153 parochia
1296 4061 1339 4134 dc
1365 4063 1675 4153 Borkouyczc
1702 4061 1779 4134 sita.
1806 4061 1846 4132 ln

299 4200 370 4275 pua
393 4188 476 4255 aunt
493 4182 594 4255 lanei
620 4183 863 4273 auctionales,
890 4181 1086 4276 dequibus
1112 4182 1261 4256 solvitur
1286 4190 1324 4255 et
1349 4179 1554 4256 conducitur
1580 4182 1714 4255 decima
1738 4182 1847 4254 mani-

298 4302 432 4394 pularis
458 4311 495 4375 et
520 4305 696 4394 canapalis
723 4325 787 4395 pro
806 4357 920 4375 .....

271 4436 274 4442 ’
401 4423 653 4515 Ranoscuorr,
693 4425 777 4498 villa
803 4425 867 4498 sub
895 4425 1061 4516 parochia
1087 4424 1131 4496 de
1157 4425 1469 4518 Borkowycze
1496 4426 1573 4517 sita
1601 4427 1699 4499 cuius
1724 4426 1848 4498 haere-

299 4544 362 4618 des
387 4544 551 4618 Nicolaus
577 4545 786 4638 Schpoth
812 4546 856 4618 da
882 4546 984 4619 domo
1012 4546 1269 4638 Cygnorum
1295 4552 1332 4618 et
1350 4601 1462 4617 .....
1490 4547 1531 4619 ln
1558 4568 1627 4639 qua
1649 4552 1730 4619 sunt
1756 4546 1848 4618 lanei

298 4664 549 4757 cnuthonalcs,
576 4666 619 4740 de
646 4667 771 4757 quibus
798 4667 946 4741 solvitur
972 4673 1008 4739 ct
1035 4666 1241 4739 conducitur
1267 4666 1400 4739 decima
1426 4668 1651 4758 manipularis
1677 4686 1742 4757 pro
1761 4721 1768 4736 .
1785 4691 1795 4736 ·.
1814 4720 1848 4735 ..

402 4785 627 4878 Ponuruow‚
653 4788 737 4860 villa
763 4788 827 4861 sub
854 4788 1021 4879 parochia
1046 4787 1214 4859 ecclesiae
1240 4785 1283 4858 de
1310 4787 1615 4858 Borkowicze
1641 4787 1724 4875 sita,
1750 4786 1848 4857 cuius

298 4905 425 4979 haeres
451 4907 1050 4996 Bartholomaeus-Borkowsky
1087 4905 1130 4977 de
1157 4905 1258 4977 domo
1285 4904 1556 4996 Cygnorum.
1600 4906 1639 4977 In
1671 4926 1741 4998 qua
1766 4914 1848 4981 sunt

298 5024 668 5118 lateranensium,
705 5027 749 5099 de
776 5028 900 5118 quibus
927 5026 1075 5100 solvitur
1102 5031 1138 5097 et
1165 5025 1370 5100 conducitur
1398 5025 1531 5098 decima
1558 5027 1784 5118 manipularis
1811 5035 1848 5100 et

299 5146 474 5238 canapalis
500 5169 564 5239 pro
591 5150 792 5239 episcopatu
819 5147 1051 5237 Oracoviensu
1078 5151 1115 5219 et
1141 5146 1240 5219 valor
1266 5146 1341 5219 eius
1368 5147 1573 5219 aestimatur
1600 5148 1646 5221 ad
1664 5201 1779 5219 .....
1807 5194 1809 5199 -

397 5267 581 5359 11111011,
609 5269 693 5341 villa
720 5270 787 5341 sub
811 5269 977 5360 parochia
1003 5268 1047 5340 de
1074 5258 1367 5341 Ohlewiszlra
1393 5268 1470 5357 sita,
1498 5269 1594 5341 onius
1618 5269 1741 5342 haeres
1759 5268 1848 5342 Pau·

298 5387 353 5461 lna
379 5387 557 5482 Sussky
583 5390 626 5462 de
653 5390 756 5464 domo
782 5390 978 5482 Dolyua
1005 5390 1046 5462 Iu
1074 5394 1241 5480 quaeunt
1265 5389 1357 5461 lanei
1384 5390 1627 5480 cmetlronales‚
1654 5389 1697 5462 de
1724 5390 1847 5481 quibus

298 5511 446 5585 solvitur
472 5518 508 5584 et
533 5512 738 5585 conducitur
764 5511 897 5583 decima
916 5564 1031 5583 .....

400 5633 565 5722 wopan,
606 5632 689 5704 villa
724 5633 788 5705 sub
816 5633 982 5723 parochia
1008 5633 1175 5706 ecclesiae
1211 5632 1254 5719 de
1281 5631 1587 5705 Borkouicze
1622 5631 1709 5720 sita,
1749 5631 1847 5703 cuius

296 5754 420 5825 haeres
447 5752 655 5825 (inrosoh
682 5751 725 5824 de
752 5753 854 5826 domo
881 5753 1025 5826 Rama.
1051 5753 1092 5825 In
1120 5775 1188 5844 qua
1214 5760 1296 5825 sunt
1321 5754 1414 5824 lanei
1440 5751 1684 5841 cmethonales,
1711 5751 1754 5823 de
1772 5752 1847 5842 qui·

296 5874 362 5945 bus
389 5871 537 5944 solvitur
564 5878 601 5945 et
627 5873 831 5945 conducitur
859 5873 992 5945 decima
1017 5874 1244 5964 manipularis
1272 5880 1308 5944 et
1334 5873 1509 5962 canapalis
1528 5925 1643 5942 .....

301 6062 304 6068 .
401 5992 612 6082 Znururow‚
640 5992 724 6065 villa
750 5994 814 6066 sub
842 5995 1009 6085 parochia
1034 5993 1079 6066 de
1104 5994 1417 6084 Borkowycze
1444 5992 1530 6083 sita,
1558 5993 1655 6067 cuius
1681 5993 1848 6066 lracredcs
1941 5994 1944 6001 “
1981 6032 1985 6038 ·

297 6111 475 6186 lohannes
502 6118 538 6184 et
564 6111 758 6184 Stanislaus
778 6165 945 6184 .......
986 6114 1027 6184 11
1055 6134 1125 6204 qua
1151 6117 1233 6186 sunt
1258 6111 1352 6184 lanei
1378 6112 1620 6203 cmethonales,
1649 6112 1692 6184 de
1720 6112 1845 6202 ombus

298 6235 445 6307 solvitur
471 6240 508 6307 et
534 6232 739 6307 conducitur
766 6232 900 6305 decima
926 6235 1152 6326 manipularis
1179 6239 1216 6306 et
1242 6231 1417 6324 canapalis
1445 6254 1508 6324 pro
1528 6288 1641 6304 .....

401 6356 618 6445 Bau-rariora,
658 6354 741 6427 villa
768 6355 833 6427 sub
859 6352 1027 6447 parochia
1064 6356 1107 6427 dc
1134 6355 1440 6427 Borlrouicze
1475 6355 1562 6444 sita,
1601 6354 1698 6427 cuius
1725 6355 1847 6426 haeres

297 6475 584 6551 Bartholomaeus
620 6476 908 6577 Borkowsky
944 6475 988 6549 de
1013 6476 1116 6549 domo
1153 6475 1423 6570 cygnorum.
1467 6476 1508 6549 lu
1536 6496 1604 6568 qua
1638 6481 1720 6549 sunt
1753 6474 1844 6548 lanei
