4200 8342
1743 1594 1815 1671 ’501

264 1796 454 1871 lohannes.
480 1797 520 1869 ln
547 1818 617 1890 qua
642 1805 723 1870 sunt
750 1799 841 1871 lanei
866 1800 990 1890 viginti
1016 1800 1095 1895 duo,
1122 1801 1165 1873 de
1193 1801 1317 1890 quibus
1344 1800 1492 1874 solvitur
1517 1796 1652 1875 decima
1669 1801 1713 1875 de
1732 1825 1815 1896 quo-

230 1906 233 1911 ’
265 1915 354 1991 libet
387 1918 488 1990 bueo
522 1938 586 2009 per
620 1938 681 1991 sex
707 1940 848 2010 grossos
874 1921 1030 2011 usuales,
1058 1940 1121 2013 pro
1148 1921 1337 1995 scholastia
1363 1922 1651 2013 Sandomiriensi,
1676 1930 1817 2014 praeter

266 2046 419 2130 quatuor
443 2039 573 2130 laneos,
599 2039 643 2112 de
670 2041 795 2132 quibus
822 2043 925 2113 etiam
952 2062 1017 2133 per
1042 2064 1103 2114 sex
1129 2054 1280 2134 grossos¹
1297 2042 1445 2116 solvitur
1470 2044 1637 2118 ecclesiae
1656 2046 1691 2117 in
1709 2044 1816 2118 Kra-

266 2158 410 2233 s'znilr.
445 2162 534 2234 Item
560 2162 707 2252 quilibet
734 2163 776 2235 de
796 2163 919 2254 ‘laneo,
947 2170 1087 2236 tenetur
1113 2164 1306 2238 conducere
1333 2165 1497 2237 eeclesiae
1524 2166 1559 2237 in
1586 2165 1815 2239 Kraszuih

266 2303 370 2356 unam
395 2284 569 2356 cassulam
599 2284 725 2375 tritici,
752 2306 856 2357 unam
882 2285 1030 2376 siliginis
1058 2290 1094 2358 et
1120 2306 1223 2359 unam
1250 2307 1397 2378 avenae,
1425 2292 1461 2358 et
1489 2288 1586 2360 valor
1612 2289 1816 2362 aestimatur

267 2406 344 2479 eius
369 2404 415 2479 ad
441 2407 592 2498 quinque
617 2426 761 2479 marcas.
1142 2482 1144 2486 .

303 2546 309 2553 ·
367 2528 569 2619 Serninus,
595 2529 660 2601 sub
685 2529 763 2620 ipsa
788 2530 962 2621 parochia,
988 2531 1086 2607 cuins
1103 2531 1227 2603 haeres
1253 2530 1346 2603 idem
1362 2530 1550 2605 Johannes.
1575 2532 1616 2603 In
1635 2536 1705 2624 qua
1721 2533 1816 2607 lanei

265 2650 461 2742 quindecim
479 2671 556 2723 oum
574 2651 696 2741 medio,
723 2652 767 2723 de
786 2672 932 2743 quorum
958 2653 1072 2725 tribus
1090 2659 1126 2725 et
1144 2652 1257 2725 medio
1284 2653 1512 2725 scholastriae
1535 2653 1816 2746 Sandomiriensi,

264 2770 310 2845 de
333 2771 486 2844 residuis
503 2792 586 2847 vero
612 2772 780 2845 ecclesiae
805 2774 841 2844 in
868 2771 1196 2865 Krasznilrper
1214 2793 1274 2845 sex
1292 2794 1448 2865 grossam
1475 2775 1558 2847 item
1586 2774 1629 2847 de
1656 2777 1814 2849 omnibus

263 2894 416 2966 sedecim
439 2892 553 2966 laneis
578 2894 727 2966 solvitur
752 2914 822 2966 una
847 2896 984 2967 cassula
1009 2876 1168 2985 siliginis,
1194 2915 1264 2967 una
1289 2896 1399 2968 tritici
1425 2902 1462 2967 et
1488 2916 1557 2967 una
1582 2900 1722 2988 avenae,
1749 2918 1813 2988 pro

263 3017 476 3089 monasterio
502 3016 537 3087 in
564 3014 810 3090 Krasznik.
1822 3087 1824 3090 .

350 3134 650 3245 dominicas,
690 3139 755 3211 sub
782 3136 915 3211 eadem.
929 3138 1096 3229 parochia
1121 3140 1208 3231 sita,
1243 3139 1341 3212 cuius
1369 3140 1492 3211 haeres
1518 3139 1609 3212 idem
1635 3139 1813 3215 iohannes

263 3256 635 3352 Krasznpczsky.
661 3261 701 3331 ln
729 3282 798 3351 qua
824 3266 906 3333 sont
932 3261 1033 3351 lanei,
1048 3260 1104 3363 ‘de
1131 3274 1277 3353 quorum
1304 3261 1479 3352 aliquibus
1506 3262 1654 3335 solvitur
1681 3263 1813 3335 decima

262 3400 327 3472 per
353 3402 413 3453 sex
448 3400 590 3471 grossos
625 3382 832 3453 scholastico
860 3380 1147 3472 Sandomiriensi,
1188 3381 1231 3454 de
1258 3382 1431 3473 aliquibus
1466 3403 1548 3455 vero
1585 3382 1751 3455 ecclesiae
1776 3384 1812 3455 iu

263 3500 513 3592 Krasznik,
540 3507 577 3574 et
602 3503 748 3594 quilibet
775 3504 836 3576 dat
857 3502 1022 3576 ecclesiae
1050 3504 1085 3574 in
1112 3503 1479 3579 Kraszuikunam
1497 3504 1667 3591 cassulam
1693 3503 1812 3595 tritici,

263 3645 367 3697 uuam
394 3624 542 3715 siliginis
568 3632 605 3696 et
630 3646 736 3697 unam
762 3644 905 3716 arenae3
930 3624 998 3697 huit
1015 3626 1064 3697 ibi
1083 3625 1254 3716 quondam
1274 3624 1419 3697 ecclesia
1437 3620 1646 3716 parochialis
1665 3624 1812 3698 Sanctae

262 3742 397 3819 Mariae
424 3746 548 3836 dicata,
574 3745 637 3817 sed
663 3748 761 3819 unita
786 3751 841 3818 est
867 3746 1033 3820 ecclesiae
1060 3747 1095 3817 in
1121 3745 1364 3819 Krasznik.

366 3867 563 3958 Zaunzow,
589 3868 673 3940 villa
699 3867 764 3939 sub
790 3868 956 3959 parocbia
982 3867 1025 3939 de
1052 3866 1286 3939 Krasznik
1314 3868 1400 3957 sita,
1427 3869 1524 3941 cuins
1550 3864 1748 3959 proprietas
1776 3876 1812 3940 et

260 3988 449 4061 dominium
483 3990 528 4061 ad
555 3990 715 4062 abbatem
750 3996 788 4061 et
813 3989 1062 4061 monasterium
1100 3988 1444 4080 Koprzyunyczense
1472 3990 1633 4078 pertinet
1677 3989 1724 4081 ln¹
1744 4010 1813 4081 qua
1885 4018 1887 4023 ¹

261 4118 317 4183 est
343 4112 520 4201 scoltetia,
559 4111 692 4184 habens
718 4117 796 4183 octo
823 4111 942 4183 laneos
974 4111 1153 4202 proprios,
1194 4111 1388 4203 dequibus
1423 4111 1576 4182 nescitur
1610 4130 1674 4201 per
1710 4130 1809 4202 quam

260 4234 507 4325 negligentiam
533 4240 569 4304 et
595 4234 749 4323 abusum,
777 4233 1016 4306 tantummodo
1042 4233 1149 4304 solvit
1175 4236 1253 4305 octo
1281 4238 1419 4323 scottos,
1447 4252 1533 4325 quos
1560 4214 1618 4304 viu
1645 4240 1812 4323 congrue-

261 4362 318 4427 ret
342 4374 407 4445 pro
433 4376 502 4461 uno
529 4355 629 4426 laneo
647 4356 783 4429 solvere
801 4362 873 4445 'pro
891 4355 1103 4428 monasterio
1130 4354 1165 4427 in
1193 4353 1447 4443 Krasznik3
1474 4354 1709 4427 emethonales
1727 4375 1810 4427 vero

259 4468 351 4547 lanei
367 4482 506 4566 ·sunt...,
533 4482 572 4549 et
588 4476 735 4568 quilibet
752 4497 816 4567 pro
834 4477 968 4550 decima
993 4476 1184 4567 pecuniali,
1212 4476 1317 4571 solvit¹
1330 4476 1552 4550 'monasterio
1580 4473 1811 4569 Goprzyuny-

259 4599 375 4669 coensi
402 4603 479 4670 octo
505 4618 662 4689 grossos3
707 4600 790 4672 item
825 4601 902 4690 agri
928 4601 1152 4672 tabernarum
1178 4597 1324 4669 duarum
1352 4598 1521 4670 similiter.
1565 4597 1653 4668 Item
1682 4604 1737 4669 est
1762 4598 1811 4669 ibi

260 4718 439 4809 praedium
465 4721 677 4811 monasterii,
704 4720 747 4791 de
775 4722 871 4793 cuius
899 4722 994 4811 agris
1013 4742 1082 4793 non
1101 4720 1249 4792 solvitur
1276 4720 1418 4809 antiqua
1445 4718 1587 4810 decima,
1614 4719 1676 4791 sed
1703 4719 1810 4791 abbas

260 4844 347 4913 eam'
363 4851 427 4933 pro
454 4863 491 4914 se
518 4842 619 4913 tollit.

284 4996 288 5001 ·
362 4962 535 5055 Szuuow,
576 4963 659 5035 villa
685 4964 749 5035 sub
776 4964 942 5053 parochia
968 4961 1011 5033 de
1036 4960 1274 5033 Krasznik
1302 4962 1389 5052 sita,
1417 4960 1516 5033 ouius'
1540 4961 1738 5052 proprietas
1765 4961 1809 5032 ad

259 5083 450 5177 praelatum
476 5087 725 5158 monasterium
752 5084 1091 5177 Goprzyunycuense
1118 5084 1280 5173 pertinet.
1311 5083 1351 5163 In
1379 5104 1447 5175 qua
1473 5089 1528 5155 est
1554 5082 1723 5155 scoltetus
1746 5083 1811 5155 ¹ba-

258 5208 346 5279 bens
373 5214 524 5303 quatuor
549 5209 669 5281 laneos
696 5229 774 5280 cum
801 5206 928 5297 medio,
964 5214 1001 5279 et
1028 5205 1071 5277 de
1098 5205 1233 5279 dnobus
1259 5205 1370 5287 laneis
1397 5205 1561 5296 antiquis,
1588 5204 1694 5277 solvit
1719 5205 1811 5277 deci-

258 5350 359 5411 mam,
377 5331 626 5422 manipularem
654 5331 817 5429 ecclesiae
829 5422 833 5429 Ι
845 5330 879 5399 in
898 5326 1149 5419 Krasznik,
1177 5328 1220 5401 de
1238 5326 1372 5411 duobus
1384 5348 1475 5401 ¹uero
1493 5327 1572 5400 aliis
1598 5334 1675 5399 cuni
1694 5326 1809 5433 medio

258 5450 388 5543 laneis,
423 5453 529 5525 solvit
555 5473 630 5525 eam
655 5452 877 5525 ¹monasterio
904 5438 1373 5543 copizywnyozenst=1cem
1401 5456 1482 5522 sunt
1516 5450 1552 5521 in
1580 5450 1698 5531 eadem
1728 5448 1810 5519 villa

257 5570 348 5645 lanei
375 5575 612 5657 emethonales
640 5576 762 5666 viginti
789 5554 883 5664 octo,
904 5572 947 5645 de
972 5594 1120 5664 quorum
1148 5572 1333 5645 medietate
1366 5572 1515 5645 solvitur
1542 5573 1674 5663 decima
1700 5571 1810 5641 mani-

257 5694 401 5785 pularis,
428 5702 465 5768 et
491 5696 534 5767 de
560 5697 747 5769 medietate
772 5696 965 5786 pecunialis
989 5716 1055 5787 per
1073 5701 1223 5785 quatuor
1249 5706 1399 5784 grossos,
1427 5692 1637 5765 monasterio
1656 5690 1810 5782 Ooprzy-

257 5818 462 5921 wnyccensi.
1484 5820 1486 5825 '
1703 5840 1705 5845 ·

946 5930 1135 6014 Bornonr.
1163 5952 1165 5957 '

362 6057 456 6133 Villa
480 6052 614 6133 babens
639 6061 874 6151 parochialem
901 6062 1082 6133 ecclesiam
1110 6062 1145 6131 in
1173 6080 1210 6132 se
1237 6059 1397 6150 ligneam,
1425 6054 1552 6131 Sancto
1572 6110 1688 6130 .....
1715 6056 1808 6130 dica-

257 6189 339 6275 tam,
365 6183 464 6255 cuius
481 6182 621 6255 collatio
639 6184 792 6274 pertinet
808 6184 853 6255 ad
871 6183 1065 6256 Jobannem
1093 6182 1384 6273 Rapstinsky
1412 6180 1467 6253 do.
1484 6181 1585 6252 domo
1613 6179 1808 6270 Bippen-

255 6307 394 6399 nium,
423 6307 532 6397 ipsius
558 6305 662 6377 villae
688 6304 882 6395 haeredem,
909 6307 1006 6377 cuius
1031 6308 1221 6397 prouentus
1248 6310 1331 6376 sunt
1366 6288 1593 6391 infrascripti}
1619 6306 1656 6372 et
1681 6301 1811 6391 primo,

255 6424 362 6519 habet
388 6449 491 6520 agros
508 6434 546 6501 et
563 6435 664 6518 prata
690 6446 754 6517 per
780 6426 958 6499 Andream
984 6426 1338 6517 Thau-czynsky,
1364 6430 1447 6495 tunc
1473 6424 1582 6515 ipsius
1600 6422 1702 6493 villae
1720 6422 1802 6493 hae-

255 6548 374 6621 rddem
400 6550 547 6631 donatos
572 6558 610 6623 et
633 6550 834 6643 inscriptos,
859 6568 925 6643 pro
950 6548 1090 6641 plebani
1116 6547 1259 6641 praedio
1282 6552 1318 6619 et
1335 6546 1554 6620 necessitate.
1580 6544 1620 6617 In
1639 6536 1707 6636 qua
1724 6550 1806 6617 sunt
