4200 8342
276 1625 352 1700 4⁶20

379 1833 570 1919 Zacorum,
597 1830 680 1900 uilla
702 1828 766 1899 sub
784 1827 950 1918 parochia
976 1826 1193 1900 deParva
1219 1823 1472 1898 Casimiria
1498 1825 1574 1895 sita'
1601 1823 1640 1895 In
1660 1829 1831 1914 quaeunt

276 1955 367 2026 lanei
394 1951 638 2040 emolliamus,
666 1951 747 2020 item
773 1950 950 2038 tabernae,
976 1949 1060 2019 item
1087 1946 1274 2036 hortulani,
1315 1946 1358 2018 de
1386 1947 1526 2036 quibus·
1539 1944 1697 2019 omnibus
1723 1943 1832 2016 solui·

276 2084 334 2147 tur
360 2080 395 2144 et
422 2073 626 2145 conducitur
664 2071 796 2143 decima
821 2070 1047 2159 manipularis
1075 2076 1112 2139 et
1139 2069 1313 2160 cmapalis
1344 2088 1408 2157 pro
1436 2065 1831 2160 episcopatu-Graecul-

276 2197 359 2266 ensi.
386 2194 474 2266 Item
501 2194 679 2285 praedium
708 2199 761 2263 est
787 2194 836 2262 ibi
863 2192 1022 2281 militare,
1050 2191 1142 2281 quod
1171 2191 1319 2261 decimat
1336 2190 1503 2272 ecclesiae
1592 2188 1766 2279 Chelm‚·
1793 2189 1831 2260 in

218 2349 231 2358 ·’
275 2322 372 2386 terra
398 2315 617 2407 Syradiensi,
654 2314 714 2384 sed
742 2313 888 2383 ecclesia
913 2314 948 2382 in
984 2311 1157 2382 Minori
1195 2311 1450 2383 Casimiria
1485 2211 1593 2382 hasst
1619 2330 1726 2402 super
1752 2329 1832 2381 eam

276 2439 499 2508 munimenta.
1786 2411 1789 2418 ¹

380 2558 738 2646 Zarnrumrowmzn,
779 2556 862 2627 uilla
887 2557 952 2628 sub
980 2555 1145 2646 parochia
1172 2554 1215 2627 de
1250 2554 1428 2626 Minori
1464 2553 1717 2626 Casimiria
1752 2553 1831 2642 sita,

279 2681 375 2752 cuius
403 2679 569 2751 haeredes
597 2679 790 2750 Stanislaus
792 2733 857 2768 .......
884 2678 968 2749 item
994 2677 1160 2749 Konna
1187 2677 1229 2749 de
1257 2678 1362 2747 armis
1390 2677 1667 2767 Streparum.
1694 2674 1732 2745 In
1762 2693 1833 2764 qua

278 2808 360 2874 sunt
385 2801 475 2872 lanei
503 2801 746 2890 emethonales,
774 2801 856 2870 item
884 2800 1103 2871 hortulaniae
1130 2800 1298 2871 habentes
1326 2820 1438 2890 agros,
1465 2798 1656 2889 dequibus
1682 2795 1832 2868 solvitur

277 2922 410 2993 decima
436 2922 662 3013 manipularis
698 2943 762 3011 pro
790 2922 934 2992 eeclesia
960 2923 995 2991 in
1022 2920 1196 2993 Minori
1233 2920 1504 3008 Casimiria‚
1545 2924 1581 2990 et
1607 2924 1688 3010 post
1714 2918 1832 2988 omnia

277 3046 420 3134 praedia
446 3044 611 3116 nobilium
641 3045 688 3114 ihi
716 3044 937 3133 ruauentium,
964 3049 1000 3113 et
1027 3044 1125 3115 valor
1143 3043 1295 3114 decimae
1323 3042 1367 3113 ad
1395 3043 1546 3132 quinque
1573 3062 1707 3113 marcas
1725 3040 1832 3112 aesti-

277 3172 402 3238 matur.

381 3288 637 3376 Mnoeromczn,
664 3288 748 3359 villa
767 3288 830 3359 suh
849 3285 1013 3376 parochia
1031 3286 1074 3356 de
1101 3284 1251 3356 Parva
1278 3285 1533 3357 Casimiria
1559 3285 1638 3374 sita,
1664 3304 1734 3356 una
1751 3304 1831 3355 cum

276 3409 412 3482 duabus
448 3410 603 3479 tabernis
639 3408 846 3480 habentibus
874 3429 994 3496 agros,
1030 3407 1075 3477 ad
1103 3405 1363 3497 Podolpani
1399 3407 1647 3497 spectantibus.
1691 3406 1732 3476 ln
1759 3425 1830 3495 qua

277 3536 331 3601 est
358 3529 537 3619 praedium
565 3529 723 3618 militare,
750 3528 917 3599 de'euius
943 3529 1037 3618 agris
1065 3535 1101 3599 et
1127 3528 1361 3618 praelatarum
1381 3530 1615 3618 tabernarum,
1642 3528 1741 3598 iuxta
1767 3525 1833 3598 flu-

277 3652 371 3721 vium
399 3650 625 3722 Nidzicza
653 3651 808 3738 sitarum,
836 3650 984 3721 soluitur
1011 3649 1145 3721 decima
1172 3651 1396 3740 manipularis
1424 3651 1589 3722 ecclesiae
1616 3652 1651 3721 in
1678 3648 1833 3721 Parva

280 3769 547 3861 Casimiria‚
576 3772 673 3842 euius
700 3772 799 3842 valor
825 3772 869 3842 ad
898 3770 983 3842 duas
1011 3792 1155 3842 marcas.
1638 3759 1643 3765 ’

383 3893 496 3965 Villae
515 3893 740 3984 parochiales:
768 3892 1209 3983 ParvaCasimiria,
1229 3893 1548 3985 Gyebolthon',
1574 3893 1832 3966 Jakuscho-

278 4014 414 4087 wicze
441 4015 610 4105 Maior,
637 4013 993 4098 Jakuszowieze
1021 4017 1186 4106 minor,
1214 4015 1866 4105 Bronyschou,Zyemlicze,'

277 4135 578 4238 hlpkolayou',
614 4136 973 4227 Stropyeschiu,
1011 4136 1253 4227 Zagayow‚
1292 4137 1684 4226 Zbiluthowicze,
1721 4136 1832 4207 Mlo-

278 4259 470 4346 golicze.
1085 4341 1087 4345 ¹

878 4379 1024 4451 Macra
1051 4379 1233 4453 Prassnn.
1272 4385 1274 4390 ’

382 4498 476 4574 Villa
502 4501 634 4572 habens
652 4502 687 4570 in
709 4520 746 4569 se
764 4500 945 4572 ecclesiam
966 4502 1211 4594 parochialem,
1237 4504 1317 4575 albo
1336 4504 1462 4593 lapide,
1488 4524 1552 4594 per
1577 4501 1833 4595 Spiczmye-

277 4643 373 4693 rum
388 4609 622 4693 ‘castellanum
650 4619 913 4694 Craeouiensem
940 4623 983 4694 de
1011 4626 1117 4695 armis
1144 4624 1366 4715 Lyeliwa,
1401 4632 1592 4716 muratam,
1618 4630 1655 4697 et
1682 4623 1831 4696 Sanctae

279 4743 487 4816 catherinae
514 4744 673 4834 dicatam,
694 4745 797 4816 cuius
811 4744 946 4815 unicus
972 4746 1095 4817 haeres
1122 4753 1158 4817 et
1186 4754 1352 4835 patronus
1371 4746 1519 4837 Spithko
1546 4717 1589 4818 de
1616 4745 1831 4837 Melsthyn

278 4866 322 4936 de
349 4866 454 4936 armis
481 4865 511 4935 L
520 4866 694 4956 yeliwa.
721 4866 762 4937 In
789 4887 858 4958 qua
877 4872 958 4938 suunt
984 4868 1076 4944 lauei
1099 4869 1342 4961 emethonales,
1370 4869 1413 4941 de
1432 4870 1557 4961 quihus
1576 4869 1708 4940 decima
1726 4888 1831 4957 pecu-

277 4987 379 5082 nialis
406 5009 468 5078 per
495 5009 555 5058 sex
583 5009 723 5078 grossos
760 4988 907 5060 solvitur
943 4989 1109 5061 ecclesiae
1145 4992 1334 5080 parochiali
1372 4963 1531 5062 Omnium
1560 4989 1766 5063 Sanctorum
1792 4990 1830 5060 in

242 5167 246 5175 .
277 5107 522 5199 Cracouia,
558 5109 704 5200 plebano
732 5111 866 5181 mediae
893 5113 1013 5201 partis.
1040 5112 1128 5183 Item
1156 5120 1210 5184 est
1238 5114 1285 5185 ibi
1313 5113 1490 5204 praedium
1527 5134 1631 5184 unirur
1668 5112 1831 5203 militare,

278 5230 321 5299 do
348 5231 444 5300 cuius
471 5233 565 5320 agris
592 5233 738 5304 solvitur
766 5231 899 5305 decima
916 5235 1142 5324 manipularis
1169 5235 1333 5308 ecclesiae
1360 5236 1396 5306 in
1423 5234 1650 5327 Pya'sseh,
1677 5239 1714 5306 et
1732 5234 1832 5305 valor

278 5350 352 5421 eius
378 5352 583 5423 aestimatur
609 5354 652 5424 ad
679 5361 752 5426 tres
779 5377 922 5428 marcas.
949 5355 1036 5428 Item
1055 5357 1161 5428 habet
1188 5358 1333 5429 ecclesia
1358 5380 1463 5429 ununr
1490 5358 1627 5431 laneum
1654 5357 1829 5447 integrum

277 5471 434 5563 liberum,
461 5495 525 5563 pro
552 5495 614 5546 suo
641 5476 784 5565 praedio
812 5478 1020 5569 cicuitum,
1047 5501 1117 5551 una
1144 5500 1219 5551 cum
1239 5481 1350 5570 pratis
1378 5479 1421 5551 ad
1440 5480 1546 5559 ,illum
1564 5478 1830 5575 pertinentibus.

276 5591 363 5664 Item
390 5594 498 5665 habet
523 5616 648 5686 gayum
676 5596 711 5666 in
739 5593 858 5669 eadem
887 5599 979 5689 villa,
1006 5585 1136 5672 dicium
1165 5601 1323 5704 North.
1349 5602 1437 5672 Item
1464 5600 1572 5673 habet
1599 5600 1685 5673 duas
1711 5599 1830 5672 taber-

275 5735 339 5787 nas
367 5716 402 5788 in
424 5716 583 5807 praefata
608 5717 773 5809 Magna
800 5718 828 5789 P
837 5722 1026 5813 yasseh‚
1054 5723 1221 5795 habentes
1248 5744 1361 5814 agros,
1389 5729 1425 5794 et
1443 5722 1618 5814 quaelibet
1636 5721 1741 5795 solvit
1759 5719 1831 5820 sibi·
1935 5783 1939 5790 .

274 5857 338 5928 pro
367 5859 471 5910 censu
499 5862 613 5913 annuo
640 5863 743 5914 urnam
771 5846 932 5914 marcam'.

378 5959 604 6054 (lucramur,
639 5963 723 6036 villa
751 5964 814 6037 sub
842 5966 1008 6055 parochia
1035 5966 1080 6038 de
1106 5966 1418 6039 Scarhimiria
1453 5966 1540 6057 sita,
1580 5966 1677 6037 cuius
1703 5964 1828 6036 haeres

275 6081 412 6154 ratione
446 6086 565 6157 rixeris
600 6083 822 6158 Ostasius
848 6087 892 6158 de
919 6087 1021 6159 domo
1057 6087 1087 6158 L
1096 6089 1314 6180 yewarth
1359 6088 1399 6158 ln
1428 6109 1497 6178 qua
1532 6091 1614 6158 sunt
1644 6086 1761 6159 decem
1790 6090 1828 6157 et

214 6261 219 6274 .
274 6208 353 6273 octo
380 6203 471 6282 lanei
498 6204 742 6308 emethonales,
770 6209 852 6280 item
880 6229 949 6280 una
976 6210 1122 6281 taberna
1148 6210 1280 6284 habens
1306 6231 1429 6301 agros,
1456 6211 1540 6282 item
1568 6215 1718 6300 quatuor
1744 6206 1828 6279 hor-

166 6407 172 6414 ,
273 6323 429 6394 tulaniae
454 6323 623 6396 habentes
650 6347 770 6417 agros,
804 6330 848 6432 de
876 6331 1001 6421 quihus
1029 6333 1189 6405 omnibus
1221 6334 1369 6406 solvitur
1395 6338 1432 6403 et
1459 6331 1663 6404 conducitur
1693 6329 1829 6402 decima

273 6441 499 6532 manipularis
517 6449 553 6516 et
569 6448 746 6538 canapalis
768 6469 833 6540 pro
851 6452 1051 6541 praebenda
1069 6453 1300 6548 cracoviensi,
1328 6476 1415 6546 quae
1435 6454 1631 6546 appellatur
1647 6450 1828 6550 Wramp-

272 6563 463 6654 nyeczska‚
496 6571 533 6640 ct
559 6568 658 6642 valor
692 6571 767 6644 eius
802 6571 848 6644 ad
874 6573 999 6663 viginti
1033 6595 1183 6666 marcas..
1223 6577 1311 6649 Item
1337 6573 1393 6648 est'
1419 6576 1468 6648 ibi
1504 6595 1610 6647 unum
1644 6555 1839 6674 praem·
1974 6575 1977 6582 ’
