4200 8342
1724 1647 1798 1724 309

345 1840 550 1936 Dauum,
576 1842 660 1920 villa
685 1845 801 1940 regia,
829 1845 865 1920 iu
893 1867 962 1941 qua
987 1847 1134 1922 eeclesia
1158 1848 1380 1943 parochialia,
1405 1851 1539 1926 habms
1557 1843 1684 1964 lippos
1697 1871 1801 1964 Qe-

245 1965 413 2059 thonales,
441 1967 528 2040 item
554 1967 734 2040 tabernam
760 1990 864 2042 unam
890 1969 1074 2046 habentem
1101 1991 1218 2064 agros,
1245 1973 1329 2046 item
1356 1974 1583 2068 hortulanus,
1611 1963 1799 2072 dequibus

246 2087 405 2161 omnibus
432 2087 582 2161 solvitur
607 2095 645 2161 et
670 2090 875 2164 conducitur
900 2092 1034 2166 decima
1059 2093 1286 2192 manipularis
1304 2100 1341 2168 et
1357 2097 1535 2191 canapalis
1562 2117 1627 2188 pro
1653 2085 1800 2172 ecclesia

243 2209 278 2279 in
306 2207 566 2302 campana,
602 2215 639 2282 et
663 2211 762 2285 valm
793 2212 868 2286 eius
894 2213 939 2285 ud
964 2219 1039 2287 tres
1066 2235 1209 2289 marcas.
1244 2215 1333 2288 Item
1367 2217 1548 2308 praedium
1574 2219 1633 2310 ibi,
1660 2219 1703 2292 de
1730 2240 1798 2312 quo

243 2330 436 2404 decimatur
463 2331 629 2405 ecclesiae
656 2333 692 2405 iu
719 2333 959 2427 Drugnya,
985 2340 1023 2408 et
1048 2335 1149 2409 valor
1175 2336 1220 2410 ad
1246 2336 1333 2410 duas
1360 2358 1503 2411 marcas.

342 2450 497 2544 Koazrn,
523 2452 607 2529 silla
619 2453 697 2546 sub
722 2455 890 2546 parochia
914 2455 959 2529 de
978 2510 986 2527 .
1004 2511 1012 2528 .
1030 2510 1039 2527 .
1057 2459 1076 2528 .’
1093 2458 1172 2530 alta
1197 2457 1239 2530 In
1266 2478 1335 2550 qua
1352 2463 1435 2532 sunt
1451 2459 1543 2532 lanei
1563 2459 1796 2534 cmsthonales

241 2572 291 2646 lta
305 2596 323 2643 a
350 2573 537 2668 tabernae,
560 2575 656 2648 ¹'item
682 2575 922 2670 hortulaniae,
948 2578 992 2651 de
1018 2577 1144 2671 quibus
1170 2577 1330 2654 omnibus
1351 2578 1505 2682 solvitur
1531 2585 1572 2654 et
1594 2581 1798 2654 conducitur

241 2693 372 2767 decima
397 2696 625 2790 manipularis
651 2703 689 2771 et
715 2699 891 2792 cauapahs
917 2720 982 2791 pro
1008 2700 1156 2775 ecclesia
1181 2701 1218 2774 iu
1245 2696 1508 2802 Obmyelikf,
1535 2706 1571 2775 et
1584 2702 1696 2776 'valm
1722 2703 1797 2775 eius

241 2815 286 2887 ad
311 2822 385 2890 tres
411 2820 568 2911 marcam
593 2820 676 2892 item
703 2821 956 2913 praedium...

344 2935 546 3034 Ganuaow,
571 2940 656 3014 uilla
681 2943 746 3015 sub
771 2944 939 3035 parochia
963 2943 1009 3017 da
1027 2998 1035 3014 .
1054 2997 1062 3016 .
1080 2996 1116 3016 ..
1143 2944 1220 3016 sita
1251 2941 1292 3016 Iu
1319 2964 1389 3036 qua
1414 2948 1497 3017 sunt
1524 2944 1617 3017 lanei
1643 2945 1796 3020 emetha-

123 3109 129 3116 -
240 3059 346 3151 hales,
372 3060 457 3134 item
481 3062 658 3154 tabernae,
685 3062 769 3137 itam
794 3064 1022 3157 hortulaniae‚
1049 3065 1238 3158 dequibus
1265 3066 1412 3139 solvitur
1439 3072 1476 3138 et
1503 3066 1710 3140 conducitur
1736 3068 1796 3140 de·

239 3181 580 3280 cimamanipularis
606 3188 643 3256 et
669 3185 844 3278 canapalis
862 3206 926 3279 pro
944 3187 1091 3260 ecclesa
1115 3188 1152 3260 iu
1179 3185 1440 3282 (lhmyelilr,
1468 3193 1505 3262 et
1522 3188 1621 3264 valor
1647 3189 1722 3261 eius
1749 3188 1793 3260 ad

239 3302 324 3376 duas
350 3323 495 3378 marcas.
520 3305 609 3379 Item
636 3306 827 3398 praedium.
852 3361 862 3380 .
888 3363 897 3379 .
924 3361 932 3380 .

342 3424 458 3500 Villae
482 3428 719 3520 parochiales:
745 3427 990 3522 Ghmyelilr
991 3484 1106 3504 .....
1238 3443 1243 3454 ··

880 3653 1156 3730 Praaaarcrcaa.

343 3788 516 3883 Oppidum
541 3791 675 3866 habens
701 3792 880 3867 eeclesiam
906 3795 1141 3887 parochialem
1167 3794 1336 3886 ligneam,
1371 3792 1519 3868 Sanctae
1545 3792 1794 3887 Margarethae

241 3912 387 4003 martyri
413 3912 572 4003 dicatam,
600 3913 699 3985 cuius
725 3915 922 4007 proprietas
947 3915 991 3988 ad
1010 3914 1269 3989 serenissimum
1296 3913 1460 3989 Poloniae
1486 3935 1605 4006 regem
1631 3918 1794 4007 pertiuet.

241 4029 281 4104 In
310 4053 378 4125 quo
405 4037 488 4108 sunt
513 4035 775 4127 quatuordecim
800 4023 894 4110 lanei
920 4036 1191 4130 oppidanorum,
1218 4036 1262 4110 de
1288 4056 1435 4128 quornm
1462 4036 1557 4126 agris
1583 4036 1732 4109 solvitur
1758 4043 1795 4109 et

238 4153 442 4228 conducitur
476 4154 609 4230 decima
650 4157 877 4250 manipularis
912 4162 949 4231 et
984 4158 1160 4250 canapalis
1186 4157 1404 4250 praebendae
1450 4155 1667 4249 Kyelciensi‚
1706 4177 1794 4250 qnae

239 4279 384 4350 vocatur
408 4274 649 4370 Plrsan-iczlra,
685 4284 722 4353 et
747 4278 846 4354 valor
872 4279 947 4352 eius
973 4280 1180 4354 aesdmatur
1206 4278 1250 4351 ad
1278 4278 1458 4352 duodecim
1484 4298 1630 4353 marcas.
1666 4277 1796 4352 Rector

237 4397 404 4471 ecclesiae
430 4397 616 4474 modernus
641 4397 807 4475 Nicolaus
832 4401 1025 4494 presbyter.
1051 4401 1093 4474 In
1110 4400 1232 4474 eodem
1260 4398 1387 4493 oppido
1413 4405 1469 4474 est
1485 4400 1677 4493 advocatia,
1706 4421 1795 4494 quae

238 4517 346 4592 habet
372 4517 459 4592 duos
484 4520 614 4616 laneos,
641 4520 684 4595 de
702 4522 828 4616 quibus
845 4523 952 4596 etiam
970 4521 1075 4596 solvit
1101 4522 1270 4595 decimam
1296 4522 1548 4615 manipularem
1574 4520 1795 4615 praebendae

237 4637 436 4732 Kyelciensi
461 4640 639 4736 praelatae
664 4641 904 4737 Pimznicaka‚
930 4663 1008 4718 eum
1034 4643 1115 4718 aliis
1141 4642 1324 4738 oppidanis
1351 4645 1387 4716 iu
1411 4640 1638 4741 portinianum,
1663 4643 1709 4716 ad
1735 4641 1795 4716 de-

206 4833 211 4842 .
239 4762 362 4834 dmum
388 4766 505 4836 autem
530 4764 656 4857 canapi
681 4785 759 4854 nou
778 4763 961 4858 obligatur.
987 4765 1076 4840 Item
1102 4766 1139 4840 iu
1165 4763 1293 4859 oppido
1315 4763 1474 4857 praefato
1491 4784 1562 4836 uon
1580 4768 1635 4836 est
1652 4764 1794 4855 aliquod
1903 4753 1909 4762 ’

235 4883 417 4973 praedium
443 4886 587 4976 regium,
613 4905 682 4959 non
710 4893 792 4961 sunt
816 4886 1046 4976 hortulaniae.
1071 4886 1161 4959 Item
1186 4885 1354 4978 plebanus
1372 4883 1527 4958 eiusdem
1545 4883 1665 4976 oppidi
1683 4883 1795 4957 habet

237 5023 343 5078 unum
369 5005 508 5079 laneam
532 5005 698 5099 liberum,
732 5026 838 5100 penes
864 5026 968 5099 agros
993 5005 1168 5080 Matthiae
1192 5004 1381 5097 Krolik,
1407 5004 1451 5078 de
1478 5025 1548 5098 quo
1573 5004 1661 5078 nulli
1688 5005 1794 5078 solvit

191 5225 195 5234 Ι
238 5123 415 5200 decimam.
454 5126 541 5200 Item
577 5126 685 5199 habet
719 5126 869 5199 alterum
903 5126 1041 5199 laneum
1075 5127 1112 5198 in
1147 5124 1496 5218 Ghrzelczicze‚
1531 5145 1638 5218 penes
1672 5145 1794 5218 agrum

238 5245 373 5320 Nicolai
398 5239 606 5321 Saliwka
632 5245 723 5320 Item
747 5247 856 5322 habat
881 5247 1020 5321 msam
1040 5246 1181 5322 invilla
1205 5244 1416 5341 Osaziuy,
1441 5267 1549 5340 penes
1575 5266 1679 5340 agros
1705 5248 1794 5320 scol-
1930 5269 1963 5284 ··

236 5369 312 5440 teti.
338 5368 426 5441 ltem
444 5368 550 5443 habet
567 5373 707 5461 pratum
724 5389 832 5443 unum
849 5367 980 5442 dictum
1006 5365 1286 5460 Szuicaonlra‚
1313 5369 1396 5442 item
1413 5368 1521 5442 habet
1540 5366 1637 5442 aliud
1655 5373 1793 5461 pratum

125 5479 137 5500 ⁹
238 5486 275 5557 in
300 5486 534 5584 Oraathly,
568 5497 606 5566 et
631 5489 759 5566 ibidem
784 5489 894 5568 habet
927 5487 1096 5585 piscinam
1131 5489 1196 5564 sub
1221 5487 1380 5584 praefato
1415 5494 1528 5581 prato.
1563 5487 1652 5563 Item
1688 5487 1795 5561 habet

239 5612 390 5695 qumuor
415 5609 630 5686 hortalauias
655 5614 693 5687 in
718 5612 848 5708 oppido
872 5611 1184 5707 Pyerasanicza,
1210 5610 1255 5686 da
1277 5610 1403 5705 quihus
1421 5609 1604 5686 laboratur
1621 5607 1696 5682 dies
1723 5627 1795 5680 una

237 5725 274 5796 in
300 5727 527 5822 bebdomada,
551 5732 707 5824 pedestri
731 5735 862 5810 labore.
1268 5725 1270 5730 ’

342 5846 671 5943 annornow,‚villa
696 5855 762 5928 snb
792 5856 959 5948 parochia
987 5855 1155 5930 acclesiae
1181 5854 1225 5928 de
1251 5849 1567 5947 PyrzsanIcra
1592 5849 1670 5940 sita,
1696 5846 1794 5926 cuius

238 5969 362 6044 haeres
388 5968 541 6044 lacobus
566 5971 848 6070 habausalry
872 5975 917 6049 de
938 5977 1046 6050 armis
1073 5972 1332 6068 Grzymala
1358 5973 1587 6064 Inquasunt
1612 5989 1673 6044 sex
1700 5968 1794 6043 lanei

238 6090 482 6185 emethonalea
508 6091 553 6166 de
578 6111 724 6186 quorum
750 6097 846 6187 agris
872 6096 1023 6172 solvitur
1047 6102 1085 6170 et
1110 6095 1316 6170 conducitur
1342 6091 1476 6166 decima
1501 6091 1730 6184 manipularis
1756 6096 1794 6166 et

238 6212 430 6307 campulis,
464 6233 529 6308 pro
555 6215 687 6290 maaria
716 6215 919 6290 scolastriaa
951 6216 1189 6312 Kyelcieusis‚
1226 6219 1263 6288 et
1288 6214 1387 6288 valor
1413 6214 1488 6288 eius
1515 6214 1722 6288 aestImatur
1747 6211 1793 6284 ad

238 6341 387 6427 quatuor
411 6355 557 6412 marcas.
590 6337 681 6410 Item
706 6342 789 6411 sunt
814 6337 852 6410 iu
876 6337 963 6410 villa
986 6337 1149 6430 praelata
1173 6335 1234 6408 alii
1259 6336 1352 6409 lanei
1377 6341 1415 6409 et
1441 6336 1518 6428 agri
1545 6333 1789 6428 matronales,

238 6456 298 6544 qui
323 6465 529 6532 asseruntur
552 6457 635 6532 olim
657 6457 769 6534 ¹iuiase
794 6457 941 6552 praedia
964 6457 1142 6550 militaria,
1168 6462 1205 6530 et
1229 6463 1312 6530 sunt
1337 6458 1442 6532 etiam
1469 6457 1519 6531 ibi
1545 6456 1606 6529 alii
1630 6459 1705 6528 tres
1730 6474 1791 6529 no-

238 6573 325 6646 biles
351 6578 396 6650 de
422 6579 528 6652 armis
553 6575 752 6698 (itabyri,
777 6581 838 6674 qul
863 6580 1094 6656 aestimantur
1118 6578 1258 6654 habere
1275 6599 1379 6670 agros
1404 6577 1450 6652 ad
1476 6582 1550 6652 tres
1575 6577 1712 6669 husos,
1746 6576 1790 6650 ⁸1⁰
