4200 8342
266 1300 311 1371 ut
322 1294 574 1389 ,praemittitur
598 1298 786 1387 agerentur
812 1300 848 1369 et
873 1296 1007 1390 fierent,
1023 1319 1094 1373 nna
1112 1318 1188 1373 cum
1206 1302 1477 1393 praenominatis
1494 1305 1645 1381 testibus·
1658 1328 1824 1401 praesens

267 1416 433 1511 interfui,
458 1436 570 1511 euque
601 1418 717 1491 omnia
751 1424 788 1491 et
820 1418 958 1511 siuguda
983 1421 1034 1493 sic
1059 1420 1136 1494 fleri
1161 1422 1234 1497 vidi
1260 1430 1297 1497 et
1323 1425 1457 1518 andivi,
1485 1420 1631 1521 ideoque
1657 1451 1822 1523 praesens

266 1540 447 1633 publicum
472 1540 740 1613 instrumentum
766 1539 891 1614 exinde
917 1540 1056 1634 confeci,
1084 1549 1120 1616 et
1145 1544 1182 1617 in
1207 1545 1298 1618 hane
1324 1547 1498 1638 publicam
1523 1548 1668 1624 formam
1693 1534 1822 1646 redegi,
1908 1590 1910 1594 ·

266 1680 395 1755 meque
419 1660 506 1735 hnic·
525 1682 630 1757 mann
655 1662 808 1754 propria,
834 1682 904 1735 uua
929 1682 1006 1735 cum
1033 1666 1244 1755 appensione
1271 1667 1462 1759 sigillorum
1485 1634 1643 1767 ¹*aarum
1667 1670 1822 1748 domino-

267 1804 346 1857 rum
374 1782 634 1874 arbitraturum,
660 1784 869 1875 subscripsi,
896 1804 937 1857 ac
963 1784 1006 1857 de
1033 1807 1153 1859 eornm
1180 1788 1343 1861 mandato
1371 1791 1586 1883 consignavi,
1613 1801 1757 1885 rogatus
1784 1802 1821 1868 et

267 1905 479 1998 requisitus,
505 1904 542 1976 in
577 1905 679 1977 fidem
714 1912 751 1977 et
785 1907 1020 1978 testimoninm
1055 1909 1205 1979 omnium
1241 1915 1277 1981 et
1304 1909 1518 2000 singulorum
1544 1915 1821 2002 praemissorum.

266 2028 341 2101 Nos
378 2046 463 2099 rere
497 2025 726 2117 Sbigueus
761 2028 943 2119 episcopus
980 2026 1218 2101 cracoviensis
1254 2036 1481 2122 memoratus,
1508 2034 1693 2107 attendens
1719 2058 1819 2127 prae-

265 2150 395 2259 dictam
421 2148 712 2240 compositionem,
740 2148 993 2222 ordinationem
1020 2157 1057 2222 ot
1083 2150 1301 2223 concordiam
1328 2172 1405 2225 csse
1432 2154 1500 2225 rite
1528 2160 1563 2227 et
1589 2155 1749 2247 legitime,
1778 2180 1820 2231 ac

266 2292 331 2363 pro
358 2276 460 2363 parte
486 2270 742 2361 praedictarum
769 2271 991 2343 ecelesiarum
1018 2271 1154 2360 iactam,
1182 2274 1283 2345 iustis
1310 2293 1429 2345 aornim
1456 2275 1682 2364 petitionibus
1701 2298 1818 2351 assen-

267 2414 345 2467 snm
371 2392 529 2465 dedimus
555 2399 730 2482 uestrum,
758 2399 794 2465 et
820 2414 998 2466 assensum
1025 2393 1222 2465 huiusmodi
1250 2415 1402 2486 quoque,
1431 2396 1701 2489 ordinationem,
1729 2421 1820 2472 oom-

265 2514 475 2607 pusitiouem
501 2517 538 2585 et
564 2513 792 2604 concordiam,
820 2514 1081 2604 admittendum,
1109 2514 1350 2587 ratifieaudum
1379 2522 1414 2588 et
1432 2517 1702 2591 confirmandum
1721 2520 1819 2592 duri-

264 2656 353 2725 mus,
378 2634 689 2725 praesentibusque
716 2635 752 2705 in
778 2635 844 2706 Dei
871 2636 1009 2708 numine
1036 2635 1259 2726 admittimus,
1287 2636 1506 2729 ratificamus,
1528 2638 1765 2729 gratificamus
1783 2647 1821 2714 et

264 2742 517 2871 approbamus,
543 2776 585 2827 ac
615 2756 835 2828 auctoritatis
871 2755 1067 2828 ordinariae
1095 2757 1302 2847 interposito
1329 2759 1487 2849 decreto,
1514 2759 1756 2832 confirmamus
1783 2762 1818 2833 in

264 2878 426 2953 omnibus
461 2876 642 2967 clausulis,
670 2876 923 2950 conditionibus
959 2883 1064 2968 atque
1100 2879 1255 2969 punctis,
1292 2878 1515 2951 decernentes
1551 2901 1625 2952 cam
1662 2883 1819 2954 obtinere

268 3000 379 3075 robur
403 3004 591 3092 perpetuae
618 2998 803 3070 densitatis.
829 2999 869 3069 In
897 3019 1043 3090 quorum
1071 2999 1223 3071 omnium
1249 3005 1286 3071 et
1312 2999 1526 3091 singulorum
1545 3000 1646 3073 fidem
1665 2986 1701 3075 et
1719 3004 1819 3075 testi-

267 3122 422 3195 moninm
456 3121 741 3214 praemissurum,
777 3125 977 3210 praesentes
1013 3125 1150 3192 nostras
1186 3121 1326 3211 literas,
1354 3141 1415 3194 seu
1451 3142 1617 3212 praesens
1644 3124 1820 3213 publicum

266 3244 544 3333 instrumentum,
563 3242 834 3331 ratificationem,
854 3227 1118 3331 ordinationem,
1136 3242 1420 3332 compositionem
1439 3248 1475 3315 et
1492 3243 1710 3315 concordiam
1728 3245 1763 3316 in
1782 3268 1819 3317 se

266 3366 509 3455 continentem,
536 3385 599 3437 sen
625 3365 813 3453 corntinens,
841 3362 964 3435 exinde
991 3362 1077 3453 fieri,
1105 3368 1141 3434 et
1167 3384 1231 3453 per
1253 3364 1423 3435 notarium
1443 3364 1627 3454 publicum,
1646 3372 1819 3438 nostrum-

265 3508 332 3581 que
360 3491 398 3559 et
423 3485 507 3559 iacti
532 3485 729 3558 huiusmodi
756 3505 873 3557 coram
899 3485 999 3556 uobis
1028 3484 1176 3556 scribam
1206 3483 1475 3574 maascripcum,
1503 3485 1618 3574 scribi,
1646 3486 1817 3559 subscribi

227 3714 243 3723 =
263 3614 300 3683 et
325 3609 500 3702 publicari
534 3607 790 3696 mandavimuS,
818 3607 997 3697 nostrique
1032 3604 1138 3695 sigilli
1173 3606 1384 3697 appensione
1411 3605 1574 3676 iussimus
1601 3607 1815 3678 communiri.

259 3732 395 3807 Datum
422 3735 458 3804 et
484 3734 599 3803 actum
625 3728 964 3818 Sandomiriae,
992 3727 1048 3798 die
1076 3733 1202 3819 quarta
1228 3727 1355 3799 mensis
1382 3725 1534 3817 Aprilis,
1561 3746 1651 3799 anno
1678 3712 1818 3799 Domini

256 3854 449 3929 millesimo
484 3850 822 3943 quadringentesimo
853 3850 1118 3941 quadragesimo
1147 3849 1312 3940 septimo,
1341 3848 1376 3919 in
1403 3848 1505 3921 domo
1532 3849 1819 3940 sanctuariornm,

254 3978 353 4051 bora
379 3975 561 4047 tertiarum
588 3973 643 4046 vel
671 3973 779 4063 quasi,
805 3971 907 4043 nobis
934 3971 970 4042 iu
998 3972 1046 4043 ibi
1073 3971 1117 4044 ad
1140 3970 1217 4042 iura
1234 3969 1412 4042 reddenda
1428 3991 1493 4061 pro
1510 3970 1678 4042 tribunali
1697 3970 1818 4043 seden-

255 4100 381 4187 tibus,
416 4096 658 4188 praesentibus
698 4093 825 4166 ibidem
865 4092 1127 4165 honorabilibus
1163 4098 1200 4164 et
1234 4092 1491 4164 venerabilibus
1527 4092 1612 4163 viris
1652 4091 1817 4164 dominis:

259 4220 435 4313 magistro
460 4218 621 4291 Johanue
647 4216 690 4288 de
717 4215 1020 4287 Dumbrowka
1047 4214 1266 4286 decreturum
1294 4213 1436 4285 doctore
1463 4213 1499 4283 in
1527 4213 1724 4302 Theologia,
1743 4234 1814 4282 ma-

260 4342 379 4435 gistro
404 4340 523 4413 Sancti
550 4338 704 4410 Floriani
731 4344 831 4409 extra
858 4357 974 4409 muros
1001 4334 1247 4408 Gracovienses
1272 4340 1309 4406 et
1327 4334 1474 4404 Sanctae
1492 4333 1626 4404 Mariae
1646 4332 1680 4402 in
1700 4333 1817 4422 liyel-

265 4482 350 4555 cae,
376 4460 536 4535 Johanno
561 4459 798 4549 Dlugusclr
825 4457 967 4530 custode
994 4455 1252 4547 Wysliezicensi
1271 4454 1501 4543 cracoviensi,
1520 4452 1639 4525 Otha
1665 4457 1817 4542 cantore,

265 4583 427 4659 Jubanue
452 4582 488 4655 iu
514 4580 736 4655 Obrazovv
763 4579 912 4668 officiali,
939 4577 1107 4667 magistro
1134 4577 1157 4649 J
1167 4576 1310 4648 aeobo
1341 4573 1562 4647 vicecustude
1588 4579 1625 4645 et
1651 4573 1816 4645 canonico

266 4705 557 4794 Sundomirieusi,
591 4701 736 4774 Daniele
772 4702 807 4771 iu
843 4700 1071 4771 Tlrncbow
1105 4704 1141 4770 et
1173 4696 1293 4768 Marco
1329 4696 1365 4767 in
1399 4695 1558 4787 Lanky
1594 4694 1817 4767 ecelesiarum

267 4828 515 4921 perachialium
540 4824 745 4913 rectoribus,
772 4821 985 4912 cappellanis
1012 4819 1128 4891 euriae
1156 4825 1306 4908 nostrae,
1334 4817 1481 4888 testibus
1508 4816 1601 4887 circa
1626 4816 1818 4906 praemissa

267 4950 399 5023 voeatis
426 4956 463 5021 et
488 4946 695 5039 specialiter·
715 4944 857 5035 rogatis.
893 4942 943 5013 lit
969 4963 1033 5032 ego
1060 4938 1235 5012 Martinus
1263 4939 1345 5010 olim
1371 4937 1394 5010 J
1404 4938 1604 5010 ohannis
1631 4936 1674 5008 de
1700 4936 1766 5007 Wl
1781 4956 1817 5008 a·

267 5070 484 5160 dislaria,
511 5068 655 5140 clericus
683 5064 983 5137 Wludislaviensis
1011 5062 1197 5151 dioecesis,
1224 5060 1382 5151 publicus
1408 5059 1581 5150 imperiali
1595 5057 1816 5155 ‚auctoritate

266 5193 433 5282 nummus,
459 5190 610 5281 laetique
632 5186 828 5260 huiusmodi
848 5206 964 5258 coram
982 5181 1271 5256 reverendissimo
1291 5182 1326 5252 in
1345 5180 1485 5255 Christo
1504 5152 1604 5269 patre
1623 5184 1659 5247 ot
1677 5175 1816 5248 domiuo
1841 5158 1846 5167 ’

221 5312 467 5409 *sbigneu
493 5312 558 5383 Dei
584 5309 699 5400 gratia
726 5308 887 5399 episeopo
914 5304 1136 5377 Gracuviensi
1164 5304 1286 5392 scriba,
1314 5301 1405 5391 quia
1422 5299 1677 5389 praedictarum
1696 5295 1815 5365 litera-

265 5456 341 5509 rum
367 5432 585 5523 exhibitioni,
602 5429 885 5521 praesentationi,
903 5425 1137 5514 ratificatioui,
1155 5422 1326 5514 petitioni,
1345 5418 1594 5492 confirmationi
1613 5421 1649 5488 et
1666 5415 1816 5504 decreto,

265 5560 411 5649 aliisque
446 5555 605 5629 omnibus
632 5559 668 5624 et
693 5551 857 5641 singulis,
885 5548 965 5620 dum
993 5548 1044 5619 sic
1070 5553 1110 5618 ut
1135 5544 1373 5637 praemittitur
1406 5546 1592 5629 agerentur
1619 5541 1655 5609 et
1681 5537 1815 5625 fierent,

264 5700 334 5753 una
368 5698 447 5750 cnm
482 5674 751 5767 praenominatis
787 5670 936 5743 testibus
962 5688 1127 5759 praeseus
1154 5665 1313 5753 interfui,
1341 5680 1451 5752 eaque
1478 5660 1593 5733 omnia
1618 5665 1655 5731 et
1682 5656 1817 5746 singula

264 5802 313 5875 sic
338 5800 416 5873 lieri
442 5797 515 5871 vidi
541 5803 577 5869 et
604 5794 730 5883 audivi,
750 5793 930 5880 dictasque
948 5789 1215 5879 compositiones
1233 5791 1269 5857 et
1286 5782 1490 5857 corneordiae
1508 5781 1647 5854 litteras
1664 5777 1818 5850 fideliter
1926 5852 1928 5856 .

264 5922 307 5995 de
339 5922 449 5995 verbo
486 5918 531 5991 ad
566 5902 732 6013 verbum¹
749 5911 980 6000 transsumpsi
1020 5915 1058 5980 et
1097 5907 1290 5998 accepiavi,
1326 5906 1375 5976 nil
1410 5903 1592 5992 mutando,
1628 5897 1814 5972 minuendo

267 6048 327 6117 unt
352 6040 524 6155 addendo,
551 6040 644 6130 qnod
671 6055 809 6110 sensnm
827 6038 980 6105 mutaret
1010 6034 1072 6101 aut
1102 6029 1257 6100 variaret
1287 6026 1506 6098 intellectum.
1537 6022 1619 6094 Ideo
1651 6038 1816 6113 praesens

371 6210 419 6253 mn.
433 6209 530 6252 senene.
549 6209 579 6250 ιι.
1615 6172 1651 6219 ⁵1
