4200 8342
324 1661 394 1735 158

304 1866 507 1941 'decimatur
532 1889 596 1959 pro
622 1867 766 1942 ecclesia
791 1872 828 1941 et
852 1866 1001 1962 plebano
1028 1869 1103 1941 eius
1130 1868 1166 1942 in
1193 1866 1389 1961 Usozye,
1415 1868 1452 1941 et
1476 1862 1584 1938 valor'
1601 1863 1677 1937 eius
1695 1863 1856 1965 ¹aestima-

319 1994 377 2063 tur
403 1989 447 2061 ad
473 2044 480 2060 .
509 2042 551 2061 ..

776 2120 779 2125 '
881 2107 1059 2182 Garunna
1086 2106 1294 2181 Oznuuruw

317 2233 411 2305 tituli
441 2231 558 2303 Sancti
592 2231 773 2303 Laurentii
807 2231 989 2322 martyris,
1037 2230 1167 2320 lignea,
1212 2228 1255 2299 de
1290 2227 1508 2318 possessione
1542 2226 1708 2316 militari,
1743 2224 1860 2297 dotata

318 2354 362 2425 ab
390 2354 531 2442 antiquo
566 2352 678 2422 tribus
710 2352 841 2441 laneiS,
866 2352 998 2422 duobus
1026 2372 1069 2421 ex
1097 2349 1257 2440 opposito
1284 2347 1491 2449 molendini,
1517 2346 1730 2419 habentibus
1758 2367 1860 2417 unum

315 2474 352 2545 in
378 2473 511 2563 postico
538 2493 682 2562 parvum
708 2476 854 2562 pratum,
881 2472 968 2543 allas
995 2466 1111 2559 octob,
1139 2474 1174 2541 et
1200 2469 1304 2541 tertio
1330 2468 1432 2542 laneo
1449 2488 1494 2540 ex
1512 2464 1672 2558 opposito
1690 2448 1857 2539 labarum

319 2593 421 2665 villae
448 2593 662 2664 Benssow
688 2613 763 2663 cum
790 2597 892 2682 prato
920 2592 1025 2664 etiam
1051 2611 1180 2681 parvo,
1207 2590 1299 2662 dicto
1326 2586 1449 2677 osaea,
1483 2595 1519 2662 et
1544 2568 1678 2673 habens
1705 2588 1753 2661 ab
1778 2587 1863 2659 anti-

321 2734 388 2805 quo
415 2714 485 2784 tria
509 2718 613 2803 prata
629 2733 766 2802 magna,
794 2712 891 2783 iuxta
909 2711 1041 2802 sylvam
1069 2711 1268 2801 quercinam
1285 2696 1574 2801 baerednariam,
1595 2728 1743 2802 quorum
1760 2729 1863 2779 unum

318 2838 463 2906 vocatur
489 2830 703 2923 Olszyny,
728 2833 859 2904 babens
895 2832 1040 2923 nrrgulos
1067 2832 1227 2922 virgultis
1253 2816 1323 2903 non
1350 2829 1578 2921 extirpatum,
1605 2826 1701 2904 aliud
1726 2832 1863 2921 pratum

320 2952 431 3026 eidem
458 2952 615 3041 vicinum,
643 2952 770 3024 dictum
789 2951 1030 3042 Ouruwka,
1059 2957 1095 3024 et
1111 2953 1255 3023 tertium
1282 2951 1349 3023 sibi
1367 2942 1567 3041 centrkudm
1592 2950 1629 3021 in
1646 2948 1863 3021 haereditate

319 3074 421 3146 villae
448 3073 678 3143 Benssow:
707 3073 857 3144 dealmae
875 3073 978 3144 huius
997 3072 1150 3163 capellae
1176 3077 1257 3161 post
1282 3070 1450 3143 haeredes
1477 3076 1514 3142 et
1531 3071 1730 3142 emethones
1750 3088 1863 3141 omnes

320 3176 471 3266 eiusdem
498 3193 600 3265 villae
627 3214 691 3283 pro
710 3192 842 3284 capella
868 3192 1041 3265 fundatae.
1082 3191 1240 3264 Secunda
1266 3191 1399 3263 decima
1423 3194 1504 3282 post
1524 3194 1641 3262 omnes
1668 3188 1864 3262 emethones

319 3314 422 3386 villae
448 3314 673 3386 Benssow.
718 3313 837 3385 Tertia
872 3314 1003 3385 decima
1029 3319 1110 3404 post
1146 3333 1263 3385 omnes
1289 3304 1394 3403 ¹agros
1430 3311 1533 3384 villae
1558 3310 1865 3383 Dambr'owka.

320 3433 451 3523 Quarta
468 3434 601 3505 decima
626 3439 706 3524 post
724 3454 840 3505 omnes
859 3454 960 3525 agros
978 3428 1080 3506 uillae
1107 3434 1428 3524 Bratuezyeze
1454 3426 1594 3524 etpost
1614 3430 1746 3503 curiam
1774 3430 1864 3501 slmi-

320 3555 411 3626 liter.
452 3552 579 3642 Quinta
605 3553 750 3625 tonilla
775 3552 1000 3646 Wrzapya
1025 3559 1106 3646 post
1132 3574 1249 3627 omnes
1276 3554 1410 3625 nobiles
1446 3551 1708 3626 et'cmetbon'es
1734 3571 1779 3623 ex
1801 3550 1867 3623 ista

320 3681 421 3767 parte
448 3675 562 3764 stagni
596 3674 832 3765 demorantes,
868 3681 903 3746 et
928 3677 964 3747 in
991 3676 1215 3747 Baezkow
1250 3673 1382 3746 decima
1416 3678 1497 3764 post
1532 3672 1619 3745 duos
1644 3671 1865 3743 hortulanos:

319 3797 440 3868 eadem
467 3795 598 3885 capella
633 3794 762 3885 gaudet
788 3795 949 3867 libertate
983 3796 1079 3868 fluvii
1106 3796 1249 3886 Itaba,
1286 3793 1380 3867 omni¹
1406 3786 1535 3886 genere
1561 3766 1739 3885 piscandi3
1776 3793 1866 3882 ligna

321 3918 356 4019 in
385 3918 483 4009 sylva
517 3914 751 3987 haereditanda
785 3921 865 3988 sunt
899 3917 1011 3989 libera
1046 3917 1194 4008 plebane
1230 3936 1294 4007 pro
1326 3914 1401 3987 foco
1437 3920 1474 3987 et
1503 3913 1726 4006 reparatione
1754 3913 1866 3986 dome·

322 4037 418 4127 stica,
447 4037 537 4108 sicca
563 4041 707 4126 tantum,
735 4041 771 4108 et
796 4052 860 4128 pro
888 4038 1045 4127 soptione
1074 4036 1195 4109 domus
1223 4036 1308 4108 alias
1335 4046 1476 4133 tyayew.
1529 4020 1532 4025 ¹

915 4158 1114 4230 Ioouonnra
1141 4177 1269 4238 maroa

423 4278 518 4349 Villa
534 4278 666 4349 babens
693 4278 872 4350 ecclesiam
899 4279 1133 4369 parochialem
1159 4277 1269 4349 latere
1288 4281 1384 4350 cocto
1403 4281 1574 4350 muratam
1590 4277 1628 4347 in
1646 4296 1694 4367 se,
1721 4275 1866 4349 Sanctae

318 4399 453 4470 Mariae
488 4397 673 4469 Nativitati
709 4398 874 4489 dicatam,
912 4400 1008 4470 cuins
1043 4399 1212 4471 haeredes
1246 4396 1438 4471 Stanislaus
1474 4403 1511 4469 et
1535 4396 1714 4471 Johannes
1741 4397 1865 4469 [ratres

319 4519 474 4610 germani
508 4518 551 4589 de
586 4519 855 4609 Bothurzyn
892 4518 934 4591 de
968 4520 1074 4591 armis
1111 4518 1318 4610 Ozewya,
1366 4518 1425 4609 qui
1459 4518 1561 4590 etiam
1597 4521 1679 4590 sunt
1713 4516 1866 4590 eiusdem

319 4639 483 4710 eeclesiae
510 4638 691 4711 collatores
719 4639 811 4709 unici
837 4645 873 4710 et
899 4642 1047 4730 patroni.
1087 4641 1127 4711 In
1147 4661 1215 4730 qua
1241 4645 1323 4712 sunt
1349 4640 1472 4730 viginti
1498 4644 1571 4711 tres
1596 4638 1689 4710 lanei
1715 4639 1867 4710 cmetbo

320 4761 435 4849 maleo,
462 4762 546 4831 item
574 4781 635 4831 sex
651 4760 887 4850 lrortulaniae,
916 4762 996 4833 item
1016 4763 1183 4833 tabernae
1212 4762 1362 4854 quinque
1389 4761 1557 4833 habentes
1584 4780 1706 4852 agros,
1733 4759 1778 4831 de
1797 4760 1869 4852 qui-

319 4882 384 4954 bus
412 4881 570 4952 onrnibus
601 4880 748 4953 solvitur
773 4884 810 4953 et
828 4882 1032 4954 conducitur
1051 4883 1184 4954 decima
1211 4882 1435 4973 manipularis
1461 4888 1497 4955 et
1515 4880 1689 4972 cauapalis
1702 4880 1870 4954 'ecclesiae

320 5009 355 5074 ct
383 5003 456 5073 eius
483 5000 631 5093 plebano
658 5001 694 5071 in
721 5001 738 5071 I
746 5002 976 5095 golornya,
1004 5010 1039 5075 et
1066 5004 1163 5075 valor
1190 5004 1264 5074 elus
1291 5004 1495 5075 aestimatur
1521 5001 1565 5073 ad
1583 5002 1707 5093 viginti
1725 5022 1867 5073 marcas.

318 5124 406 5195 Item
433 5125 599 5213 plebanus
627 5131 662 5195 et
681 5123 827 5195 ecclesia
852 5125 959 5196 habet
985 5124 1033 5196 ibi
1061 5125 1221 5215 proprios
1248 5145 1350 5215 agros
1367 5112 1559 5196 liberos’et
1578 5127 1698 5215 prata,
1724 5143 1790 5214 pro
1809 5144 1869 5196 suo

320 5265 386 5315 usu
412 5249 446 5314 et
473 5246 688 5316 necessitate.
727 5246 816 5316 Item
844 5245 988 5316 ecclesia
1014 5245 1143 5317 ibidem
1171 5246 1277 5317 habet
1304 5249 1452 5334 quatuor
1478 5245 1696 5334 anathemes,
1721 5243 1760 5314 in
1787 5243 1870 5316 duo

255 5436 257 5441 .
321 5365 392 5436 bus·
411 5365 538 5453 lancie,
566 5366 625 5455 qui
652 5365 790 5438 solvunt
816 5367 964 5458 plebano
992 5388 1056 5457 pro
1076 5387 1180 5439 censu
1206 5387 1269 5457 per
1295 5370 1367 5437 tres
1393 5364 1546 5438 semones
1573 5370 1610 5436 et
1633 5362 1802 5437 decimam
1828 5364 1870 5435 de

321 5486 432 5574 agris3
460 5486 543 5555 item
570 5491 643 5556 tres
669 5487 873 5559 hortolanos
900 5489 1014 5577 habet,
1042 5487 1085 5558 de
1105 5488 1228 5578 quibus
1247 5487 1356 5559 solum
1383 5506 1570 5577 perunum
1589 5482 1682 5557 diem
1708 5486 1745 5557 iu
1763 5486 1870 5576 septi-

320 5626 421 5676 mana
455 5605 562 5676 habet
592 5606 748 5696 labores,
785 5612 821 5679 et
848 5608 993 5698 quilibet
1021 5609 1156 5680 emetho
1194 5608 1461 5679 laboraturum
1498 5606 1589 5679 diem
1615 5606 1652 5705 in
1679 5607 1872 5698 septimana

209 5704 213 5715 ¹
320 5728 461 5818 proprio
489 5748 593 5798 curru
620 5728 674 5798 vel
709 5733 826 5799 aratro
853 5782 968 5798 .....
1012 5729 1102 5800 Item
1129 5728 1177 5800 ibi
1204 5727 1272 5799 duo
1299 5727 1443 5818 praedia
1469 5724 1651 5820 militaria,
1678 5726 1721 5799 de
1750 5727 1873 5819 qadbus

321 5849 425 5919 etiam
452 5849 643 5920 decimatur
669 5849 815 5939 plebano
842 5849 969 5922 ibidem
997 5851 1033 5920 in
1059 5850 1305 5941 Igolomya.

424 5969 621 6042 Iooaoerra
638 5971 886 6060 rrmou,‚villa
911 5972 974 6042 sub
993 5971 1162 6062 parochia
1180 5970 1345 6042 eeclesiae
1373 5969 1416 6041 de
1437 5958 1607 6042 maiori
1632 5968 1875 6064 Igolomya

322 6091 406 6178 sita,
434 6091 530 6162 cuius
557 6094 752 6182 proprietas
780 6092 932 6182 pertinet
959 6094 1003 6162 ad
1021 6091 1163 6163 fundum
1192 6092 1369 6164 custodiae
1396 6090 1514 6164 Sancti
1531 6090 1688 6164 Floriani
1713 6091 1753 6164 in
1780 6091 1873 6167 Gle-

307 6232 438 6302 ,para
478 6212 518 6282 In
546 6233 614 6301 qua
641 6218 721 6284 sunt
749 6213 929 6285 duodecim
956 6213 1047 6283 lanei
1075 6213 1328 6302 emethonales,
1354 6213 1439 6284 item
1466 6216 1616 6304 quatuor
1641 6212 1872 6305 hortulaniae,

319 6333 404 6404 item
432 6333 519 6405 duae
537 6333 704 6404 tabernae
730 6335 897 6406 habentes
925 6355 1037 6425 agree,
1065 6334 1251 6424 dequibus
1278 6331 1427 6405 solvitur
1452 6339 1490 6406 et
1508 6333 1714 6406 conducitur
1740 6333 1875 6407 decima

321 6454 546 6544 manipularis
573 6458 608 6524 et
625 6455 799 6545 canapalis
825 6476 888 6545 pro
917 6456 1075 6527 custodia
1101 6454 1217 6526 Sancti
1245 6448 1416 6545 Floriani}
1443 6454 1541 6527 valor
1567 6449 1641 6527 eius
1668 6454 1875 6529 aestimatur

324 6574 369 6647 ad
387 6574 565 6649 duodecim
583 6596 727 6649 marcas.
766 6575 854 6649 Item
872 6581 927 6649 est
943 6578 993 6651 ibi
1010 6574 1190 6669 praedium
1217 6575 1395 6649 custodiae
1415 6575 1551 6650 babens
1569 6580 1673 6670 pratu
1692 6579 1728 6650 et
1744 6574 1874 6669 laneos,
