4200 8342
1759 1651 1806 1724 55

258 1846 485 1925 Slabosch
511 1851 706 1926 tenntarins
743 1851 929 1928 modernus
955 1852 1120 1947 probibet
1145 1876 1222 1928 eam
1248 1852 1415 1948 plebano,
1443 1875 1619 1950 asserens,
1647 1858 1738 1949 quod
1766 1859 1810 1931 ad
1914 1896 1917 1902 ·
1989 1855 1991 1863 '

256 1973 546 2064 praebendarium
573 1977 679 2048 castri
705 1973 908 2068 Oczyecz
934 1978 1111 2068 pertinere
1138 1976 1292 2050 deberet.

447 2176 456 2188 .
873 2096 1202 2171 Hnnmanowrczu.
1281 2163 1283 2167 .

363 2215 475 2307 Villa,
501 2216 639 2292 habens
670 2212 706 2288 in
742 2236 780 2289 se
805 2218 1039 2309 parochialem
1067 2219 1246 2289 ecclesiam
1272 2219 1441 2310 ligneam,
1468 2218 1595 2292 Sancto
1622 2221 1810 2295 Bartholo-

256 2356 358 2409 maeo
393 2337 559 2429 dmatam,
586 2338 685 2410 cnins
720 2339 916 2430 proprietas
944 2338 988 2410 ad
1014 2338 1287 2410 illustrissimum
1313 2337 1478 2413 Poloniae
1504 2354 1621 2432 regem
1648 2343 1810 2433 pertinet,

256 2457 295 2529 in
322 2478 392 2555 qna
413 2464 510 2531 -snnt
523 2460 670 2551 -rviginti
696 2480 766 2532 sex
792 2460 885 2532 lanei
911 2460 1163 2550 emethonales,
1190 2460 1234 2532 de
1262 2461 1573 2551 quibusomnibns
1599 2462 1749 2537 solvitur
1775 2469 1810 2535 et

257 2578 463 2652 conducitur
496 2579 641 2652 dec-a*
664 2580 964 2672 manipulas-iser
981 2581 1155 2672 canapmis
1182 2601 1246 2673 pro
1273 2580 1378 2652 altari
1404 2579 1553 2654 Sanctae
1579 2582 1747 2675 Agnetis,
1775 2588 1811 2656 ct

256 2718 323 2791 per
349 2686 500 2791 quatuor
522 2702 673 2794 -ierngas
708 2703 898 2793 canapalis,
924 2709 962 2774 et
986 2692 1086 2775 valor
1112 2702 1190 2774 eins
1214 2702 1419 2803 aestimatur
1444 2702 1488 2775 ad
1515 2685 1641 2795 viginti
1666 2725 1811 2776 marcas.

256 2820 346 2893 Item
382 2827 437 2893 est
470 2822 521 2893 ibi
547 2843 653 2896 unum
679 2822 859 2915 praedium
886 2824 1037 2915 regium,
1064 2824 1148 2895 item
1174 2844 1244 2895 nna
1269 2825 1434 2915 taberna,
1460 2824 1593 2898 habens
1620 2834 1739 2916 agros,
1766 2824 1811 2897 de

258 2942 384 3033 quibus
412 2942 558 3016 solvitur
594 2942 728 3016 decima
752 2944 979 3035 manipularis
1006 2944 1172 3016 ecclesiae
1197 2950 1235 3015 et
1261 2944 1409 3035 plebano
1434 2945 1472 3016 in
1497 2944 1812 3038 Hermanowy-

257 3081 353 3153 cze;
378 3065 463 3136 item
489 3069 545 3136 est
570 3065 630 3137 ibi·
646 3065 821 3156 scoltetns,
849 3065 908 3156 qni
935 3085 1013 3136 cnm
1040 3065 1112 3139 sus
1140 3064 1348 3137 hortulaniis
1375 3065 1481 3138 solvit
1507 3064 1675 3138 decimam
1699 3067 1810 3138 mani-

256 3183 413 3275 pularem
440 3185 588 3277 plebano
624 3187 660 3257 in
686 3185 1093 3276 Hermanowyc103
1121 3186 1292 3258 itam'est
1317 3187 1367 3258 ibi
1384 3187 1630 3259 unnalanens
1657 3188 1809 3259 emetha

255 3306 365 3397 uelis,
392 3307 452 3398 qni
487 3308 702 3379 absmactus
722 3313 775 3379 est
810 3308 846 3378 in
881 3304 1249 3399 praedium-ereginm,
1275 3313 1313 3379 et
1338 3324 1408 3380 non
1435 3304 1663 3381 sine'ininria
1688 3308 1810 3380 altaris

257 3425 409 3519 praelati
435 3418 584 3499 Sanctae
610 3426 767 3519 Agnetis,
795 3426 838 3499 de
865 3448 933 3518 qno
950 3428 1119 3518 plebanus
1132 3428 1302 3532 decimam
1320 3429 1424 3518 tollit,
1442 3449 1513 3500 nna
1530 3429 1810 3520 cnrn'praediali3

256 3547 366 3641 habet
392 3550 497 3621 etiam
524 3548 941 3641 plebannsmedietatem
967 3549 1060 3625 lanei
1078 3548 1304 3643 emethoualis
1326 3549 1394 3622 sibi
1411 3548 1811 3640 testamento'donatam,

257 3670 320 3742 sed
356 3669 399 3749 de
434 3670 495 3742 illa
529 3669 735 3761 pro‘altari
770 3669 962 3745 decimatur
988 3671 1023 3741 in
1047 3666 1265 3767 ponitbwum'.
1304 3671 1393 3742 Item
1420 3676 1475 3742 est
1500 3671 1550 3743 ibi
1576 3670 1810 3743 molendinum

256 3811 373 3881 unum,
399 3791 555 3863 sednon
581 3792 689 3864 babet
714 3808 863 3882 agressa·
1564 3817 1566 3820 ·

364 3910 662 4003 Gomorrrcrn,
687 3913 865 3984 villa-snb
891 3911 1059 4004 parochia
1075 3912 1240 3983 ecclesiae
1259 3910 1301 3983 de
1319 3910 1705 4005 Hermanowycze
1733 3913 1810 4003 site,

256 4035 355 4105 cuins
381 4034 579 4125 proprietas
605 4033 651 4106 ad
677 4035 943 4106 serenissimum·
961 4033 1128 4106 Polonioe
1152 4044 1271 4133 regem
1298 4033 1460 4123 pertinet,
1487 4033 1523 4104 in
1551 4054 1621 4124 qua
1648 4039 1730 4105 sunt
1748 4053 1809 4104 sex

254 4155 348 4227 lanei
374 4160 409 4226 et
435 4176 505 4226 nna
530 4154 631 4245 virga
657 4155 892 4247 amethonalis‚
918 4156 1001 4227 item
1029 4176 1098 4225 una
1123 4155 1280 4244 taberna,
1306 4154 1439 4226 habeus
1465 4174 1586 4246 agros,
1613 4153 1656 4227 de
1683 4153 1808 4245 quibus

246 4254 418 4348 'omnibus
452 4275 601 4347 solvitur
635 4280 671 4346 et
697 4276 909 4348 conducitur
943 4275 1077 4347 decima
1111 4273 1336 4364 manipularis
1372 4275 1476 4346 altari
1501 4273 1648 4346 Sanctae
1674 4273 1810 4345 Mariae

257 4395 494 4488 Magdalcuae,
521 4403 559 4468 et
585 4396 725 4468 solvunt
749 4415 813 4488 per
840 4402 989 4488 quatuor
1016 4396 1156 4486 ierngas
1169 4394 1349 4467 ¹decimam
1376 4396 1509 4487 canapi,
1537 4394 1574 4469 et
1599 4397 1698 4468 valor
1716 4394 1810 4466 deci·

258 4538 334 4590 mae
369 4518 414 4590 ad
430 4523 522 4590 -onto
558 4538 693 4590 marcas
728 4519 952 4608 aestimatum
977 4518 1062 4590 item
1088 4516 1309 4588 hortulaniae
1336 4537 1405 4588 non
1433 4522 1523 4589 sunt.
1562 4516 1652 4590 Item
1680 4521 1734 4588 est
1760 4516 1810 4587 ibi

258 4640 425 4730 septimus
450 4639 582 4729 laneus,
609 4640 669 4730 qni
695 4640 777 4712 olim
804 4645 881 4711 erat
907 4638 1127 4729 scoltetialis,
1154 4643 1190 4710 et
1216 4637 1379 4711 redactus
1406 4645 1461 4710 est
1486 4639 1523 4709 in
1550 4632 1811 4727 cmethonalem,

258 4758 301 4831 de
327 4781 396 4851 qno
422 4759 614 4832 decimatur
641 4760 805 4832 ecclesiae
831 4761 868 4831 in
893 4758 1291 4852 Hermauowycze.
1486 4766 1488 4771 '

922 4881 1149 4955 Pnznnmra

361 5001 464 5093 Villa
490 5002 623 5076 habene
650 5003 829 5075 ecclesiam
856 5002 1100 5094 parochialem,
1118 5001 1244 5074 Sancto
1271 5001 1416 5074 Nicolao
1443 4999 1632 5074 consessori
1650 4988 1821 5091 dicatam,¹

256 5121 406 5215 ligneam
432 5124 469 5195 in
495 5144 543 5213 se,
569 5124 667 5195 cnins
693 5124 889 5216 proprietas
917 5123 963 5195 ad
988 5123 1246 5195 serenissimum
1273 5123 1436 5195 Poloniae
1453 5123 1751 5214 regem-pertinet,
1770 5123 1816 5192 in'

258 5265 327 5337 qua
353 5249 436 5315 snnt
460 5244 552 5317 lanei
578 5245 820 5335 cunethouales,
847 5251 884 5317 et
909 5245 1056 5337 quilibet
1081 5243 1124 5315 de
1150 5243 1250 5315 laneo
1276 5249 1415 5316 tenetur
1440 5245 1575 5316 sol-rere
1593 5264 1659 5334 pro
1677 5242 1810 5315 decima

257 5363 430 5456 pecuniali
460 5364 550 5437 duos
584 5363 738 5437 iertems
773 5366 924 5439 latorum
958 5385 1179 5457 grossornmg
1213 5365 1298 5436 item
1333 5364 1493 5437 scoltetia
1528 5368 1584 5435 est
1616 5364 1684 5454 ibi,
1721 5383 1810 5455 qnae

259 5485 364 5559 solrit
397 5485 544 5576 plebano
562 5492 608 5577 ,et
632 5486 799 5559 ecclesiae
826 5488 862 5558 in
888 5486 1152 5578 Praeginya
1177 5507 1242 5576 pro
1270 5485 1403 5559 decima
1428 5486 1599 5576 pecuniali
1627 5484 1713 5557 dnos
1739 5484 1808 5556 ier-

258 5612 358 5680 tonea
383 5605 534 5679 latorum
560 5626 772 5698 grossorum.
797 5609 885 5679 Item
911 5608 1058 5681 ecclesia
1083 5609 1118 5678 in
1141 5607 1408 5699 Przeginya
1434 5608 1542 5679 habet
1568 5607 1618 5679 ibi
1644 5607 1807 5698 proprios
1927 5695 1929 5698 Ι

259 5747 361 5818 agros
397 5732 433 5800 et
457 5734 569 5820 prata,
596 5748 662 5819 pro
688 5749 751 5821 sno
777 5727 921 5820 praedio
948 5735 985 5799 et
1009 5729 1233 5817 necessitate3
1259 5728 1344 5800 item
1371 5728 1475 5801 solvit
1501 5727 1648 5819 quilibet
1673 5728 1809 5798 ratione

258 5845 411 5920 mandrae
443 5849 593 5941 plebano
628 5869 733 5921 unam
767 5869 963 5921 mensnram
996 5848 1145 5940 siliginis
1181 5853 1217 5921 et
1242 5870 1346 5922 unam
1373 5867 1520 5938 arenae;
1547 5849 1630 5919 item
1656 5869 1725 5920 non
1753 5852 1808 5919 est

258 5968 308 6041 ibi
332 5969 523 6062 praedium.
1425 6020 1427 6025 -

360 6087 507 6183 Osmr,
532 6088 617 6164 villa
652 6093 723 6165 snb·
751 6090 917 6184 parochia
940 6089 986 6162 de
1013 6089 1276 6183 Przeginya
1302 6089 1389 6181 sita,
1416 6088 1514 6163 cuins
1540 6089 1738 6182 proprietas
1763 6088 1809 6163 ad
1847 6084 1850 6089 ’

258 6209 514 6284 serenissimum
539 6211 706 6285 Polouiae
730 6232 851 6303 regem
876 6213 1035 6303 pertinet,
1063 6212 1100 6284 in
1128 6233 1196 6302 qna
1221 6216 1303 6283 sunt
1328 6211 1421 6282 lanei
1447 6211 1697 6302 cmethoncdes,
1724 6213 1808 6285 item

257 6331 434 6424 tabernae,
459 6333 544 6406 item
569 6333 806 6424 hortulaniae‚
833 6332 1029 6424 dequibus
1056 6333 1215 6404 omnibns
1243 6330 1392 6403 solvitur
1418 6337 1454 6404 et
1480 6331 1687 6405 conducitur
1712 6332 1805 6404 deci-

258 6473 315 6526 ma
338 6453 565 6545 manipnhrls
591 6459 628 6526 et
654 6453 829 6545 cauapnlis
854 6473 919 6544 pro
946 6452 1092 6525 ecclesia
1118 6453 1155 6523 iu
1180 6450 1451 6545 Praeginya,
1474 6459 1513 6525 et
1539 6446 1638 6551 vetar
1663 6454 1739 6526 eina
1757 6451 1803 6529 ad
1914 6522 1918 6538 ,

259 6625 301 6651 ..
328 6627 337 6648 .
363 6580 506 6649 marcas.
1654 6598 1667 6651 ·.
1697 6572 1852 6663 aad
