4200 8342
1746 1557 1818 1633 511

266 1754 395 1836 duodus
429 1759 732 1843 mcbidiaoonatua
766 1760 1065 1837 Zauicluostensls.
1109 1760 1149 1836 lu
1176 1784 1247 1856 qua
1272 1769 1354 1836 sunt
1388 1783 1449 1837 sex
1477 1783 1554 1837 cum
1588 1762 1702 1838 medio
1728 1763 1820 1839 lanei

265 1881 525 1972 mothonules,
551 1881 635 1954 item
660 1888 744 1955 tres·-
761 1882 944 1975 tabernae,
970 1886 1054 1956 item
1082 1888 1230 1976 quatuor
1254 1884 1474 1959 hortulaniae
1507 1884 1676 1959 babentes
1708 1905 1820 1978 agros,
1903 1913 1907 1920 ·

265 2002 351 2077 lm
385 2001 567 2094 praedium
602 2003 899 2095 archidiaconale,
933 2003 1129 2097 dequibus
1163 2005 1322 2078 omnibns
1357 2005 1505 2079 solvitur
1539 2012 1577 2078 et
1613 2005 1819 2079 conducitur

263 2118 402 2196 decima
428 2123 654 2214 manipularis
681 2129 718 2196 et
743 2125 933 2216 panopolis,
964 2145 1029 2217 pro
1056 2125 1340 2199 archidiaconatu
1364 2124 1523 2217 praelato
1548 2125 1820 2216 Zamcbostauai,

267 2244 367 2316 cuius
392 2243 493 2316 valor
518 2243 724 2317 ominatur
750 2243 795 2316 ad
821 2243 937 2318 decem
964 2264 1108 2317 marcas.

370 2363 557 2455 anenno,
584 2363 668 2436 villa
684 2364 750 2437 sub
773 2365 938 2455 parocbia
963 2365 1007 2437 de
1025 2364 1396 2458 Szuyeczecbow
1423 2366 1507 2456 sita,
1534 2365 1632 2438 auios
1648 2365 1818 2469 baoeedas

264 2502 331 2577 pro
349 2503 420 2557 una
445 2482 738 2559 sorteJobannes
765 2483 1041 2577 Gzyzowslry
1072 2486 1115 2558 de
1134 2486 1240 2559 umis
1265 2485 1522 2576 Poinkoza,
1549 2485 1817 2559 inalteravero

259 2588 362 2678 'surm
388 2609 472 2677 runt
497 2605 624 2679 Petrus
650 2611 687 2677 et
712 2604 878 2678 Nicolaus
903 2605 1217 2709 Racbawscuy
1243 2606 1286 2678 de
1313 2607 1419 2678 armis
1440 2598 1638 2699 ¹Bylyna
1678 2606 1719 2678 In
1747 2626 1816 2699 qua

264 2724 461 2818 quindecim
486 2724 580 2799 lond
606 2726 858 2817 cmetbonales,·
879 2725 1070 2819 dequibus
1091 2725 1244 2799 solvitur
1269 2734 1307 2819 et
1323 2726 1528 2799 conducitur
1545 2726 1679 2800 decima
1703 2714 1815 2800 nrani-

261 2840 396 2938 pularis
422 2852 459 2919 et
484 2846 660 2937 canapalia
686 2846 982 2919 archidiaconatui
1006 2846 1296 2938 Zuwicbostensi,
1323 2853 1359 2919 et
1385 2847 1483 2919 valor
1509 2846 1585 2938 eius
1611 2846 1815 2919 aestimatur

263 2962 309 3039 ad
322 2965 521 3058 ¹'quindecim
538 2984 682 3047 marcas.
726 2966 814 3039 Item
831 2973 915 3039 sunt
932 2968 982 3039 ibi
999 2967 1151 3059 quinque
1167 2967 1261 3039 lanei
1278 2967 1527 3057 cmetbonales‚
1554 2966 1592 3038 in
1610 2967 1705 3058 agris
1724 2963 1815 3039 mili·

261 3086 338 3159 tum
364 3088 486 3177 locati,
522 3087 607 3160 item
632 3085 702 3160 duo
728 3087 873 3178 praedia
901 3087 1085 3179 militaria,
1121 3087 1164 3159 de
1192 3088 1316 3179 quibus
1351 3087 1543 3163 decimatur
1577 3086 1743 3160 mesiae
1758 3089 1760 3093 '
1777 3088 1813 3159 in

242 3203 616 3298 uneczecnow,
651 3212 689 3280 et
719 3207 818 3281 valor
852 3208 927 3280 cius
962 3207 1007 3280 ad
1033 3227 1095 3280 sex
1130 3227 1265 3282 marcas
1300 3208 1513 3281 aestimatur.
1560 3207 1650 3281 Item
1681 3213 1736 3283 aa
1762 3206 1813 3280 ibi

261 3310 507 3401 ma'tabernc
531 3328 664 3402 babens
700 3340 823 3419 agros,
858 3329 942 3400 item
969 3328 1191 3400 bortulaniae
1224 3347 1288 3403 aex
1313 3329 1481 3402 babentes
1508 3346 1631 3421 agros,
1669 3327 1711 3400 de
1738 3327 1814 3418 qui-

262 3446 329 3521 llu's
352 3449 483 3538 partim
519 3448 711 3522 decimatur
737 3448 1031 3522 archidiaconatui
1057 3448 1337 3540 hdcbostensb
1368 3455 1416 3522 et.
1430 3449 1558 3541 partim
1584 3447 1751 3522 ecclesiae
1776 3448 1812 3519 in

261 3565 644 3661 Suuyeczecbow.

318 3796 324 3813 '
364 3808 459 3882 Villa
474 3809 607 3882 babens
624 3809 859 3900 parochialem
876 3689 1169 3901 emlddsdaxdrnffm
1196 3862 1311 3879 .....
1328 3809 1425 3882 caina
1442 3809 1639 3900 proprietas
1657 3807 1702 3881 ai
1721 3862 1729 3879 .
1747 3862 1756 3879 .
1774 3862 1809 3879 ..

911 4032 1163 4106 Pronnnurru.

363 4154 460 4228 villa
485 4153 616 4227 babens
642 4154 679 4226 in
705 4174 744 4227 se
769 4144 951 4227 ecclesiam
977 4153 1222 4246 parochialem,
1248 4173 1312 4244 per
1329 4152 1572 4245 Sbigneum
1598 4151 1807 4231 munden

259 4282 297 4351 at
322 4277 519 4369 episcopum
554 4273 817 4350 Gracorieosem
835 4275 1005 4348 lateritio
1041 4295 1140 4348 muro
1167 4273 1392 4366 fabricatam,
1418 4281 1456 4349 et
1481 4275 1608 4348 Sancto
1634 4271 1808 4346 Stanislao

259 4396 432 4475 ot'Bcato
458 4396 611 4470 'lbomae
637 4395 807 4488 Apostolo
839 4396 1008 4487 dicatam
1035 4396 1134 4469 cuius
1159 4396 1356 4495 proprietas
1381 4396 1536 4488 pertinet
1560 4395 1605 4467 ad
1631 4395 1809 4486 episcopa·

259 4523 335 4591 tum
360 4515 632 4591 Oracouieuaem.
658 4516 699 4589 In
727 4536 795 4609 qua
821 4523 903 4590 sunt
929 4517 1074 4609 triginta
1099 4517 1193 4589 lanei
1219 4516 1464 4607 cmetbonules‚
1490 4518 1574 4589 item
1601 4520 1675 4588 tres
1692 4514 1808 4587 taber-

259 4656 326 4709 nae
351 4637 520 4710 babentes
538 4656 658 4728 agros,
684 4638 768 4710 item
794 4657 864 4709 una
889 4637 1088 4709 hortulania
1106 4636 1238 4709 babens
1257 4658 1369 4728 agros,
1387 4638 1471 4708 item
1489 4642 1544 4708 est
1561 4634 1610 4706 ibi
1627 4632 1807 4724 praedium

259 4758 453 4851 episcopale
478 4759 655 4851 optimum,
682 4757 877 4849 dequibus
903 4758 1062 4830 omnibus
1088 4757 1236 4830 soluitur
1262 4762 1299 4828 et
1325 4756 1528 4828 conducitur
1545 4755 1679 4826 decima
1695 4752 1806 4826 mani-

258 4878 390 4971 pularis
416 4885 452 4952 et
478 4879 651 4971 cenapolis
678 4898 741 4969 pro
768 4877 914 4950 ecclesia
940 4884 976 4950 et
1000 4878 1148 4968 plebano
1172 4877 1210 4948 in
1236 4876 1525 4969 Pyotrawyn,
1553 4880 1589 4947 et
1615 4873 1713 4947 valor
1729 4872 1805 4946 eius

258 4999 305 5073 ad
338 4999 484 5091 triginta
518 5019 652 5070 marcas
688 5000 902 5071 aestimatur.
941 4998 1028 5069 Item
1064 4995 1211 5069 ecclesia
1237 5002 1274 5068 et
1299 4995 1466 5087 plebanus
1492 4996 1600 5068 habet
1626 5012 1730 5084 agros
1756 4993 1805 5066 ibi

258 5118 388 5194 liberos
413 5127 451 5193 et
475 5127 589 5213 prata,
606 5120 747 5192 curiam
773 5124 810 5192 et
831 5119 1035 5210 pomerium,
1062 5136 1127 5209 pro
1153 5136 1216 5190 sno
1243 5116 1385 5209 praedio
1412 5123 1449 5189 et
1474 5115 1691 5189 necessitate.
1716 5114 1804 5187 Item

258 5246 342 5315 ant
366 5241 416 5315 ibi
443 5240 502 5313 ulii
528 5242 679 5333 quinque
706 5240 798 5312 lanei
824 5239 1067 5330 cmetbonales,
1094 5237 1139 5310 ad
1156 5239 1405 5330 proprietatem
1423 5236 1562 5329 plebani
1580 5236 1803 5328 pertinentes,

258 5368 295 5434 et
321 5362 466 5454 quilibet
492 5382 611 5435 eorum
638 5361 743 5435 soluit
769 5382 832 5452 pro
859 5360 948 5433 leste
976 5359 1094 5431 Sancti
1120 5356 1290 5434 Jobannis
1316 5378 1378 5432 aex
1403 5376 1553 5449 moseos,
1580 5363 1616 5431 ct
1633 5375 1697 5450 pro
1714 5354 1802 5430 testo

258 5480 376 5556 Sancti
409 5481 555 5556 Martini
590 5482 677 5555 alios
711 5502 774 5554 sex
809 5501 951 5572 grossos
986 5479 1133 5571 plebano
1170 5499 1233 5571 pro
1261 5500 1383 5570 censu,
1409 5485 1447 5550 et
1473 5478 1619 5570 quilibet
1644 5476 1802 5549 laborare

255 5608 397 5676 unam
422 5601 509 5676 duos
536 5603 671 5676 diesin
699 5602 891 5693 septimana
917 5601 1060 5693 proprio
1086 5621 1191 5673 curru
1217 5607 1280 5673 aut
1305 5606 1432 5689 aratro,
1450 5619 1514 5689 pro
1531 5596 1688 5689 plebano.
1714 5596 1802 5668 Item

258 5729 340 5796 aunt
364 5724 415 5796 ibi
439 5730 512 5797 tres
537 5725 722 5814 tabernae,
749 5723 917 5797 babentes
943 5723 1104 5814 proprios
1129 5742 1251 5813 agros,
1279 5719 1322 5792 de
1349 5720 1563 5811 proprietate
1589 5716 1738 5809 plebani,
1765 5723 1802 5789 et

258 5842 432 5936 quaelibet
457 5844 562 5918 solvit
587 5866 650 5936 pro
678 5864 783 5917 censu
808 5843 956 5935 plebano
984 5848 1057 5915 tres
1084 5841 1247 5931 fertones,
1274 5846 1311 5911 et
1328 5844 1480 5929 coquunt
1499 5837 1679 5910 cervisiam
1697 5835 1802 5910 alter-

257 5963 350 6036 natis
376 5964 510 6037 vicibus
536 5985 600 6056 pro
627 5965 784 6056 plebano.
811 5963 896 6036 Item
923 5963 1091 6055 plebanus
1117 5962 1225 6035 babet
1250 5960 1298 6031 ibi
1316 5959 1634 6049 duosbortulanos,
1653 5957 1801 6030 sednon

256 6085 386 6158 babent
412 6104 534 6178 agros,
561 6104 699 6157 censum
725 6104 794 6157 non
821 6085 979 6175 solvant,
1004 6083 1068 6157 sed
1094 6081 1239 6175 quilibet
1262 6079 1400 6152 laborat
1426 6079 1516 6153 diem
1542 6075 1739 6171 pedestrem
1764 6077 1800 6149 in

250 6207 458 6301 septimana
624 6266 627 6271 .

257 6380 262 6391 -
310 6386 326 6415 ,
356 6328 558 6404 Notandum
586 6335 711 6417 antem
735 6326 830 6418 quod
855 6328 891 6400 in
918 6325 1077 6418 praelata
1102 6323 1248 6398 eodesia
1273 6325 1308 6395 in
1334 6323 1611 6417 Pyotrcwyn
1636 6322 1799 6397 Beatissi-

250 6468 333 6533 ¹nucu
359 6449 551 6527 Stomalam
587 6447 824 6525 Utummensis
851 6449 1051 6541 episcopus,
1077 6451 1212 6538 martyr
1237 6450 1273 6521 et
1297 6442 1469 6541 pontifex,
1496 6442 1798 6538 stupendissinum
