4200 8342
1771 1651 1847 1726 323

295 1856 364 1908 non
391 1840 481 1925 suut,
508 1834 551 1906 dc
578 1836 703 1927 quihus
731 1839 889 1940 omnijs
914 1842 1065 1922 solvitur
1091 1848 1127 1915 et
1152 1843 1361 1950 conducitur¹
1395 1847 1529 1954 decima
1553 1853 1781 1943 manipularis
1812 1863 1848 1930 et

296 1979 359 2049 per
385 1978 447 2032 sex
471 1957 642 2048 ligaturas
668 1960 863 2051 canapalis,
889 1983 953 2052 pro
981 1964 1128 2036 ecclesia
1153 1965 1190 2035 in
1217 1965 1411 2058 Ossyek‚
1448 1975 1484 2041 et
1510 1971 1609 2045 valor
1636 1974 1712 2046 stris
1739 1979 1845 2073 aesti-

296 2084 412 2154 matur
438 2078 483 2152 ad
501 2132 616 2150 .....
643 2081 732 2154 Item
759 2082 939 2172 praedium
967 2105 1036 2158 uon
1064 2091 1128 2158 est.

399 2199 603 2292 Tuscuow,
638 2202 722 2276 villa
748 2203 812 2276 suh
839 2204 1004 2293 parochia
1030 2205 1074 2278 de
1101 2205 1369 2280 Chorzclow
1404 2212 1489 2299 sita,
1527 2213 1625 2286 cuius
1652 2219 1860 2308 proprietas

295 2324 340 2396 ad
358 2322 624 2398 serenissimum
649 2323 816 2396 Poloniae
852 2345 970 2415 regem
996 2326 1161 2416 pertinet.
1205 2327 1245 2398 ln
1273 2336 1449 2417 quaeunt
1483 2332 1576 2404 lanei
1603 2315 1847 2427 emethonules,

295 2446 377 2516 item
403 2445 570 2518 tabernae
597 2446 757 2537 quinque,
783 2445 868 2518 item
894 2445 1128 2537 mensurae,
1155 2448 1238 2520 item
1265 2449 1446 2538 praedium
1473 2454 1626 2543 regium,
1653 2455 1848 2546 dequibus

295 2566 453 2640 omuibus
479 2565 627 2640 soluitur
644 2572 682 2640 et
699 2565 902 2644 conducitur
929 2565 1064 2640 decima
1089 2568 1371 2663 nrampulariset
1388 2592 1452 2661 per
1478 2593 1539 2644 sex
1557 2573 1726 2663 ligaturas
1744 2598 1845 2649 cana-
1896 2627 1898 2631 .
1975 2589 1977 2594 '

294 2688 383 2778 palis
407 2709 472 2779 pro
499 2687 645 2760 ecelesia
670 2688 708 2760 in
734 2686 930 2781 Ossyek‚
957 2694 993 2761 et
1020 2688 1119 2761 ualor
1145 2690 1221 2764 eius
1247 2692 1454 2764 aestimatur
1481 2692 1525 2765 ad
1544 2748 1689 2766 ......

397 2809 592 2899 Boream,
618 2808 784 2901 oppidum
809 2810 953 2900 regium,
979 2809 1017 2882 iu
1043 2830 1112 2899 quo
1126 2810 1230 2884 sales
1257 2811 1477 2892 effodiuntur.
1517 2814 1558 2885 ln
1586 2836 1654 2905 quo
1682 2817 1848 2908 oppidani
1869 2819 1877 2831 “

294 2953 338 3003 ex
364 2930 620 3022 antiquomore
638 2930 845 3020 Bochnensi,
873 2930 1055 3006 solvebant
1072 2932 1237 3004 ecclesiae
1265 2934 1301 3005 in
1328 2933 1508 3025 Ossyek
1534 2956 1598 3025 pro
1620 2934 1848 3012 festovSanoti

294 3052 441 3136 Martini
467 3043 648 3134 duodecim
673 3072 808 3126 marcas
833 3052 985 3126 latorum
1010 3073 1226 3143 grossorum,
1253 3054 1315 3126 sed
1332 3076 1498 3145 processu
1516 3057 1682 3147 temporis
1709 3058 1847 3134 ablatus

293 3178 348 3246 est
371 3194 436 3274 per
460 3194 562 3268 reges
588 3178 625 3246 et
650 3173 824 3265 principes
850 3172 1035 3263 Poloniae3
1072 3195 1173 3264 quem
1200 3195 1278 3247 cum
1304 3174 1433 3250 Paulus
1459 3176 1747 3271 Smylowsky
1773 3179 1847 3270 ple-

293 3296 404 3366 banus
430 3295 466 3366 in
492 3294 591 3367 curia
616 3295 773 3396 Romana
798 3295 967 3387 litigando
993 3316 1201 3388 recuperare
1228 3297 1343 3388 vellet,
1369 3319 1391 3370 a
1418 3296 1587 3371 Gasimiro
1615 3299 1721 3372 tertio
1743 3299 1846 3373 Polo-

293 3417 372 3490 niae
397 3438 480 3508 rege
506 3417 704 3507 prohibitus
730 3422 811 3490 est.

395 3536 510 3618 Villae
534 3538 762 3630 parochiales:
787 3538 951 3630 oppidum
978 3537 1170 3630 Ossyek,
1196 3538 1346 3629 Dluga
1371 3540 1586 3631 herkam..

966 3658 1176 3733 Sruzaoom.
1329 3695 1332 3704 ·

395 3781 490 3854 Villa
522 3781 654 3855 habeus
689 3782 726 3854 in
761 3803 799 3855 se
825 3758 1060 3883 parochialem
1098 3781 1279 3854 ecclesiam
1315 3781 1482 3874 ligneam,
1520 3783 1648 3860 Sancto
1685 3784 1846 3858 Andreae

293 3903 462 3995 apostolo
490 3904 647 3994 dicatam,
674 3904 773 3976 cuius
799 3903 998 3994 proprietas
1014 3884 1334 3976 adserenissimum
1352 3902 1518 3976 Poloniae
1537 3926 1653 3995 regern
1681 3908 1843 3995 pertinet.

291 4027 332 4097 ln
359 4047 429 4117 qua
455 4009 537 4097 sunt
562 4024 653 4098 lanei
684 4023 937 4114 auctionales,
973 4023 1017 4096 de
1044 4023 1169 4115 quibus
1205 4023 1364 4096 omnihus
1399 4023 1548 4095 solvitur
1574 4030 1611 4096 et
1637 4024 1843 4108 conducitur
1957 4083 1962 4094 .

292 4147 426 4221 decima
460 4146 686 4237 manipularis
713 4151 749 4218 et
775 4146 952 4237 canapalis
986 4165 1052 4236 pro
1089 4144 1291 4236 episcopatu
1327 4127 1558 4218 Cracoviensi.
1602 4146 1690 4217 Item
1718 4151 1772 4218 est
1798 4146 1846 4247 ihi

292 4269 473 4360 praedium
500 4268 653 4361 regium,
677 4267 724 4344 ,de
750 4268 849 4340 cuius
875 4266 989 4358 egris,
1005 4266 1081 4358 oui
1108 4263 1279 4356 quondam
1307 4270 1409 4338 erant
1435 4266 1665 4353 scoltetiales‚
1701 4266 1848 4344 solvitur

293 4390 426 4463 decima
452 4390 678 4481 manipularis
706 4388 871 4461 ecelesiae
898 4388 934 4459 in
961 4387 1211 4478 Strzegom.
1255 4387 1344 4458 Item
1371 4385 1479 4458 habet
1505 4408 1608 4477 agros
1635 4387 1868 4460 sufficientes

293 4535 371 4586 cum
396 4512 509 4605 pratis
534 4532 599 4603 pro
625 4510 780 4603 praedio,
806 4510 890 4583 itam
916 4510 1024 4582 hahet
1049 4508 1136 4582 duas
1162 4509 1326 4582 tabernas
1353 4508 1523 4582 hahentes
1550 4529 1663 4599 agros,
1686 4514 1723 4584 a
1741 4529 1845 4599 quae-

293 4635 380 4707 libet
406 4634 512 4716 solvit
537 4655 603 4725 pro
628 4654 735 4706 censu
760 4632 909 4724 plebano
928 4685 1069 4722 ......
1095 4631 1179 4702 item
1205 4630 1313 4704 habet
1338 4629 1505 4722 piscinam
1533 4650 1610 4703 cum
1637 4629 1844 4718 molendino,

292 4757 335 4829 de
363 4778 431 4847 quo
458 4755 608 4848 percipit
631 4759 808 4844 metretas,
835 4759 872 4826 et
888 4759 970 4845 post
986 4751 1219 4825 molendinum
1242 4751 1353 4823 hahet
1370 4772 1474 4842 agros
1493 4750 1687 4841 praediales
1711 4750 1847 4821 noviter
1870 4747 1873 4754 '

293 4880 498 4970 extirpatus
525 4878 609 4949 item
635 4876 742 4950 hahet
767 4876 803 4947 in
830 4874 914 4947 villa
939 4871 1217 4948 Mauors-hin
1253 4877 1334 4961 post
1360 4893 1467 4943 unum
1494 4892 1650 4962 campum
1679 4868 1845 4940 decimam

293 5001 554 5092 manipularem.

397 5122 512 5194 Villae
538 5118 763 5210 parochiales:
790 5117 1069 5207 Strzegom....

444 5295 448 5300 -
934 5236 1206 5310 Nuarsassow.

395 5366 491 5438 Villa
515 5365 648 5440 hahens
673 5363 709 5435 in
737 5384 775 5436 se
801 5359 1038 5453 parochialem
1074 5357 1255 5452 ecelesiam
1281 5356 1448 5446 ligneam,
1484 5352 1687 5433 Visitationi
1713 5351 1844 5424 Beatae

295 5488 430 5558 Mariae
455 5487 613 5578 Virginis
638 5485 801 5575 dicatam,
828 5482 927 5556 cuius
952 5479 1121 5554 haeredes
1147 5476 1451 5571 Wyrzbiatha
1482 5480 1519 5546 et
1545 5471 1749 5546 Leouardus
1776 5470 1846 5550 fra-

295 5613 368 5679 tres
404 5607 448 5680 de
483 5606 584 5680 domo
625 5604 909 5696 (irrisionum,
947 5608 986 5676 et
1025 5601 1176 5675 Thomas
1197 5595 1619 5685 ·Kolacakowszky
1659 5593 1702 5663 de
1819 5592 1850 5662 is
1926 5671 1928 5676 ,

295 5727 490 5816 laniae,
529 5728 628 5800 cuius
653 5727 822 5822 plebanus
848 5725 1035 5808 modernus
1061 5721 1254 5796 Stanislaus
1281 5718 1468 5810 Golyab.
1507 5716 1549 5786 In
1576 5735 1645 5804 qua
1663 5717 1746 5783 sunt
1791 5730 1851 5800 ep-

296 5858 367 5922 tem
393 5848 487 5921 lanei
512 5847 764 5936 emetheuales,
799 5847 843 5920 de
870 5847 995 5938 quibus
1021 5844 1170 5918 solvitur
1197 5842 1330 5934 decima
1355 5835 1586 5928 manipularis
1608 5838 1645 5905 et
1673 5809 1864 5942 cauapulff-

292 5993 359 6064 pro
372 5967 706 6068 ,vicepraepositura
730 5965 1023 6058 Sandomiriensi,
1062 5966 1159 6046 cu'us
1186 5962 1284 6036 valor
1311 5958 1516 6032 aestimatur
1542 5953 1588 6025 ad
1615 5973 1676 6026 sex
1703 5970 1849 6038 marcas

295 6097 380 6168 item
407 6075 560 6165 taberna
580 6109 651 6162 una
675 6089 809 6162 hahens
835 6109 940 6180 agros
964 6088 1114 6180 plebani,
1140 6087 1281 6177 praeter
1308 6099 1411 6172 quam
1438 6077 1508 6149 alia
1533 6075 1629 6150 nulla
1656 6071 1765 6146 locari
1785 6093 1848 6185 po

295 6220 376 6305 test,
402 6212 447 6288 de
472 6231 543 6303 qua
567 6232 591 6286 a
615 6208 772 6302 quohbet
796 6208 936 6298 octuah,
960 6207 1066 6280 datur
1093 6202 1251 6308 quartale
1277 6197 1445 6272 cervisiae
1470 6217 1536 6289 pro
1563 6195 1730 6286 pleban03
1754 6190 1849 6261 atem

297 6341 378 6407 suut
403 6334 440 6404 in
467 6332 588 6406 eadem
614 6330 698 6416 villa
732 6329 801 6406 duo
827 6328 973 6422 praedia
1005 6324 1190 6413 militaria,
1206 6299 1268 6402 'de
1301 6319 1425 6416 quibus
1461 6317 1597 6390 decima
1622 6309 1849 6403 manipularis

294 6456 400 6534 duan
427 6454 594 6536 eeclesiae
619 6454 656 6528 iu
682 6452 997 6545 Hyelsrassow,
1023 6446 1108 6520 item
1131 6449 1186 6522 est
1211 6443 1262 6520 ibi
1287 6440 1530 6544 molendinum,
1557 6437 1618 6511 sed
1646 6445 1716 6506 nou
1742 6429 1850 6504 habet

295 6595 419 6668 “dmi
455 6577 542 6652 iim
576 6574 724 6662 wallah
758 6574 805 6650 in-
834 6570 1149 6670 destrueres
1187 6565 1295 6650 babet
1329 6561 1510 6660 praedium
1545 6560 1674 6638 bonum
1708 6556 1745 6628 in
1780 6552 1849 6628 due
