4200 8342
262 1664 335 1737 aaa
1596 1678 1664 1721 -ω-

261 1878 298 1943 et
324 1872 367 1942 de
394 1871 488 1960 agnis
514 1869 618 1941 etiam
645 1866 881 1959 praedialibus
906 1865 1021 1939 eidem
1039 1866 1188 1957 plebano
1207 1863 1368 1939 Omnium
1387 1864 1595 1941 Sanctorum
1614 1867 1810 1957 decimatur,

261 1995 343 2065 item
371 1992 414 2064 de
441 1991 613 2082 aliquibus
639 1990 746 2061 etiam
773 1988 885 2061 laneis
910 1988 1045 2061 decima
1071 1987 1164 2059 cedit
1191 1987 1357 2061 ecclesiae
1384 1988 1421 2061 iu¹
1447 1988 1718 2063 Bodaano'vu

363 2112 655 2200 danuaowvczu,
682 2111 766 2182 villa
792 2111 857 2183 sub
884 2110 1051 2202 parochia
1079 2110 1121 2180 de
1144 2108 1496 2203 Dzaloschyczc
1523 2108 1722 2202 sita'cuius
1739 2102 1810 2183 bae

260 2256 317 2307 res
343 2234 523 2326 praefatus
550 2232 839 2324 czyzovvshy.
866 2232 906 2304 In
934 2252 1003 2322 qua
1028 2230 1145 2303 decem
1165 2231 1258 2303 lanei
1276 2231 1521 2323 curethonales,
1540 2233 1625 2305 item
1643 2232 1811 2324 tabernae,

259 2358 344 2429 item
378 2355 618 2444 hortulaniae,
645 2354 689 2425 de
722 2354 848 2445 quibus
884 2353 1032 2425 solvitur
1068 2356 1104 2425 et
1138 2352 1344 2425 conducitur
1368 2352 1505 2425 decima
1530 2352 1812 2481 manipularisct

182 2462 185 2467 ’
261 2477 437 2570 canapalis
463 2498 599 2567 pro..

366 2531 746 2687 Scnczouuuuowvcn,
773 2597 857 2669 villa
883 2597 948 2670 sub
975 2597 1142 2688 parochia
1168 2596 1211 2669 de
1237 2550 1592 2689 Dzaloschycae
1620 2596 1702 2689 sita,
1725 2596 1811 2671 cuivs

262 2724 387 2794 haeres
421 2719 599 2812 praefatus
635 2717 913 2811 czyzowsky
947 2718 1126 2791 Johannes
1158 2739 1221 2810 pro
1262 2719 1375 2791 media
1405 2724 1524 2810 parte,
1552 2723 1591 2792 et
1616 2740 1698 2813 pro
1704 2720 1811 2861 alleri

460 2842 483 2912 nl

262 2842 750 3051 pamicrocwsssauuowvczn,
778 2960 861 3033 villa
888 2960 953 3033 sub
979 2962 1145 3052 parochia
1171 2960 1214 3032 de
1242 2960 1591 3054 Dzalosehycze
1619 2890 1701 3055 sita,
1724 2962 1811 3057 cuim
1842 3014 1846 3025 ·

262 3087 385 3159 haeres
412 3084 503 3156 idem
530 3083 811 3176 czyzowsky
839 3137 846 3151 .
874 3137 916 3152 ..

364 3206 712 3295 Jnuuscnowvczs,
739 3204 822 3277 villa
857 3204 922 3275 sub
958 3204 1123 3294 parochia
1159 3204 1202 3276 de
1227 3203 1579 3298 Dzaloscbyczc
1607 3205 1697 3295 sita,
1723 3206 1813 3279 cuius

264 3329 390 3400 haeres
425 3326 577 3399 lacobus
612 3324 888 3419 Kozlovsky
923 3324 966 3397 de
1002 3325 1109 3396 aruris
1145 3325 1370 3417 Vulpium.
1409 3326 1450 3398 ln
1479 3348 1547 3418 qua
1573 3346 1703 3399 novem
1730 3328 1814 3401 lanei

263 3447 508 3538 emethonaleS,
535 3469 578 3519 cx
606 3446 730 3537 quibus
757 3448 825 3519 etsi
851 3468 950 3537 unns,
976 3446 1140 3518 videlicet
1165 3468 1294 3537 nonus,
1323 3448 1450 3519 colitur
1476 3468 1540 3538 pro
1568 3449 1667 3520 curia
1693 3448 1813 3522 nobilis

261 3569 416 3660 praefati,
444 3568 487 3641 de
514 3568 674 3641 omnibus
701 3575 815 3640 tamen
843 3588 977 3659 novem,
1005 3568 1155 3640 solvitur
1180 3574 1216 3640 et
1243 3568 1446 3641 conducitur
1472 3569 1607 3641 decima
1625 3570 1823 3665 manipulum¹

261 3692 311 3763 ris
337 3696 375 3762 et
401 3691 579 3782 canapalis
597 3691 816 3782 praebendae
835 3688 1068 3787 cracoviensi,
1087 3711 1176 3781 quae
1194 3697 1340 3763 vocatur
1357 3690 1649 3785 Doyaszdowska,
1668 3698 1707 3765 ct
1725 3693 1815 3765 valor

261 3813 334 3884 eius
350 3814 568 3886 'aestimatur
593 3812 638 3884 ad
665 3832 788 3884 novem
815 3832 959 3884 marcas.
986 3812 1074 3884 Item
1102 3818 1157 3884 est
1182 3812 1232 3885 ibi
1259 3813 1449 3905 praedium,
1475 3819 1513 3886 et
1539 3813 1630 3887 duae
1657 3814 1811 3889 hortula-

261 3936 340 4006 niae
366 3935 536 4007 habentes
563 3955 669 4025 agros
696 3955 739 4006 ex
765 3933 918 4026 praedio,
938 3934 982 4005 de
1000 3934 1126 4027 quibus
1145 3935 1293 4008 solvitur
1312 3935 1445 4007 decima
1461 3935 1693 4027 manipularis
1712 3937 1814 4011 eccle·
1864 4006 1870 4021 ,

260 4058 332 4129 siae
358 4058 394 4128 in
421 4056 617 4130 Koulovv.
643 4057 733 4129 Item
760 4063 815 4128 est
840 4056 889 4128 ibi
916 4058 1023 4128 tertia
1049 4056 1248 4129 hortulanis
1274 4057 1406 4131 habens
1424 4079 1537 4151 agros,
1556 4078 1650 4151 quac
1668 4058 1813 4141 decimet

263 4178 480 4270 praebendae
508 4178 731 4252 cracoviensi
757 4178 935 4270 praefatae
962 4179 998 4250 iu
1022 4170 1239 4276 enarithmum.

366 4300 619 4392 Praebuere,
646 4301 730 4374 villa
748 4301 812 4374 sub
830 4302 995 4391 parochia
1013 4302 1178 4374 ecclesiae
1196 4302 1233 4373 iu
1249 4302 1596 4394 Dzaloschyczc
1621 4302 1706 4397 sita,
1724 4304 1813 4377 cuius

260 4443 324 4514 pro
350 4420 464 4493 media
490 4427 598 4512 parte,
626 4423 823 4514 proprietas
849 4424 1005 4514 pertinet
1031 4423 1076 4495 ad
1102 4423 1298 4497 Johannem
1316 4423 1371 4497 cz
1380 4424 1563 4519 yzowslr
1573 4446 1608 4517 y,
1635 4428 1675 4499 et
1691 4424 1812 4501 medie·

260 4551 316 4616 tas
343 4542 388 4615 ad
415 4542 550 4615 nobiles
578 4598 585 4612 .
613 4598 620 4612 .
649 4598 656 4613 .
1778 4588 1781 4595 -

366 4664 593 4773 cumvuuow,
621 4665 703 4736 villa
730 4666 794 4737 sub
821 4667 989 4757 parochia
1014 4667 1057 4738 de
1083 4666 1437 4762 Dzaloschycze
1463 4671 1542 4762 sita,
1570 4670 1672 4745 cuius
1693 4670 1812 4743 haeres

259 4787 396 4881 praefat
396 4810 437 4862 ua
465 4787 751 4881 cayzovskp.
779 4788 818 4859 Iu
847 4809 915 4880 qua
941 4788 1082 4861 fuerunt
1109 4790 1190 4861 olim
1217 4790 1309 4863 lanei
1336 4811 1410 4863 crne
1411 4792 1581 4883 thonales,
1610 4791 1673 4867 sed
1692 4780 1834 4871 omuesJ
1872 4790 1889 4901 j

259 4911 415 4984 conversi
444 4910 561 4983 sunt
551 4931 586 4981 ιιι
614 4910 820 5103 praediales,
847 4911 919 4983 et
910 4932 945 4982 ru
973 4913 1055 4984 hort
1057 4912 1201 5003 planias,
1229 4914 1334 4987 solvit
1318 4919 1377 4987 tur
1403 4920 1520 4993 tamen
1548 4914 1692 5057 decuma
1711 4912 1812 4989 mani·
1868 4898 1880 4945 ’·

258 5034 391 5123 palaris
418 5034 461 5106 de
489 5034 629 5105 illis.

737 5297 1036 5402 Praepositura
1071 5296 1346 5403 Kyelcieuala.
1386 5408 1398 5429 ι

364 5514 580 5607 Kyelciensis
616 5518 860 5607 praepositura
894 5524 950 5592 est
983 5520 1186 5611 principalis
1222 5522 1257 5591 in
1284 5519 1430 5595 ecclesia
1456 5519 1643 5613 collegiata
1670 5520 1811 5595 Sanctae

258 5638 395 5710 Mariae
420 5636 646 5730 Kyelciensis,
675 5639 730 5711 cui
757 5638 920 5714 inundatos
943 5643 1130 5734 primarius
1148 5642 1301 5715 eiusdem
1320 5642 1486 5715 ecclesiae
1503 5642 1723 5737 Byethlva
1739 5644 1812 5737 (sia)

257 5762 440 5853 episcopus
477 5759 718 5834 cracoviensis
754 5784 872 5835 curam
909 5766 1119 5838 visitationis
1155 5764 1378 5838 ecclesiarum
1405 5766 1658 5856 parochialium
1686 5766 1813 5841 circum
1828 5754 1867 5805 '³²'

257 5885 350 5956 circa
375 5884 408 5955 K
417 5883 576 5975 yelczc
604 5890 639 5955 et
666 5885 963 5959 Bodzaucziu
992 5888 1148 5979 sitarum,
1176 5888 1277 5959 annis
1305 5887 1450 5978 siugulis
1478 5908 1541 5979 per
1558 5908 1637 5960 enm
1657 5888 1813 5980 fiendam,

256 6007 421 6097 imposuit
448 6012 485 6079 et
509 6008 684 6079 annexuit.
712 6006 819 6081 cuius
846 6009 985 6100 quidem
1012 6010 1277 6102 praepositurae
1304 6008 1540 6103 Kyelciensis,
1567 6015 1604 6082 et
1629 6010 1708 6084 eius
1736 6032 1814 6104 pro

258 6134 421 6201 ventuum
440 6134 477 6201 et
494 6131 646 6201 omnium
665 6131 941 6222 praelaturarum
967 6136 1004 6203 et
1030 6132 1316 6224 praebendarum,
1343 6132 1621 6224 vinariarumque
1648 6134 1815 6207 ecclesiae

257 6250 489 6343 Kyelciensis,
525 6258 562 6322 et
596 6253 748 6323 omnium
785 6253 963 6345 villarum,
992 6274 1080 6346 quae
1107 6257 1183 6327 iure
1209 6254 1402 6346 parochiali
1428 6254 1474 6327 ad
1500 6254 1682 6329 eeclesiam
1709 6254 1816 6350 Kyel·

256 6373 405 6445 ciensem
432 6374 619 6464 pertinent,
645 6373 787 6445 fecimus
814 6374 1081 6467 descriptionem
1108 6377 1144 6449 in
1172 6377 1315 6468 speciali
1334 6383 1503 6470 regestro,
1523 6377 1615 6470 qaod
1633 6377 1678 6451 de
1697 6378 1816 6451 cathe-

256 6492 345 6564 drali
372 6494 517 6567 eeclesia
541 6494 763 6568 cracoviensi
799 6503 835 6569 et
862 6497 906 6571 de
932 6500 1092 6572 omnibus
1119 6499 1312 6592 collegiatis
1340 6499 1506 6591 ecclesiis,
1533 6497 1703 6574 dioecesis
1731 6499 1818 6575 Gra*

257 6612 428 6697 mansio
464 6616 690 6713 confecimus,
716 6624 754 6692 et
788 6616 868 6693 ideo
902 6621 962 6695 hic
985 6620 1101 6701 iacere
1135 6618 1231 6702 illum
1265 6621 1479 6699 obmisimus.
1520 6620 1673 6701 Nomina
1698 6626 1818 6713 auen
