4200 8342
271 1641 341 1723 186

270 1859 362 1931 lanei
389 1843 630 1945 cmethonales,
656 1855 692 1926 et
719 1844 762 1925 de
788 1846 946 1925 omuibus
973 1842 1122 1951 solvitur
1147 1856 1183 1923 et
1210 1844 1412 1927 conducitur
1438 1842 1572 1924 decima
1590 1843 1826 1943 manipularis

268 1986 304 2050 et
330 1978 513 2068 canapalis
529 1997 593 2066 pro
620 1975 830 2048 monasterio
857 1950 1052 2065 Mogilen's'i,
1080 1975 1178 2045 cuius
1205 1971 1303 2046 valor
1329 1973 1535 2045 aestimatur
1557 1974 1604 2044 ad
1622 1973 1826 2064 quindecim

267 2119 408 2168 marcas.
445 2098 533 2168 Item
568 2096 786 2169 hortulaniae
811 2116 881 2167 non
908 2100 1006 2185 sunt,
1032 2113 1144 2185 neque
1170 2094 1359 2185 praedium.
1396 2093 1484 2166 Item
1512 2100 1568 2166 est
1594 2094 1645 2166 ibi
1671 2094 1826 2166 taberna

266 2218 421 2309 scolteti,
448 2237 535 2307 quae
562 2217 712 2288 decimat
737 2217 773 2286 iu
796 2213 1011 2311 ponytdccam
1037 2236 1101 2305 pro
1128 2215 1348 2286 monasterio.
1383 2214 1472 2287 Item
1499 2215 1661 2286 scoltetia
1688 2222 1745 2285 est
1773 2215 1825 2285 ibi

266 2338 398 2410 habens
433 2332 521 2410 duos
555 2338 692 2427 laneos,
720 2337 762 2407 de
790 2336 913 2426 quibus
940 2335 1088 2407 solvitur
1115 2335 1246 2407 decima
1273 2335 1498 2424 manipularis
1526 2336 1568 2406 in*
1587 2333 1822 2431 poaytdwam,

266 2479 330 2550 pro
356 2450 566 2531 monasterio
593 2459 629 2527 iu
655 2456 851 2547 Mogyla.
877 2456 965 2526 Item
993 2456 1140 2545 quilibet
1158 2456 1294 2526 cmetho
1313 2455 1356 2541 de
1373 2455 1474 2526 laneo
1491 2461 1632 2527 tenetur
1649 2455 1822 2525 ecclesiae

266 2564 457 2669 parochiarii
474 2579 510 2648 in
528 2576 678 2649 Dobsz
688 2597 796 2667 ycze
823 2583 859 2647 et
876 2577 949 2647 eius
967 2576 1124 2665 plebano,
1139 2574 1225 2646 duos
1239 2575 1364 2646 choros
1378 2575 1525 2666 siliginis
1539 2582 1575 2647 et
1588 2581 1662 2647 tres
1676 2596 1821 2647 avenae.

642 2704 646 2709 ’
928 2694 1150 2766 W1szruczn'.
1477 2692 1480 2697 ’
1623 2754 1639 2769 „

368 2817 463 2889 Villa
488 2817 620 2888 habens
646 2809 682 2886 iu
709 2837 746 2887 se
772 2815 1003 2906 parochialem
1030 2812 1209 2884 ecclesiam
1236 2813 1395 2904 ligneam,
1423 2815 1555 2888 Sanct.
1582 2871 1590 2886 .
1618 2872 1626 2886 .
1653 2817 1819 2906 dicatam,

268 2938 364 3010 cuius
390 2938 514 3010 haeres
540 2937 732 3010 Dobeslaus
758 2935 954 3027 Kmytha
979 2933 1154 3025 palatinus
1181 2932 1470 3008 Sandomiriensis
1497 2937 1662 3009 dedomo
1690 2937 1820 3010 Srze

266 3080 431 3150 nyawa.
457 3057 498 3129 Iu
525 3078 593 3149 qua
619 3064 700 3130 sunt
726 3057 816 3128 lanei
843 3055 1085 3144 emethonaleS,
1113 3055 1196 3124 item
1222 3055 1398 3144 tabernae,
1421 3057 1505 3128 item
1523 3057 1758 3147 hortulaniae‚
1778 3058 1820 3129 de

253 3180 390 3271 *quibus
417 3178 564 3251 solvitur
590 3184 626 3253 et
651 3177 853 3249 conducitur
880 3177 1012 3247 decima
1038 3175 1264 3266 manipularis
1291 3181 1328 3246 et
1354 3178 1528 3268 canapalis
1555 3198 1619 3268 pro
1637 3212 1645 3246 ;
1665 3232 1699 3248 ..
1727 3178 1821 3248 ltem

271 3306 326 3371 est
352 3299 400 3370 ibi
427 3297 607 3390 praedium
633 3297 781 3368 militare
806 3318 930 3386 unum,
958 3296 1001 3366 de
1024 3296 1122 3366 cuius
1148 3296 1243 3384 agris
1265 3297 1416 3368 solvitur
1438 3297 1572 3369 decima
1589 3299 1820 3387 manipularis

266 3419 430 3491 ecclesiae
456 3420 492 3488 in
519 3417 812 3509 Wysznycze,
840 3418 937 3488 cuius
965 3415 1062 3488 valor
1089 3415 1293 3487 aestimatur
1320 3417 1416 3487 ad..
1443 3473 1451 3487 .
1478 3418 1565 3489 Item
1593 3419 1765 3508 plebanus
1784 3425 1821 3490 et
1851 3494 1856 3502 ,

266 3539 411 3611 ecclesia
437 3538 543 3609 habet
568 3539 618 3608 ibi
644 3539 803 3629 proprIos
830 3558 932 3627 agros
958 3536 1087 3606 liberos
1115 3541 1151 3606 et
1168 3542 1278 3626 prata,
1297 3558 1361 3625 pro
1380 3558 1443 3608 suo
1461 3559 1526 3609 usu
1545 3510 1581 3609 et
1598 3540 1820 3609 necessitate.

368 3657 562 3749 Ponomrn,
589 3657 672 3730 villa
699 3658 763 3728 sub
789 3658 955 3747 parochia
973 3656 1015 3727 de
1033 3654 1316 3747 Wysznycze
1342 3659 1420 3747 sita,
1440 3658 1537 3728 cuius
1555 3659 1680 3730 haeres
1697 3656 1817 3729 Dobe-

267 3778 361 3850 slaus
386 3775 585 3867 Kmytha
612 3776 654 3849 de
681 3776 782 3848 domo
809 3782 845 3848 et
870 3776 999 3847 familia
1025 3777 1309 3867 Srz'enyawa
1336 3776 1376 3847 In
1404 3798 1472 3868 qua
1498 3783 1581 3849 sunt
1606 3779 1697 3849 lanei
1726 3799 1820 3850 cme-

265 3897 434 3988 thonales,
461 3899 542 3969 item
570 3897 861 3988 hortulaniae‚..,
884 3898 965 3968 item
992 3897 1160 3968 tabernae
1186 3917 1255 3967 non
1282 3903 1375 3987 sunt,
1401 3897 1444 3969 de
1467 3898 1591 3988 quibus
1608 3898 1761 3971 solvitur
1780 3904 1817 3969 et

265 4019 474 4092 conducitur·
494 4018 627 4091 decima
652 4018 877 4110 manipularis
904 4025 940 4091 et
967 4017 1143 4107 canapalis
1170 4037 1234 4106 pro
1261 4016 1366 4089 altari
1392 4016 1540 4090 Sanctae
1556 4018 1758 4091 Dorotheae
1782 4017 1819 4089 in

264 4141 410 4213 ecclesia
424 4138 652 4213 Gracoviensi.
669 4138 779 4212 Valor
792 4141 938 4211 duarum
950 4159 1155 4210 marcarum.
1173 4137 1259 4208 Item
1274 4137 1454 4226 praedium
1469 4139 1518 4212 ibi
1531 4160 1637 4211 unum
1655 4141 1818 4210 militare.

368 4260 515 4350 Lomnn,
541 4261 624 4333 villa
650 4262 714 4332 sub
740 4261 905 4349 parochia
931 4258 974 4329 de
992 4257 1257 4348 Wysznicze
1273 4258 1362 4348 sita,
1381 4257 1477 4328 cuius
1486 4257 1619 4329 'haeres
1635 4258 1818 4348 praelatus

266 4377 459 4451 Dobeslaus
485 4358 689 4471 Kmytha
716 4379 757 4448 In
785 4400 853 4468 qua
879 4385 960 4450 sunt
985 4379 1078 4449 lanei
1105 4377 1347 4466 cmethoflales,
1374 4377 1458 4448 item
1485 4377 1713 4469 hortulaniae‚
1733 4380 1816 4450 item
1873 4410 1875 4415 ·

265 4499 431 4570 tabernae
457 4499 623 4570 habentes
659 4520 780 4588 agros,
807 4498 850 4568 de
878 4499 1002 4589 quibus
1030 4498 1188 4569 omnibus
1215 4496 1363 4568 solvitur
1389 4502 1426 4568 et
1452 4498 1655 4570 conducitur
1682 4484 1817 4570 decima

265 4618 491 4708 manipularis
518 4622 554 4689 et
580 4617 753 4707 canapalis
779 4639 843 4708 pro
861 4618 965 4690 altari
983 4617 1128 4689 Sanctae
1146 4616 1345 4688 Dorotheae
1364 4618 1400 4688 in
1419 4610 1565 4690 ecclesia
1583 4617 1816 4709 cracoviensi,

267 4738 363 4810 cuius
398 4737 495 4809 valor
522 4738 565 4809 ad
593 4738 678 4809 duas
707 4759 841 4810 marcas
868 4740 1078 4809 aestimatur.
1114 4739 1201 4809 Item
1229 4743 1283 4807 est
1310 4737 1358 4809 ibi
1385 4758 1467 4829 uua=
1480 4739 1656 4829 scoltetia,
1685 4740 1816 4812 habens

266 4857 352 4930 duos
386 4859 504 4930 laneos
540 4879 720 4950 agrorum,
748 4861 790 4931 de
826 4860 949 4950 quibus
985 4859 1133 4931 solvitur
1169 4857 1301 4929 decima
1334 4859 1559 4950 manipularis
1586 4860 1814 4932 ecclesiaein

265 4977 310 5048 W
318 4980 543 5071 ysznicae,
570 4987 606 5051 et
633 4981 731 5052 valor
757 4982 831 5052 eius
858 4981 1062 5052 aestimatur
1088 4979 1132 5050 ad
1158 5000 1262 5050 unam
1289 4988 1449 5053 marcam.

369 5099 514 5191 Conon,
541 5102 623 5172 villa
650 5102 714 5173 sub
742 5102 906 5192 parochia
925 5101 1090 5172 ecclcsiae
1109 5100 1151 5171 de
1169 5099 1450 5192 Wysznycze
1476 5098 1554 5192 sita,
1573 5103 1671 5174 cuius
1688 5103 1814 5174 haere·

266 5218 326 5291 des
353 5218 545 5293 Stanislaus
581 5227 617 5292 et
652 5220 828 5293 lohannes
865 5222 908 5292 de
935 5221 963 5291 P
972 5222 1121 5313 ylcza,
1141 5221 1184 5301 de
1211 5221 1317 5291 armis
1342 5212 1533 5312 Lelywa.
1569 5221 1608 5293 In
1637 5244 1706 5313 qua
1733 5231 1815 5295 sunt

266 5361 388 5413 novem
414 5342 505 5412 lanei
533 5342 783 5432 cmethonales,
810 5342 853 5413 de
881 5343 1004 5432 quibus
1031 5343 1189 5413 omnibus
1217 5341 1364 5412 solvitur
1390 5348 1425 5414 et
1452 5342 1654 5415 conducitur
1681 5343 1816 5415 decima

266 5462 489 5554 manipularis
516 5468 552 5532 et
579 5463 753 5551 canapalis
780 5484 843 5552 pro
870 5462 1069 5552 praebenda
1096 5460 1325 5552 Gracoviensi,
1345 5483 1433 5552 quae
1452 5468 1595 5534 vocatur
1612 5463 1815 5553 Lazowska,

266 5584 362 5653 cauus
389 5582 485 5654 valor
513 5584 716 5654 aestimatur
742 5584 786 5654 ad
814 5604 873 5654 sex
899 5604 1042 5655 marcas.
1069 5584 1158 5654 Item
1185 5588 1239 5654 est
1265 5583 1314 5654 ibi
1332 5605 1437 5655 unum
1454 5584 1633 5674 praedium
1653 5584 1815 5676 militare,

266 5703 309 5773 de
336 5704 433 5775 cuius
460 5705 553 5793 agris
580 5702 772 5775 decimatur
798 5705 963 5776 ecclesiae
989 5706 1025 5775 iu
1052 5703 1097 5773 W
1105 5724 1342 5794 ysznycze,
1369 5709 1405 5774 et
1422 5705 1520 5776 valor
1546 5704 1752 5808 aestimatur
1771 5686 1815 5777 ad

266 5830 415 5915 quatuor
441 5845 583 5896 marcas.
618 5824 705 5896 Item
732 5825 838 5897 habet
863 5827 967 5896 etiam
995 5825 1163 5915 plebanus
1190 5824 1232 5895 de
1260 5824 1349 5895 Boc
1363 5823 1483 5914 huya
1509 5825 1677 5897 decimam
1703 5827 1816 5898 maui-

265 5944 419 6034 pularem
446 5951 539 6034 post,
552 5946 721 6036 quendam
748 5966 905 6036 campum
931 5945 1034 6016 villae
1061 5942 1267 6037 praedictae,
1285 5949 1444 6017 vocatum
1470 5930 1635 6038 Uyazd,
1664 5947 1725 6037 qui
1744 5946 1815 6018 fer-

264 6069 324 6136 tur
349 6064 455 6136 frusse
481 6067 651 6138 alienatus
677 6067 723 6138 ab
749 6066 876 6158 oppido
903 6064 1100 6138 Bochnensi
1128 6066 1219 6137 circa
1244 6066 1495 6138 limitationem.

944 6185 1135 6258 Sononow.
