4200 8342
259 1627 340 1706 191

255 1841 363 1913 habet
388 1840 569 1911 tabernam
604 1836 783 1927 propriam
818 1836 855 1905 in
883 1834 1105 1925 Chechel‚
1133 1854 1221 1924 quae
1247 1855 1311 1924 pro
1338 1854 1453 1913 annuo
1480 1855 1586 1907 censu
1613 1834 1719 1906 solvit
1746 1835 1810 1906 sibi

256 1970 331 2034 tres
357 1981 490 2032 marcas
526 1965 564 2030 et
585 1958 654 2029 duo
684 1978 767 2029 roso
793 1955 981 2028 Pilczeusis
1008 1955 1195 2044 cervisiae;
1230 1956 1313 2026 item
1339 1955 1447 2028 habet
1473 1957 1589 2046 sylvas
1616 1956 1752 2046 amplas
1778 1963 1811 2026 et

258 2085 346 2153 lotas
373 2103 436 2171 pro
464 2080 545 2151 dote
573 2099 644 2148 000.
671 2078 723 2148 De
751 2077 1005 2150 columbatione
1032 2077 1126 2148 tollit
1151 2056 1319 2167 plebanus
1355 2098 1418 2168 pro
1446 2077 1601 2167 quolibet
1626 2076 1718 2149 festo
1747 2075 1811 2148 Pa-

256 2205 370 2292 sclrae,
398 2209 471 2273 tres
498 2221 633 2272 marcas
659 2199 704 2270 10
722 2199 885 2270 universa
912 2199 1085 2288 parochio.

363 2322 570 2411 Gnaoown,
598 2320 682 2393 villa
709 2321 773 2391 sub
799 2320 966 2409 parochio
993 2319 1036 2390 de
1063 2318 1268 2390 Chachel
1295 2319 1372 2409 sita,
1399 2320 1496 2392 cuius
1522 2320 1694 2392 haeredes
1712 2320 1812 2392 000-

257 2446 394 2517 brzik
420 2442 639 2532 Laurentius,
665 2440 866 2530 Procopius,
894 2438 1094 2531 Gregorius,
1121 2439 1297 2512 Martinus
1323 2441 1618 2531 Iroszgerius
1646 2441 1690 2513 10
1707 2443 1812 2512 armis

212 2562 221 2577 “
256 2566 457 2657 Pylowa,
492 2563 765 2653 Przegiuio‚
801 2560 983 2652 Ostoya
1024 2562 1065 2632 ln
1101 2582 1170 2652 qua
1205 2567 1287 2633 sunt
1316 2562 1408 2634 lanei
1445 2563 1701 2652 crrr'ethonaleS,
1729 2563 1812 2634 item

259 2687 403 2779 praedia
437 2685 622 2774 militaria,
647 2684 692 2757 de
728 2664 853 2775 quibus
889 2683 1037 2756 solvitur
1072 2689 1109 2754 et
1135 2683 1339 2755 conducitur
1365 2684 1498 2756 docimo
1524 2684 1752 2774 manipularis
1778 2692 1813 2754 et

257 2807 432 2899 casopolis
467 2827 531 2897 pro
567 2806 712 2881 ecclesia
746 2804 783 2877 in
819 2803 1104 2896 Ghochel,.et
1130 2805 1229 2877 color
1265 2806 1341 2878 eius
1377 2805 1582 2881 aestimatur
1609 2806 1655 2877 ad
1681 2811 1813 2896 septem

259 2948 403 3002 marcas.

363 3051 568 3139 Basanon,
605 3048 688 3121 villa
714 3050 779 3120 sub
805 3047 971 3138 parochia
997 3047 1164 3119 ecclesiae
1196 3047 1239 3118 de
1266 3046 1467 3120 Chechel
1493 3050 1579 3140 sito,
1607 3050 1707 3120 cuius
1734 3049 1814 3139 hae-

123 3274 126 3279 ,
259 3173 361 3245 00100
387 3170 573 3245 Florianus
598 3169 643 3240 10
669 3169 826 3241 tribus
855 3168 996 3239 Tubis
1022 3172 1060 3240 01
1086 3169 1146 3240 alii
1174 3174 1251 3240 octo
1278 3170 1321 3241 de
1340 3169 1531 3260 Pylowa
1577 3171 1617 3240 ln
1637 3190 1708 3260 qua
1736 3178 1815 3242 suut

259 3293 453 3385 quindecim
481 3292 573 3362 lanei
601 3290 834 3362 cmethonales
861 3294 897 3360 et
914 3289 1058 3379 praedia
1077 3290 1265 3381 001111οι0,
1292 3291 1478 3382 dequibus
1505 3291 1654 3363 solvitur
1681 3299 1718 3364 01
1737 3313 1816 3363 con·

261 3416 400 3487 ducitur
428 3413 567 3502 decima,¹
587 3411 813 3502 manipularis
844 3414 880 3482 01
906 3411 1082 3501 casopolis
1109 3410 1275 3483 ecclesiae
1301 3419 1337 3484 01
1363 3413 1511 3504 plebano
1538 3413 1573 3483 iu
1601 3412 1815 3503 Checlrel,

260 3541 295 3607 ot
313 3521 412 3608 solor
437 3536 512 3605 eius
532 3532 737 3604 aestimatur
763 3531 808 3603 od
826 3531 1021 3622 quindecim
1045 3553 1190 3605 marcas.
1230 3533 1318 3605 Item
1336 3534 1556 3624 episcopatus
1574 3532 1816 3608 Crocoricnsis

262 3658 368 3729 habet
394 3656 443 3726 ibi
471 3676 531 3726 sen
557 3655 677 3727 laneos
704 3654 948 3744 cmethonoles,
976 3674 1053 3725 cum
1080 3675 1186 3726 censu
1212 3659 1256 3726 et·
1273 3655 1408 3728 decima
1434 3656 1651 3746 manipulari.

364 3776 696 3864 Nascowsuu'czn,
724 3775 1374 3866 011100010000010101001001001
1414 3778 1495 3867 0110,
1522 3777 1619 3849 cuius
1646 3777 1822 3863 haeredes

262 3897 495 3971 Praedlrorius
522 3896 818 3969 Storzinscai
845 3897 887 3971 de
914 3899 1020 3969 armis
1052 3897 1179 3969 Hel-m
1215 3905 1253 3970 01
1278 3899 1346 3970 olii.
1386 3899 1427 3971 10
1455 3921 1523 3990 qua
1548 3905 1631 3971 suut
1658 3892 1816 3972 hortula-

261 4023 339 4092 uioe
366 4021 534 4092 habentes
562 4040 684 4110 agros,
711 4023 749 4093 01
773 4018 865 4091 lanei
892 4019 1144 4108 emethoualm,
1171 4040 1258 4110 quos
1284 4019 1453 4098 haeredes
1480 4026 1591 4114 arant,
1620 4021 1664 4092 de
1692 4022 1817 4112 quibus

261 4143 408 4215 solvitur
435 4142 568 4213 decima
592 4138 819 4232 manipularis
837 4141 1005 4213 eeclesiae
1031 4141 1067 4212 in
1086 4139 1306 4232 Checlrcl,
1333 4132 1484 4215 0110100
1511 4142 1585 4214 cius
1611 4144 1816 4215 aestimatur

262 4264 307 4335 od
333 4270 406 4336 tres
433 4282 578 4335 marcos.

366 4383 611 4472 Qurrszurorr,
638 4383 722 4454 villa
748 4384 812 4454 sub
830 4382 998 4472 parochia
1016 4385 1182 4457 ecclesiae
1210 4385 1253 4455 de
1272 4383 1476 4457 Ghechel
1503 4387 1590 4476 sito,
1618 4387 1816 4463 001001000-

263 4528 321 4576 ros
348 4505 525 4576 Jolrannes
561 4504 605 4576 10
632 4505 738 4574 armis
773 4503 913 4595 Story
938 4505 1044 4590 Kou.
1094 4507 1135 4577 Iu
1163 4527 1231 4596 qua
1257 4512 1338 4578 sunt
1364 4507 1457 4579 lanei
1483 4508 1745 4598 cmethonoles,
1774 4507 1816 4578 de

263 4627 390 4717 quibus
418 4626 564 4699 solvitur
591 4631 628 4697 01
646 4625 850 4697 conducitur
868 4625 1000 4698 decium
1019 4627 1244 4718 manipularis
1272 4632 1308 4699 01
1326 4622 1504 4718 conspolis
1531 4650 1595 4719 pro
1614 4630 1817 4721 episcopatu

263 4748 493 4837 Crocovionsi,
520 4752 556 4818 ct
573 4748 670 4819 volor
694 4747 767 4819 eius
795 4748 839 4818 01
858 4770 918 4819 sex
945 4756 1078 4820 marcas
1106 4805 1166 4819 ...
1193 4750 1280 4833 Item
1307 4755 1362 4821 est
1380 4750 1430 4823 ihi
1447 4751 1627 4840 praedium
1656 4751 1816 4840 militare,

262 4874 345 4942 item
371 4870 590 4947 hortulaniae
618 4870 769 4960 quinque
797 4870 965 4942 habentes
992 4892 1115 4966 agneo,
1151 4872 1193 4942 de
1221 4871 1345 4962 quibus
1377 4871 1523 4944 solvitur
1550 4872 1817 4944 100100000οη1-

262 4993 393 5082 puloris
420 4992 584 5064 ecclesiae
611 4992 647 5062 10
675 4990 893 5081 Ghechel,
921 4993 1017 5080 cuius
1044 4993 1143 5064 valor
1170 4992 1214 5063 ad
1241 5014 1302 5064 sex
1328 5014 1464 5065 marcas
1491 4994 1706 5066 aestimatur.

367 5113 610 5202 chzowrnn,
637 5113 721 5185 villa
739 5115 802 5184 sub
821 5113 989 5202 parochia
1007 5114 1049 5184 de
1069 5113 1245 5185 Che'chel
1269 5115 1350 5204 sita,
1379 5115 1476 5186 cuius
1497 5116 1622 5187 haeres
1640 5116 1819 5188 Johauucs

265 5234 637 5324 Quosznyowslry
666 5235 708 5305 de
732 5233 875 5324 Equis
903 5214 1134 5326 Antiquis.
1179 5236 1219 5305 ln
1242 5257 1310 5326 quo
1329 5242 1410 5308 suut
1437 5242 1569 5326 septem
1587 5238 1820 5327 hortulanioe,

263 5355 430 5426 habentes
468 5376 587 5445 agros,
625 5355 667 5426 10
696 5356 820 5444 quibus
855 5356 1004 5429 solvitur
1032 5358 1165 5428 decima
1202 5358 1428 5447 manipularis
1455 5360 1620 5431 ecclesiae
1647 5360 1684 5430 in
1713 5360 1818 5432 Che·

265 5476 386 5564 chel,
419 5482 455 5547 et
482 5476 580 5547 valor
607 5477 681 5548 eius
708 5478 913 5550 aestimatur
941 5479 984 5550 od
1013 5478 1099 5551 duos
1127 5501 1326 5569 sexagenas.
1366 5481 1454 5551 ltem
1481 5486 1535 5552 001
1563 5481 1612 5550 ibi
1638 5482 1820 5571 praedium

262 5598 435 5686 militare,
464 5598 507 5669 do
528 5598 624 5670 cuius
652 5599 747 5690 agris
765 5599 911 5671 solvitur
939 5600 1072 5672 decima
1099 5601 1324 5692 manipularis
1342 5602 1559 5693 episcopatui
1585 5600 1820 5692 cracoviensi,

265 5726 301 5792 01
328 5719 426 5792 valor
454 5719 529 5790 cius
556 5721 761 5793 aestimatur
787 5720 832 5791 ad
859 5776 973 5791 .....

371 5842 584 5927 1100000,
621 5842 704 5913 villo
731 5843 794 5913 sub
821 5844 987 5934 parochia
1018 5843 1062 5915 de
1090 5843 1291 5915 Ohechel
1319 5844 1405 5935 0110,
1433 5845 1530 5916 00100
1558 5845 1683 5917 haeres
1712 5845 1821 5919 domi-

175 5959 180 5967 ’
264 5986 330 6035 nus
357 5985 418 6033 rex
444 5963 699 6035 illustrissimus
726 5961 891 6036 Polonioe
920 5965 1074 6055 quilibet.
1114 5965 1153 6035 In
1183 5986 1250 6056 quo
1276 5971 1358 6036 sunt
1384 5966 1476 6037 lanei
1503 5967 1752 6058 cnrethonales,
1779 5968 1821 6039 de

265 6085 390 6175 quibus
426 6085 572 6156 solvitur
608 6085 739 6158 decimo
774 6087 981 6176 pecuniolis,
1017 6086 1061 6158 10
1088 6087 1244 6178 quolibet
1279 6087 1379 6160 laneo
1408 6108 1472 6178 per
1500 6088 1647 6161 sedecim
1680 6111 1822 6181 grossos

266 6226 480 6294 communes,
508 6207 722 6296 episcopatui
750 6207 980 6280 Cracovionsi.
1019 6208 1108 6280 Item
1132 6215 1187 6280 001
1204 6208 1253 6280 ibi
1280 6209 1440 6286 scoltetio
1466 6210 1598 6282 lrabeus
1626 6231 1751 6303 agros,
1779 6212 1821 6284 de

267 6349 335 6420 qua
361 6327 509 6401 solvitur
535 6348 604 6399 uno
630 6350 747 6402 marca
773 6330 921 6421 plebano
948 6331 984 6402 iu
1011 6329 1231 6419 Chcchel,
1257 6352 1321 6421 pro
1349 6331 1482 6410 decima
1508 6331 1731 6423 manipulari,
1759 6333 1820 6405 oli-

266 6449 405 6541 quondo
433 6470 502 6521 una
529 6469 710 6540 sexageno.
1350 6492 1370 6563 '.

372 6569 554 6666 1100000,
579 6570 664 6651 villo
688 6571 1006 6677 solummundo-de
1034 6566 1237 6659 clitones
1263 6575 1350 6667 sito,
1377 6528 1475 6657 cuius
1501 6574 1671 6658 haeredes
1698 6574 1819 6659 Solo-
