4200 8342
1637 1721 1640 1728 .
1700 1657 1794 1731 '249

248 1856 327 1931 item
353 1855 519 1948 taberna,
556 1855 639 1930 item
666 1856 904 1950 hortulaniae‚
942 1858 985 1930 de
1012 1858 1137 1952 quibus
1171 1859 1329 1934 omnibus
1356 1859 1503 1935 solvitur
1529 1868 1565 1935 et
1593 1848 1796 1939 conducitur

248 1976 442 2050 decima...m
579 1964 585 1969 ’
1544 1994 1546 2002 ’

347 2097 639 2190 Wuosaowrcze,
665 2099 748 2172 villa
766 2102 831 2173 sub
848 2097 1012 2195 parochia
1038 2099 1082 2175 de
1108 2099 1278 2175 Sancto
1304 2101 1551 2194 Szwyrado
1577 2105 1690 2177 sitm...

347 2218 492 2311 Launt,
518 2219 602 2292 villa
628 2221 692 2293 sub
718 2220 885 2312 parochia
910 2221 955 2297 de
981 2220 1154 2298 Sancto
1180 2221 1416 2297 Szwirado
1442 2224 1521 2315 sita,
1548 2225 1646 2298 cuius
1672 2226 1794 2298 baere-

247 2339 306 2411 des
331 2337 530 2431 plnres-de
556 2342 663 2414 armis
698 2341 945 2434 Nigrorum
979 2362 1222 2440 cereorum
1257 2350 1293 2416 et
1326 2344 1490 2434 Ignile.
1533 2345 1573 2416 In
1601 2366 1670 2437 qna
1703 2345 1795 2418 lanei
1894 2365 1903 2391 a

247 2461 498 2554 cmetbonales,
524 2462 608 2534 itam
635 2462 871 2554 bortulaniae,
885 2464 981 2535 itam
1009 2483 1080 2539 nna
1105 2464 1253 2537 taberna
1280 2465 1411 2537 babens
1438 2485 1562 2557 agros,
1597 2466 1795 2557 dequibus

247 2582 402 2655 omnibns
427 2581 577 2656 solvitur
602 2588 640 2655 et
666 2584 871 2657 conducitur
897 2584 1032 2658 decima
1057 2586 1283 2677 manipularis
1300 2592 1338 2659 et
1355 2586 1531 2677 canapalis
1557 2607 1621 2677 pro
1648 2588 1794 2660 ecclesia

246 2707 280 2774 et
304 2703 380 2775 eins
414 2703 561 2794 plebano
595 2704 632 2777 ln
667 2704 837 2778 Sancto
871 2705 1106 2797 seyraco,
1143 2707 1241 2779 cuins
1278 2706 1375 2779 valor
1410 2708 1616 2782 aestimatur
1641 2708 1686 2781 ad
1716 2713 1795 2781 octo
1879 2749 1894 2758 -

246 2842 388 2897 marcas.

917 2946 1138 3020 Racnsnon.

348 3061 442 3139 Villa
467 3059 599 3140 babens
619 3067 868 3160 parochialem
882 3068 1063 3141 ecclesiam
1089 3068 1239 3159 ligneam
1265 3068 1301 3141 in
1319 3071 1367 3160 se,
1394 3068 1540 3143 Sanctae
1559 3070 1694 3143 Mariae
1712 3070 1794 3144 Vir-

246 3185 317 3274 gini
352 3186 526 3276 gloriosae
561 3186 728 3279 dicatam,
764 3189 799 3260 in
826 3188 993 3261 honorem
1019 3186 1230 3261 Natiuitatis⁴
1257 3201 1358 3280 snae,
1393 3190 1506 3262 cuius*
1526 3192 1722 3282 proprietas
1749 3191 1794 3264 ad

247 3307 500 3380 serenissimum
527 3306 692 3381 Poloniae
718 3329 835 3400 regem
859 3310 1022 3401 pertinet
1052 3310 1093 3381 ln
1121 3322 1190 3401 qua
1208 3316 1296 3382 sunt
1322 3310 1413 3383 lanei
1440 3312 1683 3402 emethonales,
1710 3312 1794 3384 item

247 3427 394 3500 tabern.
414 3483 421 3499 .
441 3484 448 3499 .
469 3484 505 3521 .,
532 3429 613 3501 itam
641 3429 870 3522 hortolaniae,
897 3430 940 3503 de
958 3431 1084 3522 qulbus
1101 3430 1261 3503 omnibus
1279 3430 1427 3504 solvitur
1444 3430 1579 3504 decima
1604 3433 1795 3523 pecunialis

247 3567 307 3639 per
332 3568 442 3621 unum
464 3548 634 3623 fertonem
661 3551 704 3623 de
730 3552 840 3641 laneo,
867 3537 1031 3644 episcopo
1041 3550 1293 3642 sermonicum
1319 3553 1402 3624 itam
1429 3552 1597 3643 plebanus
1622 3559 1659 3624 et
1685 3552 1794 3625 eccle·
1878 3627 1883 3637 ,

248 3671 298 3741 sia
324 3670 430 3743 babet
456 3672 505 3744 ibi
532 3672 669 3744 ratione
702 3671 862 3762 carcedone,
891 3673 934 3745 de
961 3673 1117 3770 quolibet
1142 3672 1244 3745 laneo
1278 3692 1343 3765 per
1369 3693 1472 3746 unam
1499 3694 1694 3747 mensuram
1723 3674 1795 3745 sili·

247 3775 333 3879 ginis
360 3798 396 3863 et
423 3811 486 3882 per
512 3814 616 3866 ortam
644 3813 786 3884 avenam
812 3795 895 3866 item
922 3794 1029 3867 habet
1055 3796 1216 3885 proprios
1243 3815 1346 3885 agros
1372 3795 1501 3867 liberos
1528 3802 1565 3867 et
1591 3801 1704 3887 prata,
1731 3816 1795 3886 pro

247 3930 307 3982 suo
333 3934 407 4002 usu,
433 3913 578 4003 praedio
604 3921 640 3985 et
668 3914 884 4004 necessitate
914 3914 995 3986 item
1023 3915 1192 4005 piscinam
1218 3915 1326 3987 habet
1352 3920 1388 3987 et
1414 3915 1556 4007 sylvam.

889 4154 1144 4231 Srnnnrsezs.

890 4639 1156 4713 Taueononan,

349 4758 444 4832 Villa
462 4761 600 4833 'habens
619 4761 653 4831 in
673 4781 710 4832 se
734 4760 911 4834 ecclesiam
938 4762 1171 4852 parochialem
1199 4762 1359 4853 ligneam,
1386 4761 1513 4833 Sancto
1540 4760 1684 4855 Nicolao
1702 4760 1795 4831 dica-

247 4885 328 4973 tam,
354 4883 452 4953 cuius
477 4882 602 4954 haeres
621 4936 628 4953 .
648 4937 654 4952 .
674 4937 709 4952 ..
735 4882 1057 4974 Sanspowsky,
1084 4881 1127 4953 de
1153 4881 1259 4952 annis
1279 4935 1392 4951 .....
1427 4882 1469 4951 ln¹
1495 4886 1675 4971 quaesunt
1700 4879 1791 4949 lanei

247 5003 489 5092 emethonales,
517 5004 599 5075 item
626 5004 782 5094 taberna,
810 5004 894 5075 item
921 5001 1107 5092 hortulani,
1134 5001 1177 5072 de
1203 5002 1329 5092 quibus
1355 5001 1513 5071 omnibns
1540 4999 1688 5070 solvitur
1706 5053 1713 5068 .
1734 5054 1741 5068 .
1761 5054 1793 5068 ..

247 5122 332 5194 ltem
359 5124 538 5215 praedium
566 5131 621 5196 est
646 5125 694 5195 ibi
722 5144 826 5196 unum
854 5123 1013 5213 militare,
1040 5122 1084 5194 de
1107 5121 1204 5193 cuius
1231 5121 1326 5210 agris
1353 5119 1500 5192 solvitur
1525 5119 1659 5191 decima
1685 5121 1794 5190 mani-

247 5245 377 5333 pularis
404 5246 568 5317 ecclesiae
595 5253 632 5317 et
658 5247 732 5316 eius
758 5245 906 5336 plebano
934 5245 969 5315 in
997 5242 1349 5333 Thengoborza3
1376 5242 1458 5312 item
1477 5240 1583 5313 habet
1601 5240 1650 5313 ibi
1676 5240 1794 5330 pleba-

246 5384 309 5437 nos
336 5372 373 5437 et
399 5365 544 5438 ecclesia
570 5366 729 5457 proprios
756 5385 858 5458 agros
885 5370 921 5437 et
947 5371 1059 5456 prata,
1085 5384 1149 5455 pro
1175 5383 1239 5438 sun
1268 5381 1332 5435 usu
1360 5368 1396 5436 et
1422 5363 1639 5436 necessitate.

897 5486 1146 5560 Lnnowrczn

905 5727 1135 5801 Kauronsa.

348 5847 443 5921 Villa
470 5849 601 5922 babens
628 5849 664 5922 in
691 5869 729 5921 se
755 5848 937 5922 ecclesiam
963 5847 1198 5941 parochialem
1225 5847 1384 5939 ligneam,
1411 5846 1558 5919 Sanctae
1585 5840 1794 5916 Oatlrerinae

245 5968 404 6061 dicatam,
431 5963 527 6042 cuius
553 5970 749 6060 proprietas
776 5969 820 6041 ad
848 5969 1039 6043 custodiam
1067 5968 1337 6041 Saodeczenscm
1364 5967 1525 6056 pertinet.
1553 5964 1592 6033 ln
1620 5982 1688 6053 qua
1714 5968 1794 6033 sunt

245 6097 323 6163 octo
349 6091 440 6163 lanei
467 6090 709 6180 emethonales
736 6090 819 6162 item
846 6090 1025 6181 tabernae
1051 6090 1135 6161 itam
1164 6086 1393 6173 hortulaniae,
1420 6084 1463 6154 de
1486 6083 1617 6173 quibua
1637 6084 1794 6153 omnibus

245 6212 392 6285 solvitur
418 6217 454 6283 et
481 6211 684 6283 conducitur
720 6209 854 6282 decima
888 6207 1114 6301 manipularis
1149 6215 1185 6279 et
1212 6204 1388 6294 canapalis
1422 6225 1486 6295 pro
1513 6205 1674 6295 episcopo
1710 6202 1794 6273 (lra-

246 6334 416 6423 coriensi,
442 6315 479 6406 a
505 6332 603 6405 valor
628 6332 703 6404 eius
730 6332 936 6402 aestimatur
962 6331 1006 6401 ad
1034 6334 1112 6399 octo
1139 6348 1283 6399 rnarcas.
1328 6325 1417 6398 Item
1445 6327 1492 6397 ibi
1520 6324 1699 6416 praedium
1724 6343 1794 6394 non

246 6460 311 6543 est3
339 6455 421 6525 item
448 6452 593 6527 ecclesia
611 6458 647 6525 et
665 6452 833 6545 plebanus
851 6452 925 6524 eius
941 6450 1059 6522 ..babet
1085 6449 1134 6520 ibi
1157 6457 1260 6538 agros
1287 6448 1459 6539 proprios.
1474 6446 1602 6517 liberos
1630 6451 1665 6513 nt
1683 6450 1794 6533 prata,

243 6593 308 6665 pro
336 6585 409 6646 sard
426 6596 490 6646 usn
516 6579 553 6645 et
579 6573 803 6645 necessitate·
852 6641 855 6645 Α
951 6575 954 6580 ’
1294 6599 1297 6605 ·
1580 6589 1588 6599 ·
1680 6583 1684 6592 ·

225 6753 231 6762 ·
348 6742 397 6784 crs.
410 6740 507 6783 aalma
521 6740 553 6782 ra
1591 6712 1629 6764 32
1680 6772 1682 6779 .
