4200 8342
249 1578 352 1695 aaa

258 1829 346 1898 Item
373 1828 478 1899 habet
504 1827 682 1917 pelliceam
709 1823 884 1915 vulpinam
902 1826 1107 1914 verbinam,
1124 1826 1208 1898 item
1227 1823 1405 1896 duodecim
1422 1823 1524 1896 ulnas
1541 1822 1806 1914 pauni'Floren·

258 1949 323 2018 tini
349 1953 384 2019 et
411 1945 591 2017 duodecim
617 1945 861 2037 Zythaviensis
889 1946 1088 2034 annuatim,
1115 1947 1198 2016 item
1224 1945 1332 2017 habet
1356 1942 1539 2016 duodecim
1553 1949 1710 2036 'quarm
1736 1963 1806 2015 oer-

257 2068 366 2139 risiae
393 2056 554 2167 quolibet,
574 2067 649 2156 die,
664 2066 760 2148 item
788 2065 1064 2157 quatuordecim.
1078 2065 1240 2151 candelas
1267 2065 1544 2156 septimauatim,
1569 2064 1655 2137 item
1683 2070 1805 2135 metae

258 2188 389 2259 cundus
424 2187 468 2258 ad
504 2172 657 2284 mensam
693 2207 770 2257 cum
806 2182 994 2276 servitore,
1028 2188 1088 2277 qui
1123 2186 1280 2261 servitor·
1310 2177 1450 2288 tenetur
1484 2190 1627 2276 portare
1649 2185 1806 2275 ,primam

257 2308 438 2380 scutellam
474 2313 553 2378 ante
589 2303 809 2398 zupparium,
845 2308 899 2379 vel
935 2328 1034 2378 suum
1069 2295 1376 2398 viceagerentem,
1396 2305 1545 2398 prandet
1580 2311 1698 2378 autem
1734 2325 1806 2376 cum

170 2440 174 2448 “
259 2429 399 2500 ultimis.
503 2448 506 2453 ·

384 2722 390 2731 ’
534 2708 537 2712 Δ
736 2830 739 2836 .
763 2720 983 2864 Horpitale
1015 2761 1057 2840 ln
1091 2706 1335 2865 Boobnyu'.¹

362 3031 520 3104 Ecclesia
554 3032 669 3130 lignea
693 3030 851 3120 Senot.
879 3087 922 3113 ..,
950 3088 958 3103 .
985 3087 993 3102 .
1020 3087 1046 3122 .,
1062 3032 1172 3103 cuius
1207 3030 1348 3123 patroni
1369 3036 1411 3102 et
1437 3029 1622 3103 collatores
1649 3030 1804 3102 consules

260 3142 506 3244 Bochnenses,
525 3151 618 3244 quod
645 3153 781 3243 quidem
817 3152 991 3243 hospitale
1016 3153 1081 3223 hos
1108 3151 1224 3224 babet·
1240 3144 1432 3246 prouentus
1459 3155 1495 3222 et
1521 3151 1712 3223 utilitates:
1738 3150 1806 3241 pri-

260 3295 352 3345 mum
388 3274 495 3345 babet
530 3294 590 3344 sex
625 3272 753 3344 laneos
779 3293 943 3363 agrorum
979 3279 1056 3344 cum
1090 3273 1202 3369 pratis
1238 3266 1467 3363 sufficientes,
1481 3268 1538 3344 'de
1564 3272 1692 3363 quibus
1718 3270 1808 3342 ultra

262 3395 365 3465 etiam
393 3395 633 3464 necessitatem
660 3414 757 3465 suam
783 3398 899 3484 potest
924 3392 1075 3494 vendere
1092 3392 1240 3484 foenum,
1259 3393 1303 3464 ad
1321 3395 1434 3466 minus
1451 3414 1516 3485 pro
1533 3393 1654 3464 decem
1672 3394 1808 3480 marcis;

262 3515 345 3585 item
358 3513 478 3586 -babct
505 3520 619 3586 certos
646 3514 866 3605 hortolanos,
894 3515 963 3605 qui¹
980 3514 1121 3589 solvunt
1147 3515 1213 3587 sibi
1239 3534 1309 3605 pro·
1331 3534 1447 3586 consu·
1462 3514 1586 3605 viginti
1614 3533 1750 3586 marcas
1776 3517 1809 3584 ct

261 3634 425 3705 laborem.
452 3634 540 3705 Item
567 3635 673 3705 babet
700 3634 879 3706 duodecim
906 3635 1109 3707 montaneas
1135 3635 1292 3726 famulos,
1319 3640 1355 3707 et
1381 3637 1412 3706 si
1438 3639 1572 3709 montes
1598 3634 1809 3739 ampliantur

260 3756 297 3825 in
324 3755 396 3826 suls
430 3754 617 3844 fructibus,
645 3759 763 3843 potest
797 3754 924 3833 habere
951 3755 1054 3827 -ultra
1088 3755 1153 3827 bos
1188 3755 1388 3846 duodecim,
1414 3746 1501 3828 duos
1527 3737 1691 3827 famulos·
1725 3755 1808 3825 Item
1839 3841 1842 3848 ἱ

260 3874 391 3946 dictum
422 3874 597 3965 hospitale
624 3880 741 3964 potest
765 3876 894 3947 habere
920 3864 1124 3966 magistrum
1152 3875 1357 3947 directionis
1383 3877 1595 3948 saecularem
1622 3874 1808 3947 secundum

262 3995 479 4087 dotationem¹
512 3996 703 4086 privilegii,
731 4003 766 4068 et
802 3997 833 4067 si
866 3996 972 4068 fuero
1006 3997 1134 4088 laicus,
1152 3992 1289 4081 [habeat
1311 3973 1485 4075 ‚uicarium
1510 4003 1732 4088 perpetuum,
1759 3995 1810 4066 cui

262 4116 366 4188 debet
393 4117 475 4188 dare
502 4117 627 4197 decem
644 4131 788 4194 ‘marcas
816 4116 852 4189 Si
877 4117 984 4189 fuerit
1010 4118 1191 4210 sacerdos,
1217 4116 1602 4214 tenetursadtemptare
1628 4117 1810 4206 utrumqne

263 4258 349 4308 onus
384 4243 454 4308 tom
491 4237 689 4329 spirituale,
716 4223 830 4329 quam·
856 4239 1032 4317 saeculare
1067 4237 1139 4311 seu
1161 4230 1372 4330 temporale,
1399 4245 1436 4311 et
1470 4244 1611 4311 tenetur
1641 4256 1811 4328 pauperes

262 4356 446 4446 providere
471 4358 507 4427 in
535 4358 631 4430 victu
655 4363 691 4429 et
718 4359 854 4449 amictu,
881 4359 979 4431 iuxta
1001 4380 1126 4435 eorum
1152 4358 1361 4449 exigentiam
1378 4363 1414 4430 et
1424 4358 1707 4449 possibilitatem.
1724 4357 1810 4428 Item

263 4477 299 4547 in
328 4477 448 4580 eodem
474 4476 640 4568 hospitali
667 4477 754 4551 fiunt
781 4499 844 4569 pro
872 4480 978 4553 certis
1003 4478 1252 4560 festivitatibus
1278 4480 1448 4551 stationes
1475 4478 1683 4568 deputatae,
1710 4483 1748 4549 et
1773 4495 1812 4548 ea

264 4618 353 4689 quae
380 4597 571 4670 offeruntur
598 4599 647 4671 ibi
673 4599 723 4669 in.
736 4604 809 4671 tres
826 4605 947 4691 partes
965 4600 1179 4692 dividuntur,
1192 4616 1347 4690 ‘quarum
1366 4599 1455 4672 duae
1472 4619 1536 4691 pro
1554 4598 1688 4672 fabrica
1705 4597 1811 4670 eccle

262 4719 335 4791 siae
362 4725 557 4810 servantur,
583 4721 724 4792 tertiam
748 4720 931 4810 plebanus·
944 4742 1008 4813 pro
1036 4742 1074 4793 se
1101 4721 1203 4793 tollit.
1260 4740 1288 4778 ³

366 4842 454 4913 Item
492 4842 528 4913 in
562 4841 684 4914 eodem
720 4842 883 4932 hospitali
918 4846 999 4914 sunt
1035 4843 1103 4914 duo
1130 4842 1284 4914 altariaz-
1300 4823 1450 4933 primum
1477 4839 1587 4912 altare
1613 4844 1670 4912 est
1696 4838 1813 4912 Sancti

262 4963 418 5054 Antonii,
445 4963 490 5035 ad
517 4963 609 5053 quod
633 4964 810 5054 magister·
829 4964 1012 5054 hospitalis
1037 4969 1178 5035 tenetur
1203 4963 1328 5035 missas
1355 4962 1553 5054 adimplere,
1581 4968 1617 5034 et
1642 4980 1813 5052 pauperes

262 5104 467 5174 procurare,
481 5084 549 5156 ¹nel
585 5105 669 5156 suus
695 5059 846 5156 vicarids
869 5085 940 5176 ,qui
966 5072 1164 5176 lueritt‘pro
1190 5083 1366 5173 tempore,
1392 5082 1463 5174 qui·
1479 5082 1583 5153 etiam
1610 5081 1715 5153 debet
1741 5100 1813 5152 esse

263 5203 466 5294 investituS,
494 5205 549 5274 eui
575 5225 639 5293 per
665 5206 871 5295 magistrum
898 5205 1081 5294 hospitalis
1108 5203 1235 5276 dantur
1262 5204 1379 5275 decem
1405 5221 1561 5292 marcae,
1587 5207 1629 5272 ot
1654 5202 1813 5292 superins

264 5322 392 5393 dictum
420 5329 483 5394 est.
510 5323 633 5394 Altare
661 5324 847 5395 secundum
874 5324 968 5397 tituli
995 5325 1142 5397 Sanctae
1169 5323 1299 5422 Crucis,
1328 5302 1424 5413 cuius
1448 5323 1590 5395 collatio
1618 5309 1666 5393 ad
1688 5321 1813 5393 frater·

264 5444 409 5513 nitatem
436 5445 669 5534 tragariorum
697 5448 831 5534 spectat
857 5452 893 5516 et
919 5448 1081 5536 pertinet,
1109 5466 1196 5537 quae
1222 5445 1431 5516 fraternitas·
1451 5443 1668 5515 sacerdotem
1695 5462 1813 5514 manu·

265 5563 354 5634 alem
390 5569 524 5654 servat,
552 5565 607 5635 cui
642 5586 706 5655 pro
744 5565 956 5656 quibuslibet
992 5574 1140 5659 quatuor
1167 5567 1385 5667 temporibus
1411 5565 1517 5637 soluit
1541 5578 1605 5655 per
1630 5584 1735 5636 unam
1763 5563 1814 5634 se-

265 5705 443 5775 regenam.
564 5746 569 5759 f.
1275 5685 1277 5687 ’
1340 5693 1343 5696 ’

886 5806 1200 5880 Pazrarowreza.

369 5924 463 6000 Villa
489 5927 625 6001 habeus
653 5928 688 5999 in
716 5949 753 5999 se
780 5929 960 6034 ecclesiam
995 5928 1229 6020 parochialem
1256 5928 1405 6019 ligneam
1433 5924 1551 5999 Sancti
1578 5982 1586 5996 .
1613 5981 1621 5996 .
1648 5980 1656 5996 .
1684 5980 1692 5997 .
1719 5925 1815 5996 cuius

267 6046 391 6119 haeres
409 6048 592 6122 Janussius
619 6050 963 6151 Przybkousky
990 6051 1033 6121 de
1052 6050 1153 6121 domo
1172 6048 1453 6139 Streparum.
1479 6047 1520 6117 In
1540 6067 1608 6138 qua
1626 6051 1710 6118 sunt
1726 6045 1815 6117 lanei

268 6169 519 6260 emetbonales,
547 6173 630 6242 item
664 6173 850 6261 tabernae,
878 6172 962 6244 item
998 6169 1233 6260 hortulaniae,
1260 6169 1303 6240 de
1331 6167 1455 6258 quibus
1483 6167 1641 6240 omnibus
1670 6167 1816 6239 solvitur

267 6290 433 6361 decima.
461 6345 468 6360 .
497 6345 504 6360 .
531 6292 618 6361 Item
645 6301 699 6362 est
724 6293 773 6363 ibi
800 6314 905 6363 unum
932 6291 1112 6381 praedium
1138 6291 1299 6380 militare,
1326 6288 1370 6361 de
1397 6289 1493 6359 cuius
1512 6289 1606 6378 agris
1624 6287 1816 6359 decimatur

265 6411 430 6480 eeclesiae
465 6413 501 6480 in
529 6410 909 6504 Przyblrouycze.
943 6413 1032 6483 Item
1059 6412 1167 6483 habet
1194 6411 1242 6482 ibi
1266 6410 1433 6501 plebanus
1459 6409 1621 6499 proprios
1648 6429 1753 6498 agros
1779 6411 1814 6477 et

266 6535 368 6622 prata
393 6551 456 6619 pro
484 6553 546 6603 suo
573 6519 648 6621 usu,
675 6533 817 6622 praedio
844 6539 881 6604 et
907 6533 1121 6604 necessitate.
1572 6552 1575 6558 ·
