4200 8342
1691 1649 1765 1720 465

212 1842 347 1917 decima
371 1844 597 1937 manipularis
624 1865 688 1935 pro
706 1845 852 1918 ecclesia
878 1853 914 1919 et
940 1846 1088 1940 plebano
1115 1847 1153 1919 in
1178 1848 1394 1941 Dambno,
1421 1852 1518 1924 cuius
1544 1854 1642 1926 valor
1659 1857 1765 1929 aesti-

209 1970 326 2039 matur
351 1964 396 2037 ad
422 1971 555 2057 septem
583 1986 727 2039 marcas.
771 1967 858 2040 Item
885 1969 921 2040 iu
948 1968 1070 2041 eadem
1097 1968 1181 2041 villa
1197 2018 1200 2027 =
1215 1974 1270 2044 est
1296 1971 1474 2063 scoltetia,
1515 1975 1649 2048 habens
1676 1977 1763 2050 duos

209 2086 568 2179 leucanthemum
595 2088 719 2179 quibus
748 2088 897 2163 solvitur
924 2089 1057 2163 decima
1083 2092 1248 2163 ecclesiae
1275 2092 1310 2163 in
1337 2093 1552 2167 Dambno.

313 2208 462 2282 Wonra
487 2208 765 2301 Damnrnusun,
792 2211 876 2284 villa
901 2212 967 2285 sub
994 2213 1159 2303 parochia
1184 2214 1351 2287 ecclesiae
1378 2214 1422 2287 de
1447 2216 1651 2291 Dambno
1678 2220 1764 2311 stta,
1889 2190 1910 2237 ζ’

208 2330 308 2406 cuius
334 2331 533 2422 proprietas
559 2331 604 2404 ad
631 2332 868 2423 episcopatum
896 2332 1160 2406 Graoouiensem
1187 2335 1349 2425 pertinet.
1375 2335 1417 2408 In
1444 2358 1512 2427 qua
1539 2344 1620 2410 sunt
1646 2339 1763 2413 decem

192 2451 300 2525 ‘lanei
327 2452 579 2544 cmethonales‚
615 2453 658 2525 de
686 2454 810 2546 quibus
838 2453 985 2527 solvitur
1011 2459 1048 2527 et
1075 2454 1279 2528 conducitur
1314 2456 1447 2529 decima
1473 2459 1700 2551 manipularis
1726 2466 1764 2535 et

209 2573 386 2666 canapalis
412 2574 629 2666 epIscopatui
655 2573 887 2667 Crotoniensi,
914 2577 1012 2649 cuius
1039 2577 1137 2650 valor
1155 2576 1200 2650 ad
1219 2578 1370 2671 quinque
1388 2600 1523 2652 marcas
1550 2582 1763 2655 aestimatur.

208 2696 297 2769 Item
323 2696 360 2768 iu
387 2694 506 2768 eadem
535 2697 618 2769 villa
652 2704 706 2770 est
740 2698 902 2771 scoltetia
935 2699 1068 2771 habens
1104 2698 1193 2773 duos
1228 2700 1347 2773 laneos
1374 2707 1410 2773 et
1436 2723 1539 2774 unam
1572 2704 1762 2795 tabernam,

209 2816 253 2893 de
279 2818 406 2912 quibus
431 2818 581 2892 soletur
606 2819 740 2892 decima
766 2840 830 2911 pro
857 2820 1004 2893 ecclesia
1029 2821 1066 2893 lu
1092 2821 1303 2894 Dambno.

909 3063 1075 3137 Pouuosr.

312 3185 407 3259 Villa
433 3187 565 3259 habens
595 3187 632 3258 in
659 3207 696 3258 se
723 3186 904 3258 ecclesiam
939 3184 1171 3277 parochialem
1213 3187 1382 3277 ligneam,
1421 3187 1595 3278 gloriosae
1622 3188 1761 3281 Virgini
1831 3256 1833 3263 .

206 3308 343 3383 Mariae
370 3307 540 3399 dicatam,
580 3309 680 3381 cuius
713 3309 910 3401 proprietas
937 3314 973 3380 et
996 3286 1187 3381 domininon
1224 3308 1268 3379 ad
1298 3308 1572 3413 illustrIssimum
1597 3310 1763 3385 Poloniae

205 3450 326 3524 regern
353 3431 516 3522 pertinet.
560 3431 601 3502 In
628 3452 696 3523 pua
731 3436 813 3502 sunt
850 3430 1111 3522 quatuordecim
1145 3430 1237 3503 lanei
1273 3431 1526 3522 cmethonales‚
1567 3432 1761 3524 dequibus

205 3553 367 3627 omnibus
402 3552 550 3625 solvitur
577 3559 613 3625 et
640 3553 844 3625 conducitur
879 3552 1012 3625 decima
1038 3553 1263 3643 manipularis
1290 3557 1327 3625 et
1353 3554 1545 3645 canapalis,
1573 3575 1637 3645 pro
1670 3556 1761 3627 vIca-

179 3674 300 3749 'matu
325 3680 493 3766 perpetuo
512 3673 732 3765 praebendae
750 3674 1055 3766 Sandomirieusis,
1083 3695 1170 3766 quae
1189 3674 1271 3747 olim
1289 3674 1551 3748 Odanchowsha
1569 3675 1759 3768 dicebatur,

204 3817 298 3871 nunc
323 3796 627 3887 Zayanczlrowsha
654 3796 859 3888 appellatur,
886 3796 984 3868 cuius
1001 3795 1101 3869 valor
1128 3797 1335 3868 aestimatur
1353 3796 1397 3868 ad
1415 3796 1596 3869 duodecim
1615 3817 1758 3870 marcas.

205 3920 293 3994 Item
322 3925 405 3993 sunt
431 3919 482 3992 ibi
508 3918 597 3991 duae
623 3919 792 3992 tabernae
819 3919 989 3990 habentes
1015 3937 1138 4009 agros,
1174 3917 1218 3989 de
1246 3918 1370 4009 quibus
1397 3918 1544 3991 solvitur
1571 3924 1608 4021 et
1634 3918 1762 3991 condu-

204 4043 297 4117 citur
333 4042 467 4113 decima
501 4038 727 4133 manipularis
762 4061 826 4132 pro
862 4039 1008 4113 ecclesia
1042 4039 1233 4131 parochiali
1269 4039 1398 4113 ibidem
1424 4041 1461 4111 in
1488 4039 1688 4130 Pothok,
1725 4047 1762 4112 et

196 4167 305 4239 calor
331 4165 406 4237 eius
432 4163 639 4237 aestImatur
657 4163 701 4235 ad
721 4161 809 4236 duas
834 4182 978 4235 marcas.
1004 4162 1093 4234 Item
1112 4161 1258 4233 ecclesia
1276 4165 1311 4233 et
1329 4160 1497 4253 plebanus
1515 4163 1551 4232 in
1578 4161 1759 4252 Potholr

201 4288 337 4361 hahent
361 4286 523 4379 proprios
549 4305 663 4377 agros,
690 4280 774 4359 siv'c·
789 4284 909 4379 lapeos
936 4284 1066 4357 liberos
1093 4289 1130 4357 et
1156 4287 1257 4375 prata
1284 4304 1348 4375 pro
1376 4304 1438 4356 suo
1465 4283 1610 4375 praedio
1637 4288 1673 4354 et
1700 4304 1759 4355 ne-

205 4408 380 4483 cessitate.
405 4407 494 4481 Item
520 4427 589 4479 non
616 4410 671 4479 est
694 4384 952 4501 ibi‘'pra⁵²edium
970 4406 1130 4498 aliquod,
1158 4425 1227 4478 non
1245 4410 1300 4478 est
1322 4405 1661 4494 molendinum,·non
1678 4407 1760 4475 sunt

203 4528 434 4605 horhdaniae.

869 4648 1101 4723 Scsumszno.

217 4788 285 4879 *²323
310 4772 407 4873 Villa
430 4773 564 4846 babens
590 4773 626 4844 in
653 4792 690 4844 se
717 4770 900 4843 ecclesiam
926 4769 1160 4862 parochialem
1187 4762 1480 4857 ligneam-Saum
1494 4816 1635 4832 ......
1663 4762 1757 4834 dica-

201 4880 285 4991 uh,
311 4882 411 4999 apulsus
435 4892 605 4969 haeredes
632 4895 771 4984 patroni
790 4898 827 4965 et
845 4892 1077 4978 collatores....;
1104 4888 1236 4958 nobiles
1264 4886 1306 4956 de
1325 4883 1427 4956 domo
1446 4890 1481 4954 et
1498 4883 1629 4957 familia
1655 4882 1757 4954 Oxa.

202 4978 340 5113 Effice
366 4998 448 5091 sunt
473 5016 564 5089 lanei
592 5017 844 5105 cmethonales‚
870 5016 953 5113 item
980 5011 1147 5082 tabernae
1175 5007 1344 5078 hahentes
1371 5026 1492 5096 agros,
1523 5005 1606 5076 item
1634 5005 1756 5076 hortu-

201 5140 317 5217 lamae
341 5139 510 5214 habentes
538 5159 659 5231 agros,
700 5139 783 5210 item
810 5134 953 5227 praedia
979 5130 1162 5218 militaria,
1199 5127 1242 5199 de
1270 5127 1395 5219 quibus
1423 5126 1582 5199 omnihus
1609 5126 1757 5199 solvitur

197 5260 471 5355 pt'conducitnr
505 5261 639 5333 decima
673 5253 898 5346 manipularis
924 5257 961 5324 et
987 5250 1164 5342 canapalis
1200 5270 1263 5341 pro
1291 5249 1438 5321 ecclesIa
1474 5253 1510 5320 et
1535 5248 1683 5339 plebano
1720 5249 1756 5320 in

194 5364 474 5474 bahumsko,
500 5388 537 5455 et
563 5380 662 5452 valor
688 5379 762 5450 eius
790 5377 994 5448 aestimatur
1021 5374 1065 5445 ad
1085 5427 1226 5443 ......
1253 5391 1397 5443 marcas.
1429 5370 1517 5443 Item
1545 5371 1692 5443 ecclesia
1720 5376 1756 5442 et

201 5502 372 5601 plebanus
397 5505 528 5577 habent
553 5503 588 5573 in
616 5498 735 5572 eadem
763 5496 847 5571 villa
873 5517 977 5588 agros
1003 5494 1164 5586 proprios
1192 5499 1229 5566 et
1254 5494 1392 5586 liberos,
1419 5513 1484 5584 pro
1512 5513 1575 5566 suo
1602 5491 1755 5584 praedio,

182 5633 241 5702 -et
264 5632 377 5721 prata

407 5770 418 5791 ·
910 5739 1055 5811 Banoo.
1127 5790 1129 5794 -

273 5884 276 5889 ·
305 5866 400 5941 Villa
426 5865 491 5938 sub
519 5885 556 5936 se
583 5868 619 5934 et
645 5864 682 5933 in
709 5884 746 5934 se
773 5863 914 5934 hahens
930 5860 1111 5932 ecclesiam
1138 5857 1370 5949 parochialem
1397 5853 1563 5945 ligneam,
1591 5853 1755 5925 Sancto...

201 5990 361 6079 Mam
402 5987 500 6059 cuius
526 5986 651 6057 haeres
678 5985 800 6056 unicus
828 5982 974 6055 collator
1008 5986 1044 6052 et
1075 5985 1262 6070 patronus,
1303 5976 1467 6048 Nicolaus
1495 5975 1538 6046 de
1566 5972 1754 6046 Curosz-

199 6110 362 6203 manley
396 6108 523 6182 nobilis
550 6106 593 6178 de
621 6106 722 6178 domo
759 6105 945 6177 Roszae.
989 6103 1030 6174 In
1058 6123 1127 6194 qua
1154 6106 1236 6174 sunt
1270 6098 1363 6170 lanei
1390 6095 1642 6185 cmethonales‚
1670 6096 1753 6168 item

198 6208 366 6323 taberna,
391 6230 475 6303 item
502 6228 697 6317 hortulani,
725 6228 808 6299 item
835 6247 940 6297 unum
968 6223 1148 6315 praedium
1176 6222 1345 6312 militare,
1373 6220 1416 6292 de
1444 6219 1568 6311 quibus
1595 6217 1753 6290 omnibus

199 6354 350 6431 solvitur
376 6357 412 6424 et
437 6350 642 6424 conducitur
669 6350 801 6420 decima
828 6345 1054 6437 manipularis
1082 6349 1117 6415 et
1139 6343 1314 6436 canapalis
1341 6362 1422 6434 pro·
1425 6394 1566 6411 ......
1593 6345 1630 6411 et
1656 6337 1754 6411 valor

199 6477 276 6551 eins
301 6474 508 6548 aestimatur
526 6526 693 6545 .......
720 6471 808 6542 Item
824 6468 956 6579 'eadem
984 6465 1130 6539 ecclesia
1156 6467 1192 6538 iu
1219 6464 1371 6538 Bardo
1407 6463 1515 6536 hahet
1541 6481 1645 6553 agros
1671 6480 1752 6552 pro-

199 6598 298 6695 prios
323 6596 465 6687 liberos,
490 6612 555 6688 pro
582 6614 645 6668 suo
671 6590 825 6686 praedio,
851 6595 888 6664 ct
912 6593 1026 6683 prata.

305 6764 466 6814 somnus
483 6766 516 6810 n.
1550 6732 1587 6781 ⁵⁹
