4200 8342
258 1638 332 1711 244

257 1866 319 1934 pro
356 1843 517 1932 episcopo
554 1839 793 1927 Cracoviensi,
822 1842 857 1908 et
892 1838 1178 1926 valea—quinque
1213 1844 1417 1906 marcarum.
1457 1834 1546 1904 Item
1582 1834 1632 1933 ibi
1659 1840 1790 1905 nonest

257 1964 444 2054 praedium,
471 1983 580 2050 neque
609 1958 849 2046 molendinum,
878 1957 971 2027 nulla
998 1957 1153 2045 taberna,
1182 1955 1276 2026 nulla
1303 1964 1357 2026 est
1384 1953 1591 2024 hortulania.

357 2081 580 2166 ll'anraozm
609 2078 692 2149 villa
718 2078 782 2146 sub
810 2076 974 2166 panochia
1000 2075 1043 2145 de
1071 2075 1384 2165 Uyanowpeze
1411 2073 1494 2161 sita,
1522 2072 1622 2143 cuius
1650 2072 1792 2162 proprie·

254 2211 308 2271 tas
336 2200 380 2269 acl
409 2197 686 2270 sanctimoniales
714 2195 888 2286 praelatas
915 2195 1077 2284 pertinet.
1104 2194 1144 2267 ln
1172 2214 1240 2283 qua
1266 2199 1348 2265 sunt
1373 2192 1464 2263 lanei
1492 2190 1737 2279 emetuonales
1759 2191 1795 2262 de

242 2321 380 2410 *quibus
417 2318 563 2389 solvitur
598 2317 732 2388 decima
758 2315 966 2405 pecuniane,
993 2315 1037 2386 dc
1066 2314 1219 2404 quolibet
1245 2314 1345 2387 laneo
1372 2332 1434 2404 per
1449 2311 1634 2383 ¹fertonem
1661 2311 1798 2382 latorum

255 2460 454 2530 grossorum
490 2459 553 2527 pro
590 2438 750 2528 episcopo
785 2434 1026 2523 Cracoviensi3
1046 2435 1145 2506 -item
1181 2436 1236 2506 est
1267 2435 1315 2505 ibi
1343 2432 1501 2505 scoltetia
1527 2432 1663 2504 habens
1689 2452 1797 2521 agrum

257 2583 317 2630 son
344 2547 479 2629 laneum
508 2580 611 2629 unani
639 2555 886 2646 tantummodo,
914 2556 957 2627 de
984 2576 1053 2646 quo
1081 2555 1187 2627 solvit
1213 2554 1380 2649 decimam
1406 2574 1497 2646 pro.
1526 2608 1533 2622 .
1562 2606 1570 2622 .
1596 2551 1687 2623 Item
1704 2552 1800 2624 habet

257 2681 304 2766 ibi
334 2680 499 2751 scultetus
526 2678 623 2768 idem
644 2699 746 2748 unam
773 2678 954 2748 tabernam
980 2681 1017 2746 ct
1033 2675 1286 2747 'molendinum

360 2800 683 2886 Srnrnnaczowa
710 2796 793 2867 ailla
819 2796 883 2869 sub
911 2794 1144 2886 parochiam
1172 2794 1488 2893 Uyanowycae
1515 2793 1594 2883 sita,
1613 2793 1714 2864 cuius
1731 2814 1800 2882 pro·

258 2922 385 3010 prietes
412 2918 456 2988 ad
484 2917 761 2988 sanctimoniales
789 2916 952 3006 pertinet.
979 2916 1019 2986 In
1046 2936 1115 3007 qua
1141 2920 1195 2986 est
1213 2934 1301 2986 unus
1320 2912 1558 2987 tautummodo
1577 2913 1702 2984 laneus
1719 2933 1798 2983 eme·

258 3040 427 3127 thonalis,
454 3039 537 3108 item
574 3042 628 3109 est
663 3038 711 3108 ibi
747 3037 906 3139 scoltetia
934 3037 1065 3108 liabens
1092 3056 1196 3126 agros
1222 3035 1400 3126 propriam
1417 3034 1470 3107 de
1496 3034 1626 3124 quibus
1655 3034 1801 3105 omnibus

257 3160 403 3231 solvitur
439 3158 627 3248 pecunialis
659 3157 792 3232 decima
818 3134 881 3247 pro
908 3157 1071 3247 episeopo
1099 3155 1338 3245 cracoviensi,
1366 3155 1409 3228 de
1436 3153 1597 3245 quolibet·
1619 3153 1722 3225 laneo
1747 3174 1801 3244 per

257 3301 361 3350 unum
387 3278 556 3349 fertonem
584 3277 731 3349 latorum
758 3297 958 3367 grossorum
986 3276 1223 3367 Pragensinm.
1542 3284 1561 3297 ““

360 3387 588 3485 Knnronna,
615 3397 697 3467 villa
724 3397 981 3487 sub'paroehia
1007 3397 1049 3468 de
1077 3378 1394 3488 Uyanowyeze
1420 3397 1498 3485 sita,
1525 3395 1631 3466 cuius.
1653 3394 1799 3466 haeredi-

257 3529 310 3589 tas
337 3518 381 3588 ad
409 3517 685 3588 sanctimoniales
713 3518 873 3607 pertinet.
900 3517 941 3586 In
970 3537 1037 3607 qna
1064 3522 1145 3587 snat
1172 3522 1320 3607 quatuor
1346 3515 1439 3587 lanei
1459 3514 1800 3603 emethoualesiteu

258 3660 326 3709 una
360 3637 517 3708 scoltetia
551 3638 683 3708 habens
720 3659 824 3709 unum
860 3639 995 3709 laneum
1012 3636 1198 3728 'libe1um‚
1225 3636 1268 3708 dc
1304 3637 1428 3728 quibus
1445 3670 1448 3677 ·
1465 3635 1626 3708 omuibus
1664 3635 1800 3707 solvitur

256 3758 445 3848 pecunialis
472 3756 603 3827 decima
629 3779 692 3847 pro
719 3758 880 3848 episcopo
908 3756 1139 3848 Cracorien'si,
1157 3757 1201 3829 de
1219 3757 1374 3848 quolibet
1395 3757 1496 3830 laneo
1523 3775 1588 3847 per
1614 3776 1723 3828 uuum
1739 3753 1799 3827 ler-

257 3886 372 3948 tonem
399 3878 556 3948 latorum·
574 3897 775 3966 grossorum
801 3877 1057 3968 Pragensinna.
1072 3878 1159 3949 item
1183 3883 1238 3949 est
1264 3877 1312 3948 ibi
1340 3898 1445 3949 unum
1471 3874 1708 3948 molendinum
1725 3874 1800 3948 acol-

257 3998 340 4087 teti3
368 3999 451 4068 item
479 4018 546 4066 non
575 4004 656 4068 sunt
682 3998 909 4088 hortadaniae,
938 4018 1049 4089 neque
1075 3999 1250 4071 tabernae.

360 4118 556 4208 Knosznn,
586 4117 669 4188 villa
696 4118 760 4189 sub
788 4117 907 4189 eadem
934 4118 1100 4208 parochia
1126 4119 1297 4190 ecclesiae
1319 4118 1362 4189 de
1389 4117 1707 4210 Uy-anomycze
1734 4118 1801 4206 sita

258 4241 354 4308 errius
387 4239 583 4327 proprietas
619 4237 663 4308 ad
691 4239 969 4310 sanctimoniales
996 4237 1169 4329 praelatas
1196 4239 1450 4311 Sandeezeuses
1477 4238 1641 4328 pertinet
1677 4238 1717 4309 In
1743 4256 1802 4330 qur

259 4363 339 4428 sunt
375 4358 524 4447 quinquo
560 4359 650 4428 lanei
687 4358 939 4448 emethoualeS,
967 4358 1049 4430 item
1085 4364 1140 4430 est
1166 4360 1214 4432 ibi
1241 4379 1311 4431 uua
1338 4358 1516 4448 scoltetia,
1542 4358 1678 4431 habens
1706 4378 1802 4430 uuum

259 4477 496 4547 tantummodo
524 4478 659 4548 laneum
688 4478 914 4566 libe1·um,de
943 4480 1067 4570 quibus
1094 4481 1252 4552 omnibus
1279 4480 1425 4552 solvitur
1453 4479 1596 4551 decima¹
1612 4478 1803 4570 pecunialia

258 4618 319 4685 per
346 4616 450 4666 unum
477 4596 643 4668 fertonem
671 4597 714 4668 de
741 4597 898 4688 quolibet
922 4599 1032 4690 laneo,
1061 4601 1209 4671 latorum
1236 4621 1435 4690 grossorum
1462 4599 1717 4691 Pragenaium4
1738 4599 1802 4691 epi·

258 4716 414 4804 scopatui
442 4714 681 4804 Cracovieusi3
709 4719 791 4789 item
819 4725 873 4791 est
900 4719 948 4791 ibi
975 4742 1081 4791 unum
1100 4720 1338 4795 molendinum.
1350 4720 1488 4792 scolteti
1506 4725 1542 4791 et
1559 4740 1630 4792 uua
1657 4721 1804 4793 taberna

362 4837 550 4927 Sermiana,
579 4837 660 4908 villa
687 4839 751 4909 sub
779 4840 944 4928 parochia
970 4841 1013 4913 dc
1041 4840 1356 4933 Uyauowycze
1383 4840 1462 4931 sita,
1489 4841 1587 4912 ouius
1612 4842 1805 4932 propaem

258 4964 292 5027 et
320 4956 506 5027 dominium
533 4958 685 5048 pertinet
711 4959 756 5030 ad
783 4960 1062 5033 sanctimoniales
1089 4960 1352 5033 Sandeczenses
1388 4961 1431 5033 In¹
1456 4983 1525 5053 qua
1551 4967 1638 5032 sunt
1662 4962 1805 5053 quinque

255 5077 346 5146 lanei
383 5077 748 5166 emethonaleS,ite1n
785 5086 839 5150 ost
877 5081 928 5151 ibi·
953 5101 1040 5151 unns
1059 5081 1252 5170 scultetus,
1279 5082 1411 5152 liabens
1437 5102 1559 5172 agrum
1586 5102 1649 5152 seu
1677 5082 1804 5153 laneum

145 5271 150 5279 ,
259 5216 362 5264 unmn
390 5196 545 5285 liberum,
573 5197 614 5267 do
643 5199 767 5286 quibus
796 5200 953 5270 onnribus
979 5199 1128 5272 solvitur
1154 5206 1190 5272 et
1208 5200 1413 5285 conducitur·
1429 5200 1561 5272 decima
1579 5201 1804 5293 manipularis

259 5318 295 5381 ct
322 5313 497 5402 cairapalis
533 5336 597 5404 pro
624 5317 799 5406 episcopo·
814 5317 1052 5409 Gracovieusi,
1080 5326 1116 5392 et
1143 5321 1241 5392 valor
1266 5321 1471 5393 aestimatur
1496 5320 1540 5393 ad
1568 5342 1630 5394 sex
1659 5341 1806 5409 marcas3

261 5432 345 5501 item
373 5439 427 5501 est
453 5433 501 5502 ibi
530 5454 632 5503 unum
661 5436 891 5509 molendinum
919 5446 955 5510 et
982 5461 1050 5511 una
1077 5440 1222 5512 taberna
1249 5440 1428 5525 scoltetiac
1454 5441 1617 5515 eiusdem.

893 5558 1171 5632 Sourauuracz.
1601 5618 1603 5623 ·

371 5670 463 5742 Villa
499 5673 629 5744 liabens
667 5676 701 5746 in
739 5698 776 5746 se
812 5680 1043 5766 parochialem
1079 5681 1259 5753 ecelesiam
1295 5682 1463 5772 ligneam,
1490 5683 1617 5754 saneto
1646 5682 1805 5756 Andreae

258 5792 427 5881 apostolo
455 5792 622 5884 dicatam,
649 5796 745 5866 cuins
773 5799 969 5887 proprietas
996 5806 1033 5872 et
1059 5801 1263 5873 haereditas·
1283 5802 1436 5892 pertinet
1461 5801 1507 5873 ad
1533 5803 1806 5877 sanctimoniales

258 5910 300 5982 de
327 5913 522 6002 antiqua
548 5914 762 5987 Sandecz.
789 5916 828 5986 In
856 5939 924 6008 qua
945 5926 1031 5991 sunt
1058 5921 1149 5992 lanei
1168 5922 1411 6012 emethonales
1429 5921 1513 5994 item
1531 5923 1712 6014 tabernac,
1729 5924 1806 5997 item

257 6030 482 6121 hortulaniae,
510 6033 552 6105 de
580 6035 703 6124 quibus
731 6038 889 6109 omnibus
916 6040 1064 6111 solvitur
1091 6047 1127 6112 et
1153 6041 1357 6114 conducitur
1375 6041 1508 6114 decima
1524 6043 1754 6133 manipularis
1771 6049 1804 6116 et

258 6150 432 6238 canapalis
459 6173 522 6241 pro
550 6155 751 6245 episcopatu
779 6155 1009 6248 Cracoviensi
1037 6144 1260 6234 cuius'valor
1277 6216 1426 6232 .....
1436 6216 1445 6252 ,
1472 6164 1556 6235 item
1583 6163 1634 6236 ibi
1661 6183 1740 6236 nou·
1754 6168 1809 6241 ,eat

257 6268 395 6357 aliquod
423 6271 619 6361 praedium,
647 6275 706 6345 sed
735 6282 788 6346 est
815 6278 976 6350 scoltetia
1003 6281 1135 6351 habens
1161 6302 1264 6371 agros
1290 6283 1468 6372 proprioS,
1495 6282 1538 6354 de
1565 6281 1693 6374 quibus
1720 6282 1809 6355 deai-

181 6493 188 6510 ·
255 6394 369 6458 matur
396 6388 542 6476 plebano
569 6392 698 6464 ibidem
726 6394 762 6465 in
790 6395 1024 6490 Szcdlecz,
1051 6402 1148 6473 cuius
1176 6386 1274 6474 valor
1300 6403 1505 6475 aestimatur
1530 6402 1575 6475 ad
1603 6455 1612 6472 .
1638 6457 1646 6472 .
1675 6459 1683 6472 .

360 6508 640 6607 Sauowrnowa
667 6512 750 6584 villa
776 6516 840 6635 snb
867 6521 1032 6615 parochia
1059 6522 1101 6594 de
1121 6521 1375 6615 Szyedleoz
1401 6522 1479 6618 sita,
1497 6521 1598 6603 cuius
1615 6523 1810 6621 propriam
