4200 8342
1664 1638 1666 1642 ’
1750 1639 1825 1710 set

276 1847 374 1920 cuius
401 1845 498 1917 valor
525 1845 569 1917 ad
597 1866 657 1917 sex
684 1866 827 1918 marcas.
866 1846 907 1917 In
934 1865 1194 1937 recompensam
1219 1847 1334 1918 ιιιιιιι
1361 1845 1515 1917 (ιιιιιιιι
1541 1844 1731 1942 oanapalis,
1758 1845 1827 1917 sol-

277 1970 330 2040 vit
364 1965 512 2057 quilibet
545 1986 610 2056 pro
636 1965 785 2055 plebano
822 1970 972 2058 quatuor
998 1966 1152 2058 gallos.
1167 1966 1255 2041 Item
1282 1987 1350 2039 non
1377 1954 1533 2038 esttibi
1528 1964 1731 2076 praedium,
1757 1986 1827 2039 non

277 2091 359 2162 sunt
385 2085 615 2176 hortulaniae,
641 2106 710 2158 nou
738 2091 820 2160 sunt
846 2087 1023 2160 tabernae.

380 2208 657 2296 Lrusscunwn,
693 2207 777 2279 villa
802 2209 866 2280 sub
893 2209 1059 2298 parocbia
1090 2207 1133 2279 de
1160 2206 1365 2279 Coczsko
1393 2207 1478 2296 sita,
1506 2208 1603 2280 cuius
1630 2209 1827 2299 proprietas

276 2329 322 2403 ad
348 2330 547 2421 episcopum
573 2326 795 2401 Ploczensem
821 2329 983 2418 pertinet.
1023 2328 1063 2400 In
1086 2349 1156 2420 qua
1181 2332 1263 2401 sunt
1290 2334 1439 2417 quatuor
1466 2326 1556 2400 lanei
1584 2329 1827 2401 cmethonales.

277 2452 364 2524 Item
392 2455 446 2521 est
481 2449 530 2521 ibi
556 2448 716 2520 scoltetia
751 2449 882 2521 babens
918 2449 1005 2522 duos
1031 2449 1151 2520 laneos
1178 2469 1359 2538 agrorum,
1391 2452 1427 2518 et
1453 2470 1558 2520 unum
1574 2449 1827 2537 molendinum,

264 2571 321 2645 de
347 2571 473 2662 quibus
498 2569 657 2642 omuibus
684 2569 837 2643 solvitur
873 2575 910 2642 et
945 2569 1151 2643 conducitur
1185 2569 1320 2641 decima
1354 2569 1585 2659 manipularis
1615 2570 1828 2660 episcopatui

277 2691 518 2779 cracoviensi,
554 2691 650 2762 cuius
676 2691 776 2764 valor
809 2691 1015 2764 aestimatur
1050 2690 1095 2762 ad
1122 2694 1272 2781 quatuor
1307 2708 1451 2761 marcas.
1495 2690 1536 2762 ln
1571 2709 1828 2780 recompensem

278 2818 392 2887 autern
420 2814 573 2887 decimae
600 2813 786 2904 canapalis,
814 2812 919 2885 solvit
945 2812 1093 2903 quilibet
1118 2811 1279 2903 episcopo
1307 2816 1454 2902 quatuor
1479 2811 1612 2902 gallea·
1644 2812 1733 2883 Item
1761 2831 1829 2882 non

278 2941 333 3009 est
358 2936 406 3008 ibi
434 2935 632 3027 praedium,
659 2954 771 3026 neque
797 2935 974 3025 tabernae,
1000 2954 1114 3024 neque
1139 2932 1368 3005 hortulaniae.

382 3055 697 3130 Tnnacnawrcan
724 3052 949 3131 Saouuours
968 3107 1191 3128 .........

298 3238 307 3253 .
382 3174 580 3275 Graarczn
598 3230 819 3250 .........
862 3244 866 3251 .

383 3296 605 3374 Sunoscfflu
623 3352 842 3370 .........
886 3330 891 3338 ·

385 3418 694 3496 Saaouowrcza'.
712 3472 878 3491 .......
915 3470 919 3475 .

384 3539 644 3616 Snaouowsua
670 3540 816 3616 Wonrn
835 3594 1031 3613 ........

383 3663 619 3738 Luuowrscz
637 3716 832 3734 ........

384 3785 646 3860 Rncnowuczn
665 3838 886 3856 .........

977 3903 1132 3977 Luuow.

384 3959 558 4120 Oppidum
576 4029 708 4102 babens
725 4027 906 4100 ecelesiam
924 4026 1162 4117 parochialem
1175 4025 1351 4116 ligneam·
1342 4046 1378 4095 nn
1397 4043 1452 4113 se,
1481 4022 1666 4095 Nativitati
1684 3965 1832 4094 Sanctae

280 4149 417 4223 Mariae
443 4149 604 4240 diaetam,
631 4150 728 4222 cuius
755 4149 951 4240 proprietas
979 4146 1024 4218 ad
1049 4147 1309 4219 serenissimum
1335 4143 1501 4217 Poloniae
1526 4165 1644 4234 regem
1670 4143 1831 4259 pertinet

280 4272 325 4343 In
349 4292 417 4363 quo
443 4278 525 4344 sunt
552 4324 692 4342 ......
718 4271 806 4343 Item
842 4270 1010 4360 plebanus
1046 4268 1153 4339 habet
1182 4267 1232 4339 ibi
1258 4266 1419 4358 proprios
1445 4287 1549 4358 agros
1584 4265 1732 4353 liberos,
1768 4253 1831 4355 pro

282 4413 346 4466 suo
372 4414 437 4465 usu
462 4397 500 4465 et
526 4393 735 4466 necessitate
754 4444 952 4462 ........

900 4510 1164 4583 Ononuczn.

386 4635 481 4707 llilla
507 4636 684 4708 babens
674 4656 712 4730 nn
738 4655 776 4706 se
807 4632 987 4707 ecelesiam
1023 4631 1255 4724 parochialem
1282 4630 1448 4722 ligneam,
1484 4630 1632 4703 Sanctae
1668 4628 1833 4701 Trinitati

283 4757 443 4848 dicamur,
469 4756 567 4829 cuius
588 4755 762 4831 haeredes
785 4753 917 4828 Paulus
943 4754 1240 4844 Oboteenslry
1265 4751 1427 4824 dedomo
1454 4750 1628 4839 Nebna,
1654 4757 1692 4822 et
1718 4802 1834 4822 .....
1858 4822 1863 4839 ,

284 4879 327 4952 de
354 4880 455 4951 domo
481 4878 622 4950 Rawa
643 4878 701 4949 ‘In
721 4898 790 4968 qua
816 4882 898 4948 suut
924 4875 1016 4947 lanei
1043 4873 1294 4962 amathoneles,
1313 4872 1507 4964 dequibus
1526 4871 1674 4944 solvitur
1700 4875 1737 4943 et
1754 4891 1835 4942 con-
1856 4903 1860 4912 ·

283 4999 421 5073 ducitur
447 4996 823 5091 decimamanipirlaris
850 5017 915 5087 pro
934 4994 1144 5068 monastetio
1162 4993 1308 5066 Sanctae
1327 4992 1467 5081 Crucis,
1493 4993 1590 5063 cuius
1607 4992 1706 5063 valor
1732 4991 1836 5064 aesti-

284 5127 398 5195 matur
424 5121 469 5195 ad
487 5141 547 5194 ιιι
575 5139 719 5192 marcas.
759 5118 847 5191 Item
874 5123 929 5190 est
955 5116 1004 5189 ibi
1030 5136 1136 5188 unum
1163 5103 1343 5205 praedium
1369 5113 1539 5204 militare,
1555 5113 1599 5185 de
1618 5108 1716 5185 cuius
1741 5113 1835 5203 agris

281 5243 473 5318 decimatur
507 5243 673 5315 ecclesiae
708 5240 744 5313 in
770 5238 1039 5313 Ghotbcza..
1070 5237 1158 5310 Item
1191 5237 1242 5309 ibi
1273 5236 1420 5308 eeclesia
1454 5239 1491 5307 et
1527 5234 1695 5326 plebanus
1730 5234 1837 5307 babet
1915 5237 1917 5239 ’

283 5387 386 5458 agros
413 5365 573 5456 proprios
590 5365 725 5436 liberos
747 5367 915 5452 etprata,
942 5380 1088 5451 proauo
1115 5343 1181 5432 usu
1200 5363 1238 5430 et
1263 5359 1480 5431 necessitate.
1519 5357 1608 5428 Item
1635 5356 1834 5445 notandum,
1891 5442 1899 5452 ,

239 5542 246 5555 .
286 5486 377 5578 quod
404 5486 550 5559 ecclesia
583 5486 621 5557 iu
647 5483 796 5557 Senno
826 5482 927 5574 prius
953 5481 1030 5553 iure
1055 5465 1247 5571 parochiali
1275 5478 1319 5551 ad
1355 5477 1534 5551 ecclesiam
1569 5478 1612 5549 in·
1632 5476 1835 5549 Ghotecz

191 5648 199 5687 ι
282 5604 498 5706 pertinebat,
534 5612 656 5697 postea
691 5626 774 5678 vero
812 5625 854 5676 ιι
882 5603 957 5693 ιιι,
994 5608 1160 5694 anquam
1187 5622 1229 5675 ex
1256 5601 1422 5690 ιιιιιιιι,
1448 5599 1594 5672 ecclesia
1614 5599 1655 5672 'in
1682 5597 1768 5670 San
1780 5619 1831 5669 no

283 5727 429 5801 mndata
455 5734 527 5816 est,
555 5728 677 5799 dotata
703 5734 739 5799 et
764 5731 909 5799 murata
1616 5738 1621 5747 ’

388 5849 589 5937 Ζιιιιιιιιιι,
615 5847 704 5919 uilla
729 5849 794 5920 sub
812 5846 977 5938 parochia
994 5836 1162 5919 ecclesiae
1189 5844 1233 5917 de
1252 5844 1494 5917 Ohotbcza
1511 5843 1607 5931 sita,
1634 5836 1736 5913 euius
1753 5860 1838 5931 pro·

286 5971 417 6062 prietes
444 5969 487 6040 ad
515 5970 761 6042 monasterium
798 5968 946 6040 Sanctae
973 5967 1095 6041 Crucis
1132 5958 1264 6039 Calvi
1296 5964 1473 6036 Montis
1501 5963 1664 6060 pertinet.
1702 5963 1743 6035 ln
1771 5982 1839 6054 qua

286 6097 367 6164 sunt
379 6095 535 6180 septem
571 6091 662 6162 lanei
698 6086 949 6179 ιιιιιιιοιιιιι,
986 6089 1184 6197 dequibus
1217 6087 1365 6160 solvitur
1400 6092 1437 6159 et
1463 6085 1667 6159 conducitur
1698 6084 1837 6183 decima
1897 6110 1900 6117 ·

285 6212 511 6304 manipularis
547 6218 583 6283 et
618 6211 793 6302 canapalis
827 6232 892 6302 pro
927 6211 1139 6285 monasterio
1176 6208 1333 6301 praelato
1296 6208 1518 6282 tSanetae
1553 6204 1680 6281 Crucis
1701 6164 1836 6280 dilui

284 6334 479 6425 Mentis,
508 6335 605 6406 cuius
632 6334 730 6406 valor
756 6334 961 6406 aestimatur
987 6332 1032 6405 ad
1060 6333 1210 6424 quinque
1236 6351 1380 6405 marcas.

388 6456 758 6546 lunuonnuowrczn,
777 6455 861 6529 villa
871 6457 944 6528 sub
957 6455 1124 6546 parocbia
1141 6453 1306 6526 eeclesiae
1324 6453 1368 6526 de
1386 6452 1502 6524 Ghot
1486 6452 1623 6522 tbcza
1639 6451 1723 6539 sita,
1741 6451 1837 6522 caius

285 6579 482 6671 proprietas
508 6578 554 6651 ad
580 6577 838 6693 serenissimum
864 6574 1032 6651 Poloniae
1063 6593 1180 6669 regem
1212 6573 1375 6669 pertinet
1350 6573 1455 6649 ιιι
1483 6591 1560 6666 qua
1577 6576 1659 6647 suut
1685 6575 1834 6665 quatuor
