4200 8342
1749 1622 1820 1693 173

273 1826 356 1895 item
383 1823 580 1914 praedium,
617 1824 701 1894 item
732 1823 913 1912 tabernae,
951 1825 1033 1894 item
1061 1825 1296 1913 hortulaniae,
1334 1826 1376 1895 de
1405 1826 1529 1932 quibus
1554 1827 1669 1936 m,
1705 1830 1823 1917 paucis

250 1950 398 2034 tamen,
426 1943 617 2015 decimatur
649 1943 813 2014 ecclesiae
841 1944 876 2015 in
903 1944 1117 2040 Wytbow,
1154 1952 1189 2015 et
1216 1947 1312 2016 valor
1339 1948 1413 2017 eius
1440 1947 1645 2046 aeptipatur
1672 1948 1742 2020 ad..
1763 2004 1769 2017 .
1789 2004 1823 2018 ..

375 2065 566 2153 Monszno,
586 2065 669 2136 villa
686 2066 750 2137 sub
768 2065 932 2155 parocbia
955 2065 996 2135 de
1013 2065 1249 2157 Kosclryozc
1269 2068 1346 2156 sita,
1365 2067 1633 2154 ouiupclracres...
1652 2068 1794 2140 Morsk
1800 2092 1822 2160 y

263 2187 316 2266 ,de
343 2185 445 2258 domo
473 2185 714 2275 Bippennium.
749 2186 790 2258 ln
818 2207 886 2275 qua
912 2191 1006 2258 aurit.
1020 2185 1112 2256 lanei
1140 2171 1391 2277 cmctbonales,
1419 2189 1501 2260 iter'u
1527 2190 1711 2278 tabernae,
1741 2190 1823 2261 item

194 2316 199 2334 '
274 2306 504 2394 hortulaniae,
530 2306 614 2377 item
634 2306 825 2395 praedium,
852 2307 895 2378 de
914 2308 1039 2397 quibus
1057 2308 1216 2380 omnibns
1235 2308 1382 2388 11111111
1409 2315 1451 2380 et.
1463 2309 1665 2408 conducitur
1692 2311 1825 2382 decima

274 2426 581 2518 manipularis-pro
600 2427 746 2499 ecclesia
762 2428 799 2499 in
817 2427 1010 2518 Wythow,
1037 2434 1074 2499 et
1093 2430 1190 2499 valor
1208 2430 1282 2501 eius
1305 2429 1570 2568 aestimatrpdm
1589 2436 1667 2502 octo
1681 2452 1824 2502 marcas.

868 2599 875 2614 .
934 2549 1166 2621 Koscnrcza
1269 2567 1291 2610 a:
1622 2612 1627 2636 ,

379 2667 553 2760 Oppidum
580 2670 714 2760 regium
741 2691 846 2759 snper
863 2670 1003 2741 fluvium
1031 2670 1276 2760 Srzenyawa
1294 2671 1408 2760 situm,
1435 2672 1567 2742 babens
1594 2671 1825 2762 parochialem

277 2769 468 2879 ecclesiam,
495 2790 643 2862 Sanctae
669 2790 805 2862 Mariae
832 2791 1060 2881 Magdalenae
1088 2792 1256 2880 dicatam,
1284 2792 1422 2862 filialem
1450 2797 1565 2914 tanrpn
1592 2793 1756 2863 ecclesiae
1784 2793 1826 2863 de

278 2910 475 3000 Wythow.
507 2912 547 2982 In
574 2934 642 3000 quo
669 2918 751 2982 sunt
778 2916 908 3001 septem
937 2933 1012 2982 cnm
1039 2911 1153 2983 medio
1181 2913 1272 2983 lanei
1300 2912 1559 3001 oppidanorum,
1586 2918 1621 2983 ot
1648 2914 1827 3008 dnpdecpm

278 3032 496 3102 hortulaniae
523 3033 691 3103 habentes
718 3052 840 3121 agros,
867 3032 909 3102 dc
938 3033 1062 3132 quibus
1090 3032 1266 3121 omnibns,
1302 3041 1454 3122 praeter·
1470 3054 1598 3123 paucas
1626 3025 1756 3121 ὠ,
1785 3034 1827 3104 (11

279 3132 409 3241 quibus
429 3152 521 3223 cedit
547 3153 678 3224 decima
705 3153 954 3244 manipularis,
986 3154 1111 3243 partim
1140 3154 1304 3224 ecclesiae
1332 3154 1366 3223 in
1394 3153 1609 3246 Wythorr,
1637 3155 1725 3243 part‘
1791 3155 1826 3224 in

278 3272 536 3362 Przemanlrow,
563 3274 675 3345 omnis
702 3274 836 3363 reliqua
866 3273 999 3345 decima
1016 3280 1087 3344 tam
1106 3275 1331 3364 manipularis
1359 3295 1462 3363 qnam
1515 3371 1517 3376 Ι
1566 3274 1654 3363 palis
1681 3176 1827 3344 sdvuitur

279 3415 342 3483 pro
369 3393 521 3483 capitulo
548 3392 786 3484 Cracovicnsi,
822 3400 858 3466 ct
884 3395 981 3466 valor
1008 3395 1212 3466 aestimatur
1239 3396 1284 3468 ad
1311 3394 1428 3476 decem
1456 3415 1610 3496 marcas,
1635 3395 1722 3466 Item
1759 3395 1826 3467 sol·
1888 3413 1892 3420 ·

280 3520 366 3586 runt
393 3514 557 3604 oppidani
571 3515 749 3586 *ccclesiae
776 3516 812 3586 in
839 3515 1040 3606 Wythow
1066 3512 1226 3586 stltolowc.
1320 3565 1322 3570 -

958 3635 1150 3707 Pononra

775 3859 782 3881 ⁸
884 3877 1224 3949 Wawuzrncmczn.
1275 3853 1280 3863 ’

383 3996 556 4087 Oppidrun
583 3998 714 4070 habens
732 3999 768 4068 iu
787 4018 823 4069 se
842 3998 1021 4070 ecclesiam
1045 3998 1276 4087 parochialem
1295 3999 1404 4068 latere
1423 4002 1603 4087 muratam,
1631 3998 1830 4102 etfflrctae

280 4118 415 4189 Mariae
450 4118 676 4208 Magdalenae
712 4119 862 4190 dicatam
889 4125 925 4189 et
951 4119 1104 4192 alvone
1132 4119 1293 4208 opiscopo
1331 4117 1552 4190 Gracoviensi
1586 4117 1764 4189 fundatam
1794 4123 1830 4198 et

214 4329 220 4338 α
280 4239 453 4328 dotatam,
479 4240 577 4310 cuius
603 4241 723 4311 unicus
748 4241 1124 4331 patronus-opiscopus
1152 4238 1409 4328 GracoviensiS,
1437 4240 1545 4344 cuius
1561 4240 1757 4334 propriptas
1785 4240 1829 4310 ad
1892 4316 1896 4322 ,
1990 4233 2020 4318 ,’

284 4361 519 4449 episcopatum
546 4358 808 4432 Craeovienscm
836 4362 995 4450 pertinet.
1023 4362 1063 4431 In
1092 4383 1159 4450 quo
1187 4381 1255 4432 non
1283 4366 1364 4432 sunt
1390 4359 1481 4430 lanei
1508 4360 1734 4449 emensurati,
1770 4360 1831 4431 sed

283 4487 369 4558 sunt,
390 4486 521 4571 septem
557 4480 678 4553 domus
705 4482 841 4572 civiles,
879 4501 956 4554 cunr
984 4483 1056 4554 suis
1083 4483 1194 4571 areis,
1230 4502 1318 4572 quae
1352 4482 1528 4554 tabernae-
1555 4486 1742 4571 vocantur,
1769 4483 1831 4553 lra-

282 4603 405 4674 bentes
439 4624 565 4692 parvos
600 4624 703 4692 agros
730 4604 774 4674 ad
802 4605 1038 4693 episcopatum
1055 4677 1058 4682 ,
1075 4602 1337 4676 Gracovionsem
1362 4604 1595 4694 pertinentes.
1630 4604 1719 4714 ltep
1746 4609 1827 4675 sunt
1913 4621 1915 4625 ·
2013 4583 2016 4587 ¹

280 4724 347 4812 ibi,
374 4723 492 4794 decem
519 4729 556 4794 et
581 4745 835 4812 novemgareac
862 4726 983 4797 domus
1011 4725 1084 4796 sive
1104 4725 1270 4795 tabernae
1288 4724 1324 4793 in
1343 4724 1481 4810 circulo,
1508 4724 1676 4794 habentes
1703 4743 1830 4812 paneas
1883 4749 1890 4771 ·

282 4864 385 4933 agros
408 4850 447 4916 et
473 4846 612 4933 hortoS,
639 4843 683 4915 ad
711 4845 961 4934 proprietatem
988 4845 1127 4935 plebani
1155 4844 1198 4914 de
1224 4843 1578 4933 Wan'rzyncnicne
1606 4844 1832 4931 pertinentes,

284 4965 510 5054 inaequaliter
537 4971 652 5036 tamon
680 4985 817 5037 consum
845 4965 1001 5036 annalem
1020 4966 1168 5054 plebano
1187 4970 1223 5036 01
1242 4964 1406 5048 eeclesiae
1425 4964 1459 5034 in
1478 4961 1833 5053 Wawrzynczicze

285 5062 468 5175 solventes
495 5090 531 5157 et
557 5093 639 5158 sunt
666 5088 729 5158 sub
756 5081 1001 5180 iurisdictione·¹
1031 5085 1171 5175 plebani
1196 5106 1218 5166 1
1245 5084 1481 5154 iurisdictione
1508 5083 1660 5173 episcopi
1687 5083 1834 5172 excepti.
1933 5134 1938 5144 .

285 5206 373 5278 Item
401 5212 481 5296 post
507 5206 724 5292 hortulanias
751 5206 964 5297 episcopales
991 5206 1137 5277 solvitur
1164 5210 1199 5276 ct
1217 5204 1423 5285 conducitur.
1448 5205 1582 5275 decima
1608 5204 1833 5296 manipularis

283 5347 346 5416 pro
374 5327 520 5398 ecclesia
547 5303 584 5398 et
609 5328 757 5417 plebano
776 5305 1206 5418 irralllawrnynczicze3
1233 5325 1330 5397 valor
1356 5325 1431 5396 eius
1459 5325 1503 5395 ad
1531 5321 1673 5430 sepm
1691 5346 1834 5396 marcas.

284 5448 371 5519 Item
398 5446 544 5522 ecclesia
570 5454 606 5519 ct
631 5449 798 5538 plebanus
833 5449 963 5520 habent
990 5468 1093 5539 agros
1120 5441 1280 5537 proprios
1316 5446 1446 5518 liberos
1472 5453 1510 5526 d·
1534 5454 1654 5537 prata,
1681 5468 1744 5537 pro
1773 5467 1835 5516 suo

285 5590 349 5642 usu
376 5574 412 5640 et
438 5557 654 5641 necessitat.
856 5655 859 5662 ,
1346 5631 1357 5646 ,

388 5689 608 5761 Paskowa
634 5691 746 5780 prima
772 5710 855 5762 area
881 5691 1019 5780 plebani
1047 5688 1153 5760 solvit
1180 5709 1283 5760 unam
1311 5709 1527 5780 sangonam.

282 5849 297 5862 ,.
389 5810 645 5884 Ozibaszka
671 5812 821 5900 secupda
847 5832 930 5882 arca
955 5811 1095 5901 plebani
1123 5810 1226 5882 solvit
1253 5832 1355 5881 unam
1383 5832 1460 5882 oum
1487 5809 1601 5880 media
1627 5829 1787 5878 marcam.

389 5932 599 6024 Sigismundi
625 5933 732 6004 tertia
759 5932 971 6004 areasolvit
998 5954 1101 6004 unam
1128 5953 1205 6003 cum
1218 5932 1347 6016 media
1373 5952 1533 6002 marcam.

389 6053 512 6138 Sartor
538 6039 772 6144 quarta,.area
798 6053 950 6130 ciusdem
978 6054 1118 6142 plebani
1145 6052 1249 6123 solvit
1275 6052 1433 6123 mediam¹
1450 6055 1607 6122 marcam.

390 6170 540 6248 Helk'a
564 6175 794 6265 quinta-»rea
820 6174 925 6246 solvit
946 6174 1098 6248 mediam
1126 6194 1285 6245 marcam.

390 6295 505 6368 Faber
531 6302 639 6367 sexta
657 6294 998 6418 area‘solvit‘unam
1026 6313 1186 6376 marcam.
1224 6369 1228 6377 ¹
1269 6301 1275 6318 ’

391 6416 592 6500 druszel
782 6436 866 6488 area
893 6435 996 6487 unam
1022 6431 1182 6506 marcar.

370 6535 591 6638 Ι(11111111
618 6559 658 6613 oc
696 6559 740 6613 ra
766 6557 848 6611 area
863 6536 1013 6634 plebani
1039 6554 1142 6612 unam
1170 6555 1330 6611 maroam.
1415 6620 1417 6623 ,
