4200 8342
294 1619 370 1696 230

395 1829 672 1920 Bncuowucze,
700 1830 782 1900 villa
800 1832 864 1903 sub
883 1832 1048 1920 parochia
1074 1795 1496 1922 de'Spythkouicze
1523 1831 1609 1920 sita,
1625 1830 1733 1901 'euius
1760 1829 1846 1902 hae·

291 1949 422 2022 reditas
458 1955 493 2021 et
527 1950 715 2022 dominium
751 1952 795 2023 ad
832 1951 936 2022 duces
971 1950 1217 2023 Zathorienses
1253 1952 1414 2041 pertinet.
1454 1951 1495 2021 ln
1534 1970 1603 2041 qua
1637 1956 1718 2022 sunt
1754 1951 1846 2023 lanei

292 2071 538 2162 cmethoriales,
565 2071 609 2144 de
628 2072 753 2163 quibus
772 2072 920 2144 solvitur
938 2071 1072 2144 decima
1098 2073 1324 2162 manipularis
1352 2073 1578 2144 scholastriae
1606 2070 1844 2162 Gracoviensi3

291 2191 387 2264 cuius
413 2192 517 2263 etiarn
554 2193 732 2283 perceptio
768 2194 803 2264 in
839 2193 1023 2283 manipulis
1059 2194 1235 2265 abstracta
1271 2200 1325 2265 est
1362 2213 1383 2263 a
1415 2192 1614 2284 ecolesma,
1650 2197 1686 2264 et
1711 2193 1845 2266 incolae

291 2313 357 2386 soli
384 2313 497 2403 illam,
534 2315 680 2405 quilibet
706 2314 750 2387 dc
777 2336 862 2405 agro
890 2337 952 2386 suo
979 2315 1192 2406 percipiunt,
1230 2321 1266 2390 ct
1293 2315 1433 2387 solvunt
1469 2315 1665 2386 summatim
1692 2334 1756 2406 pro
1784 2303 1851 2386 illa'

256 2517 258 2521 .
293 2433 502 2508 scholastico
537 2440 686 2526 quatuor
712 2457 849 2508 mareas
875 2437 1025 2508 latorum
1060 2457 1261 2526 grossorum
1296 2436 1543 2527 Pragensium,
1580 2437 1663 2508 item
1689 2437 1847 2527 taberna,

296 2556 378 2627 item
404 2557 631 2648 hortulaniae,
659 2558 743 2630 item
761 2557 941 2650 praedium
954 2611 1070 2630 .....
1081 2577 1084 2584 ·
1533 2565 1546 2574 ’“

962 2677 1171 2751 Mrnszcze.

396 2799 491 2872 Villa
515 2800 649 2872 habens
675 2800 910 2890 parochialem
928 2801 1108 2872 ecclesiam
1135 2801 1171 2870 in
1191 2821 1238 2890 ao,
1265 2800 1413 2873 Sanctae
1430 2799 1565 2872 Mariae
1586 2853 1662 2870 ....
1685 2793 1848 2892 dicatam,
1903 2829 1905 2834 ·

295 2921 392 2992 curius
410 2921 541 2992 domini
568 2927 603 2993 et
620 2922 789 2994 haeredes
817 2921 921 2993 duces
949 2923 991 2993 de
1018 2921 1134 2994 Zath
1147 2943 1204 2995 or.
1249 2923 1289 2992 ln
1308 2943 1376 3013 qua
1395 2926 1475 2992 sunt
1492 2922 1584 2993 lanei
1602 2919 1861 3012 emethonales'

293 3042 335 3114 de
372 3043 497 3133 quibus
532 3043 691 3115 omnibus
726 3044 875 3115 solvitur
915 3044 1049 3116 decima
1082 3043 1308 3135 manipularis
1343 3043 1570 3116 scholastriae
1606 3040 1848 3134 Gracovicnsi;

292 3164 388 3236 cuius
423 3164 601 3255 perceptio
635 3165 672 3236 in
698 3164 886 3256 manipulis
922 3186 943 3237 a
970 3165 1177 3238 scholastria
1213 3165 1390 3237 abstracta
1416 3169 1489 3254 est,
1526 3169 1564 3237 et
1589 3164 1723 3236 incolae
1750 3163 1846 3235 illarn

295 3285 360 3356 soli
386 3285 532 3376 quilibet
567 3287 610 3357 de
636 3307 721 3376 agro
748 3307 811 3358 suo
837 3287 1053 3378 percipiunt,
1089 3293 1126 3358 et
1153 3287 1293 3359 solvunt
1328 3308 1391 3378 pro
1418 3307 1460 3358 aa
1487 3285 1683 3358 summatim
1710 3285 1847 3358 schola·

294 3406 380 3477 stico
415 3404 636 3479 Cracoviensi
672 3407 797 3497 viginti
838 3412 969 3480 scottos
1012 3408 1163 3480 latorum
1197 3428 1398 3498 grossorum
1432 3407 1668 3498 Pragensium.
1713 3406 1848 3479 Haeres

295 3526 519 3600 Niklinus
546 3527 589 3600 de
616 3527 847 3601 Gracovia
872 3530 958 3602 civis
986 3583 1100 3600 .....

928 3649 1223 3722 Proraowrcza

399 3769 493 3841 Villa
519 3751 650 3843 habens
677 3771 713 3842 in
731 3793 769 3844 sc
787 3771 967 3843 ecclesiam
993 3771 1224 3862 parochialem
1252 3770 1412 3861 ligneam,
1439 3771 1587 3844 Sanctae
1614 3825 1728 3842 .....
1755 3771 1849 3843 dica-

294 3899 385 3982 tam,
420 3893 518 3964 cuius
544 3892 711 3965 haeredes
746 3898 784 3964 et
809 3891 940 3964 domini
966 3892 1071 3965 duces
1106 3893 1352 3964 Zathorienses
1384 3891 1562 3983 praedicti.
1603 3887 1643 3964 in
1671 3913 1740 3984 qua
1768 3899 1850 3966 sunt

294 4013 386 4083 lanei
412 4012 664 4102 amathonales,
700 4012 895 4103 dequibus
930 4015 1089 4086 omnibus
1117 4013 1266 4086 solvitur
1291 4013 1425 4084 decima
1460 4014 1685 4104 manipularis
1713 4014 1849 4088 schola·

295 4133 403 4206 ahiae
438 4132 677 4224 Cracoviensi3
713 4136 811 4207 cuius
846 4135 1024 4228 perceptio
1060 4136 1097 4206 in
1125 4134 1300 4224 manipulo
1336 4134 1512 4206 abstracta
1538 4139 1610 4224 ost,
1646 4137 1682 4207 et
1714 4135 1849 4208 incolae

295 4255 362 4326 sibi
399 4256 490 4326 illam
528 4256 674 4347 quilibet
700 4257 742 4328 de
770 4278 855 4348 agro
891 4277 955 4327 suo
981 4257 1196 4346 percipiunt,
1232 4260 1268 4325 et
1294 4255 1433 4327 solvunt
1470 4255 1664 4327 summatim
1697 4275 1761 4346 pro
1788 4255 1850 4328 illa

296 4367 503 4447 scholastico
530 4374 752 4450 cracoviensi
780 4384 930 4468 quatuor
956 4398 1034 4448 curn
1057 4377 1170 4448 media
1196 4397 1331 4448 mareas
1357 4377 1508 4450 latorum
1535 4396 1736 4466 grossorum
1764 4376 1851 4448 Pra-

293 4497 468 4585 gensium:
505 4498 589 4569 item
623 4499 790 4569 tabernae
817 4551 932 4568 .....
958 4498 1043 4568 item
1070 4497 1246 4569 hortulani
1273 4551 1387 4568 .....
1415 4475 1500 4569 item
1529 4497 1729 4588 praedium:
1766 4499 1849 4569 item

298 4616 444 4688 ecclesia
469 4622 505 4688 et
530 4617 698 4708 plebanus
724 4620 831 4691 babet
858 4620 906 4692 ibi
934 4619 1095 4709 proprios
1122 4639 1224 4708 agros
1251 4617 1395 4709 liberos,
1422 4638 1486 4710 pro
1514 4641 1577 4691 suo
1605 4639 1680 4710 usu,
1707 4619 1852 4710 praedio

296 4742 332 4808 et
358 4737 571 4811 necessitato.

901 4859 1238 4934 Gannaruowrczrr.

400 4981 494 5055 Villa
519 4983 556 5055 in
575 4987 716 5074 quaest
742 4983 888 5056 ccclesia
914 4982 1133 5074 parochialis,
1161 4982 1266 5054 Sanct
1285 5037 1398 5053 .....
1417 4983 1514 5055 cuius
1541 4985 1666 5055 haeres
1684 4983 1852 5058 Nicolaus

298 5101 666 5196 Sohaschowslry
700 5105 873 5179 dedomo
901 5106 1168 5194 Fossorum‚
1200 5105 1321 5195 quiin
1348 5104 1851 5212 polonicoKopaczowye

298 5224 526 5313 appellantur.
566 5226 605 5294 ln
643 5231 818 5315 quaeunt
852 5228 943 5298 lanei
981 5226 1232 5316 cmcthonalcs,
1268 5225 1311 5296 dc
1347 5224 1472 5315 quibus
1508 5226 1666 5299 omnibus
1700 5227 1855 5300 solvitur

299 5344 433 5415 decima
458 5345 685 5436 manipularis
714 5347 920 5419 scholastico
949 5347 1191 5421 Cracoviensi:
1219 5346 1322 5418 huius
1349 5345 1456 5418 etiam
1484 5348 1661 5438 perceptio
1688 5349 1725 5419 iu
1744 5349 1854 5420 mani·

298 5465 379 5558 pulo
407 5466 585 5538 abstracta
611 5472 683 5556 ost,
719 5471 755 5539 ct
781 5469 913 5540 incolae
941 5469 1007 5540 soli
1048 5469 1143 5541 illam
1176 5467 1324 5559 quilibet
1360 5467 1402 5538 dc
1429 5488 1491 5539 suo
1528 5489 1612 5558 agro
1648 5469 1855 5561 percipiunt,

298 5594 335 5660 et
361 5586 501 5660 solvunt
536 5607 600 5678 pro
627 5609 670 5660 ea
697 5590 892 5662 summatim
928 5590 1135 5662 scholastico
1167 5588 1389 5661 Cracorionsi
1424 5593 1496 5663 tres
1531 5610 1665 5662 marcas
1701 5591 1855 5664 latorum

298 5729 500 5801 grossorum
526 5708 773 5801 Progensium:
801 5711 884 5782 item
909 5712 1075 5801 tabema‚
1103 5712 1186 5783 item
1213 5711 1403 5801 hortulani,
1430 5711 1512 5782 item
1538 5703 1728 5802 praedium
1750 5768 1758 5783 .
1777 5767 1785 5782 .
1805 5767 1812 5782 .
1831 5734 1856 5784 .:

298 5833 382 5903 item
410 5831 557 5902 ecclesia
583 5836 619 5904 et
645 5832 812 5924 plebanus
839 5831 946 5904 habet
970 5831 1020 5906 ibi
1046 5833 1208 5923 proprios
1235 5853 1356 5922 agros,
1393 5838 1429 5905 ct
1456 5837 1577 5923 prata,
1604 5851 1669 5924 pro
1697 5853 1762 5905 suo
1789 5854 1855 5906 usu

300 5957 336 6023 et
360 5953 577 6026 necessitate.

938 6073 1212 6164 Pazrrczrczou.¹

405 6193 500 6266 Villa
525 6195 658 6267 habens
685 6197 721 6268 in
739 6217 777 6270 se
804 6195 1037 6287 parochialem
1065 6195 1243 6268 ecclesiam
1271 6195 1439 6286 ligneam,
1466 6193 1573 6268 Sanct
1590 6249 1732 6270 ......
1759 6198 1856 6272 cuius

299 6315 424 6386 haeres
451 6313 616 6386 Nicolaus
642 6316 999 6408 Myschhowsky
1026 6315 1152 6389 nobilis
1179 6315 1342 6388 dedomo
1369 6314 1675 6406 Accipitrum.
1715 6319 1758 6390 ln
1785 6339 1854 6412 qua

304 6440 384 6506 sunt
409 6435 501 6507 lanei
527 6435 771 6526 emethonalee,
798 6438 985 6528 dequibus
1011 6437 1171 6510 omnibus
1198 6435 1497 6510 solvitur-decima
1522 6438 1753 6512 scholastriae
1770 6439 1855 6514 Gra-

309 6551 479 6646 coriensi3
507 6555 604 6628 cuius
630 6555 807 6651 perceptio
832 6557 870 6628 in
890 6557 1077 6656 manipulis
1104 6577 1125 6628 a
1152 6556 1359 6632 scholastria
1385 6559 1561 6638 abstracte
1586 6565 1642 6634 est
1667 6565 1706 6634 et
1720 6559 1856 6642 incolae
