4200 8342
357 1590 429 1662 nse
465 1538 475 1577 ⁵

353 1797 443 1868 lanei
470 1752 721 1886 emethouales,
758 1795 801 1867 de
829 1794 952 1886 quibus
989 1795 1137 1868 solvitur
1164 1801 1201 1867 et
1227 1794 1430 1868 conducitur
1457 1793 1590 1868 decima
1614 1795 1847 1887 manipularis
1873 1801 1907 1868 et

352 1919 525 2010 canapaiis
547 1938 610 2008 pro
629 1916 774 1989 ecclesia
800 1917 837 1988 in
864 1915 987 1988 Nova
1014 1915 1329 2010 Gozycglowy.

453 2041 636 2130 Knossm,
670 2039 754 2111 villa
780 2039 844 2110 sub
872 2039 1037 2130 parochia
1073 2039 1116 2111 de
1143 2040 1270 2112 Nova
1304 2037 1621 2130 Kozyeglouy,
1648 2030 1748 2113 cuius
1783 2031 1905 2110 haeres

197 2153 202 2171 '
344 2163 528 2267 ¹Iohannes
554 2134 854 2251 Kozeglowslry
877 2160 919 2230 de
938 2159 1044 2230 armis
1063 2158 1281 2250 Vulpium
1298 2161 1337 2231 In
1357 2181 1426 2250 qua
1452 2166 1534 2232 sunt
1553 2159 1643 2231 lanei
1662 2160 1905 2250 cmethonaIes,

244 2300 249 2305 ·
350 2283 545 2374 dequibus
576 2280 733 2353 omnibus
770 2281 917 2355 solvitur
943 2288 979 2367 et
1006 2281 1212 2353 conducitur
1249 2281 1382 2353 decima
1417 2279 1641 2370 manipularis
1666 2302 1734 2370 pro
1763 2278 1905 2357 ecclesa

350 2406 386 2476 in
413 2404 514 2475 Nora
538 2401 756 2494 Koneglouy.
782 2401 870 2474 Item
890 2409 944 2474 est
961 2402 1010 2474 ibi
1029 2402 1208 2493 praedium
1223 2402 1391 2494 militare,
1418 2401 1461 2473 de
1479 2402 1575 2475 cuius
1590 2402 1685 2491 agris
1710 2401 1905 2477 ¹decimatur

350 2524 556 2616 presbytero
584 2525 761 2597 castrensi.

667 2703 856 2784 Ecclesia
890 2702 1187 2808 praebendalis
1219 2702 1403 2784 Sanctae
1435 2634 1602 2804 (trucis,
1737 2729 1746 2743 ’

352 2873 452 2975 cuius
477 2875 751 2967 praebendarius
777 2873 903 2945 Petrus
936 2873 979 2945 de
1006 2872 1202 2964 Oronulow,
1237 2875 1335 2946 cuius
1361 2878 1529 2963 patronus
1548 2927 1556 2942 .
1574 2927 1582 2942 .
1602 2926 1609 2942 .
1627 2894 1652 2942 .:
1688 2870 1774 2944 item
1801 2872 1903 2944 habet

349 2998 515 3086 piscinam
531 2996 566 3067 iu
581 2995 843 3086 Kozyeglowi
863 2995 989 3085 oppido
1063 2995 1149 3066 Item
1164 2994 1435 3086 praebendarius
1449 2995 1556 3065 hahet
1569 2993 1619 3064 ihi
1632 3013 1739 3064 unum
1758 2993 1902 3083 laneum,

247 3154 250 3161 ·
284 3186 286 3190 .
351 3117 489 3209 dequo
517 3116 583 3188 sibi
610 3116 756 3188 solvitur
782 3136 847 3205 pro
875 3137 990 3187 annuo
1018 3136 1123 3187 censu
1143 3171 1276 3206 ......
1304 3117 1388 3188 item
1414 3115 1521 3217 habet
1548 3121 1584 3185 et
1602 3136 1706 3184 unam
1725 3114 1901 3205 piscinam.

452 3238 661 3328 Mnoszow,
697 3237 780 3310 villa
817 3237 880 3308 sub
917 3238 1082 3327 parochia
1118 3237 1160 3309 de
1196 3237 1358 3310 Mirow
1391 3237 1478 3326 sita,
1514 3237 1549 3307 in
1588 3255 1655 3328 qua
1690 3241 1774 3307 suut
1811 3234 1902 3306 lanei

349 3358 599 3449 cmcthonales,
635 3358 830 3448 dequibus
867 3359 1012 3430 solvitur
1039 3357 1174 3430 decima
1204 3358 1428 3449 manipularis
1450 3356 1717 3447 praehendario
1753 3354 1900 3428 Sanctae

349 3477 488 3570 Crucis,
515 3486 550 3550 et
577 3478 676 3551 valor
703 3479 777 3551 eins
804 3479 1007 3550 aestimatur
1034 3479 1101 3550 ad.
1121 3534 1128 3550 .
1200 3535 1235 3552 ..

439 3599 759 3690 ‘Posrawczrczm
785 3600 869 3672 villa
894 3601 958 3672 sub
987 3602 1154 3690 parochia
1180 3601 1222 3671 de
1250 3599 1416 3673 Mirow'
1436 3601 1513 3671 sita.
1538 3600 1578 3671 In
1607 3620 1674 3691 qua
1701 3605 1785 3671 sunt
1812 3599 1901 3671 lanei

347 3721 590 3811 emethonales,
618 3719 661 3793 de
689 3721 812 3811 quibus
840 3720 987 3792 solvitur
1013 3728 1049 3792 et
1077 3720 1281 3802 conducitur
1315 3721 1449 3792 decima
1475 3720 1702 3810 manipularis
1730 3722 1901 3811 praehen-

347 3841 445 3913 dario
473 3841 619 3914 Sanctae
646 3840 785 3932 Crucis,
813 3848 848 3912 et
874 3841 972 3915 valor
999 3843 1074 3914 eius
1101 3844 1306 3915 aestimatur
1332 3842 1377 3914 ad
1396 3898 1404 3912 .
1423 3897 1431 3912 .
1450 3897 1484 3912 ..
1510 3842 1599 3925 Item
1625 3842 1900 3934 praebendarius

347 3970 487 4035 tenetur
521 3964 638 4055 legere
674 3969 746 4035 tres
781 3964 906 4036 missas
943 3965 977 4036 in
1011 3966 1222 4055 septimana,
1259 3964 1315 4036 die
1351 3964 1512 4036 videlicet
1545 3963 1718 4036 dominica
1753 3962 1900 4035 Sanctae

347 4085 532 4177 Trinitati,
558 4085 647 4157 feria
673 4085 825 4157 secunda
851 4108 914 4177 pro
942 4087 1112 4178 poetelio,
1139 4091 1175 4158 et
1201 4091 1301 4157 sexta
1326 4082 1414 4156 feria
1442 4084 1588 4190 Sanctae
1615 4083 1727 4156 Cruci.

449 4207 572 4278 Altare
600 4208 636 4278 iu
663 4228 781 4280 nova
815 4206 1115 4301 Kozyegloui
1151 4206 1299 4278 Sanctae
1325 4206 1462 4278 Mariae
1487 4206 1660 4294 dicatum,
1686 4211 1725 4277 et
1748 4226 1815 4296 per
1840 4206 1899 4277 Jo

347 4328 496 4401 hannem
522 4327 885 4419 Kozieglowsky
912 4328 1101 4400 fundatum.

944 4438 1299 4521 Crunoscncnunnon.

246 4658 250 4665 k
449 4569 543 4642 Villa
570 4571 701 4642 hahens
729 4570 764 4642 in
792 4591 829 4641 se
858 4571 1036 4641 ecclesiam
1073 4571 1306 4661 parochialem
1334 4571 1483 4660 ligneam
1510 4571 1546 4641 in
1574 4570 1740 4643 honorem
1767 4570 1897 4643 Bootae

346 4689 486 4780 Virgini
521 4690 673 4782 Mariae,
709 4690 836 4762 Sancto
873 4690 1045 4762 Stanislao
1082 4699 1118 4762 ct
1144 4691 1271 4763 Sancto
1307 4691 1524 4763 Bernardino
1560 4691 1727 4780 dicatam,
1765 4695 1801 4761 et
1836 4711 1898 4780 per

345 4809 511 4883 Thomam
538 4813 912 4904 Strzempynslry,
940 4814 1020 4885 olim
1048 4814 1245 4904 episcopum
1273 4812 1547 4901 Cracoviensem,
1573 4811 1772 4902 lundatam3
1800 4813 1894 4882 cuius

343 4934 539 5023 proprietas
583 4935 736 5024 pertinet
779 4934 823 5005 ad
873 4934 1052 5006 Nicolaum
1098 4934 1137 5004 M
1146 4935 1357 5024 yrzowslr
1367 4956 1389 5025 y
1433 4933 1476 5004 de
1511 4933 1617 5004 armis
1653 4931 1896 5022 Griffonum,

346 5054 390 5124 ad
418 5055 514 5126 cuius
541 5055 742 5128 instantiam
771 5062 807 5127 ct
833 5057 1033 5146 petitionem
1062 5055 1226 5126 humilem
1254 5061 1371 5126 erecta
1397 5061 1433 5125 ct
1460 5054 1603 5126 lundata
1625 5059 1680 5125 cst
1701 5074 1743 5125 ex
1763 5054 1897 5126 duabus

344 5174 509 5264 ecclesiis,
536 5183 699 5267 tanquam
719 5178 932 5268 matricibus,
959 5176 1205 5248 Slowcoriensi
1232 5176 1392 5247 videlicet
1409 5182 1445 5246 et
1465 5174 1801 5275 Szyewyerensi.hr
1829 5197 1898 5266 qua

344 5300 424 5364 suut
451 5296 642 5385 quindecim
679 5297 769 5368 lanei
797 5298 1046 5387 cructhonaleS,
1083 5298 1277 5388 dequibus
1315 5298 1463 5368 solvitur
1499 5297 1631 5368 decima
1666 5296 1895 5386 manipularis

344 5437 408 5508 pro
435 5415 580 5487 ecclesia
607 5418 641 5486 in
669 5415 1039 5509 Chroschczehrod,
1067 5424 1102 5489 et
1129 5419 1227 5490 valor
1254 5419 1328 5488 eius
1356 5419 1563 5489 aestimatur
1589 5416 1633 5488 ad
1661 5438 1722 5488 sex
1749 5438 1896 5489 marcas,

342 5538 430 5609 Item
467 5543 520 5608 est
555 5536 602 5609 ihi
638 5559 742 5609 unum
778 5540 956 5628 praedium
997 5540 1165 5631 militare,
1211 5539 1253 5610 de
1289 5540 1386 5612 cuius
1423 5540 1526 5610 etiam
1570 5539 1663 5629 agris
1699 5536 1897 5610 decimatur

343 5659 508 5730 ccclesiae
535 5659 570 5729 in
598 5658 975 5751 Chroschczehrod,
1011 5667 1047 5732 ct
1074 5662 1172 5733 valor
1198 5662 1272 5733 eius
1300 5662 1344 5734 ad
1372 5682 1432 5732 sen
1458 5680 1603 5733 marcas.
1634 5660 1720 5731 Item
1748 5660 1897 5733 ecclesia

341 5787 377 5851 et
403 5779 569 5870 plebanus
597 5782 702 5852 hahet
729 5773 776 5853 ibi
805 5781 891 5854 duos
918 5783 1035 5854 laneos
1064 5803 1140 5853 cum
1167 5783 1297 5873 pratia,
1326 5785 1408 5854 item
1435 5781 1521 5852 duas
1548 5783 1708 5872 piscinas,
1736 5782 1832 5871 quod
1860 5788 1897 5853 et

350 5922 436 5991 quas
464 5902 605 5973 donarit
632 5903 664 5972 ei
691 5903 726 5973 in
755 5924 852 5974 usum
876 5909 912 5974 et
928 5905 1179 5994 proprietatem
1205 5903 1382 5994 praelatus
1408 5902 1572 5974 Nicoluus
1597 5901 1900 5996 Myrzowslsy‚

339 6023 526 6111 primarius
552 6021 724 6094 fundator.
1415 6111 1417 6113 ,

445 6140 737 6234 Tnucznonnns,
761 6144 845 6217 villa
872 6147 936 6217 suh
963 6147 1130 6236 parochia
1156 6146 1199 6216 de
1226 6143 1660 6235 Ohroschczehrod,
1686 6143 1786 6219 cuius
1812 6146 1897 6219 hae·

338 6263 471 6335 reditas
499 6263 542 6335 ad
570 6265 805 6354 episcopatum
841 6264 1104 6338 cracoviensem
1141 6267 1301 6355 pertinet.
1341 6266 1479 6363 Inqua
1513 6270 1596 6338 sunt
1631 6266 1893 6357 quatuordecim

339 6384 430 6457 lanei
465 6384 718 6475 emethouales,
763 6387 806 6458 de
842 6389 966 6477 quibus
992 6386 1151 6461 'solvitur
1186 6388 1319 6460 decima
1362 6384 1552 6491 pecunialis
1588 6407 1652 6478 pro
1689 6389 1892 6481 episcopatu

339 6503 577 6597 Graeoviensi,
604 6506 647 6578 de
674 6507 829 6599 quolibet
854 6509 954 6582 laneo
981 6530 1046 6601 per
1072 6517 1152 6584 octo
1178 6531 1319 6602 grossos
1346 6509 1536 6582 mediorum
1562 6530 1776 6603 grossorum.
1802 6509 1892 6583 Item
