4200 8342
1760 1630 1939 1704 35‘

257 1833 303 1905 ad
330 1854 391 1905 sex
426 1853 581 1922 marcas3
616 1833 660 1904 de
695 1833 868 1925 aliquibus
904 1855 988 1905 varo
1005 1905 1008 1909 ,
1023 1833 1171 1906 ecclesia
1205 1835 1508 1926 inTsczioza,
1544 1843 1581 1909 et
1607 1837 1705 1910 valor
1740 1839 1815 1911 eins

258 1955 465 2027 aestimatur
491 1953 536 2026 ad
563 1974 624 2026 sex
651 1975 806 2044 marcas3
833 1955 876 2026 de
903 1955 1078 2046 aliquibus
1104 1952 1191 2028 vero
1214 1956 1487 2048 praebendarius
1514 1958 1552 2030 in
1565 1957 1814 2050 ¹Obyohou,

259 2081 297 2147 et
323 2076 422 2148 valor
448 2075 523 2153 eius
550 2075 756 2149 aestimatur
782 2076 828 2155 ad
846 2129 1015 2146 .......
1041 2076 1131 2172 item
1157 2083 1213 2149 est
1229 2077 1289 2150 ibi
1314 2078 1496 2169 praedium
1522 2102 1628 2153 unum
1654 2081 1814 2183 militare,

258 2196 302 2269 de
329 2198 427 2269 cuius
453 2196 548 2288 agris
574 2196 723 2270 solvitur
759 2195 891 2268 decima
926 2196 1154 2288 manipularis
1176 2194 1355 2277 ..ecclesiae
1381 2199 1418 2270 in
1446 2199 1682 2291 Tszczica,
1717 2184 1814 2274 caius

258 2317 357 2390 valor
383 2316 430 2388 ad
456 2337 517 2389 sex
544 2337 679 2389 marcas
706 2318 934 2391 aestimatum·
1401 2405 1403 2410 ,

362 2436 553 2529 Jnnnczn,
579 2437 664 2509 villa
681 2438 745 2511 sub
763 2438 929 2529 parochia
947 2437 990 2510 de
1009 2437 1232 2512 Thsczioza
1254 2439 1340 2529 sita,
1368 2440 1466 2513 cuius
1492 2441 1616 2515 haeres
1632 2441 1813 2516 «lohannes

257 2560 344 2631 alias
370 2559 466 2631 Iwan
493 2558 536 2631 de
562 2557 790 2650 Obychou
817 2556 861 2631 de
888 2558 989 2631 domo
1025 2559 1413 2651 Zambrzaglowa
1436 2561 1524 2635 alias
1549 2561 1811 2654 Wieniaua,
1849 2621 1855 2641 s

257 2682 295 2753 iu
313 2701 381 2773 qua
398 2685 480 2752 sunt
495 2679 589 2753 lanei
615 2680 867 2770 cmetlmnales,
884 2680 978 2771 itam
1004 2677 1161 2775 taberna,
1188 2681 1321 2755 habens
1338 2703 1452 2774 agros,
1479 2683 1812 2776 itemhortulaniae,

256 2803 426 2876 habentes
451 2822 572 2892 egros,
599 2799 642 2874 de
669 2800 794 2893 quibus
821 2801 980 2875 omnibus
1017 2802 1165 2875 solvitur
1191 2808 1228 2876 et
1254 2800 1457 2881 conducitur
1493 2800 1629 2877 decima
1652 2807 1810 2897 manipu-

256 2923 341 3023 laris
367 2928 405 2994 et
431 2922 608 3012 canapalia
633 2942 698 3013 pro
724 2922 934 2996 monasterio
960 2921 1285 3014 Imbramovicensi,
1320 2929 1356 2995 et
1381 2925 1480 2998 valor
1506 2924 1581 2999 eius
1607 2926 1814 3007 aestimatur
1863 2920 1867 2926 ’

257 3043 304 3116 ad
329 3042 454 3134 viginti
480 3063 625 3115 marcas.
1009 3066 1012 3073 ·
1505 3123 1507 3127 ,

360 3164 545 3238 anownn
574 3184 768 3255 mnemon,
804 3165 897 3254 villa,
932 3165 1029 3236 caius
1057 3164 1225 3237 medietas
1260 3165 1337 3239 iure
1367 3150 1571 3256 parochiali,
1585 3167 1812 3271 ..pertinetfflin

259 3286 489 3376 Thsczicza,
503 3291 540 3358 et
558 3285 726 3358 medietas
744 3285 780 3357 in
799 3284 966 3378 Ohlyna,
985 3285 1082 3358 cuius
1101 3286 1297 3376 proprietas
1313 3286 1359 3358 ad
1377 3286 1635 3360 serenissimum
1648 3286 1814 3389 Poloniae

256 3427 375 3498 regem
401 3407 571 3497 pertinet,
599 3407 634 3478 in
662 3427 731 3498 qna
756 3411 838 3478 sunt
863 3406 959 3478 lanei·
982 3407 1233 3498 cmethonales,
1260 3407 1304 3478 de
1322 3408 1447 3499 quibus
1465 3408 1612 3481 soluitur
1629 3410 1812 3489 etcondu-

257 3529 350 3600 citur
385 3527 518 3600 decima
552 3527 777 3619 manipularis
813 3533 850 3605 et
876 3528 1051 3618 canapalis
1087 3528 1254 3601 ecclesiae
1281 3534 1317 3601 et
1343 3529 1565 3620 plebano-in
1578 3528 1814 3617 Uniaiow.

257 3649 348 3721 Item
375 3654 429 3720 est
453 3648 504 3721 ibi
530 3670 637 3721 unum
663 3648 844 3739 praedium
871 3649 1023 3740 regium,
1051 3648 1181 3740 dequo
1209 3648 1401 3723 decimatur
1427 3648 1593 3724 ecclesiae
1611 3656 1647 3722 et
1664 3652 1812 3743 plebano

256 3772 295 3842 in
322 3770 583 3843 Thsczicza
787 3854 789 3857 ¹
1179 3828 1181 3833 -
1522 3842 1526 3851 .

363 3891 664 3981 (inauraturam,
691 3890 793 3982 villa,
829 3892 926 3981 ouius
952 3891 1120 3964 medietas
1146 3892 1338 3982 parochiali
1363 3893 1440 3966 iure
1466 3892 1503 3964 in
1530 3886 1815 3966 Thisozicza'

257 4020 295 4085 et
321 4014 489 4086 medietas
516 4013 552 4085 in
579 4012 789 4087 Unieiou
823 4013 993 4104 pertinet,
1031 4013 1129 4085 cuius
1164 4014 1332 4086 haerodes
1371 4013 1535 4087 Nicotaus
1562 4013 1815 4115 Quilinslsy

258 4134 302 4206 de
329 4135 430 4207 domo
458 4135 695 4227 Vulpium,
730 4156 794 4227 pro
821 4154 894 4211 uua
916 4132 1104 4205 medietate
1130 4133 1252 4224 villae,
1287 4155 1352 4225 pro
1379 4135 1491 4206 altera
1517 4155 1600 4208 vero
1627 4133 1815 4209 medietate
1887 4159 1890 4171 ¹

259 4296 428 4326 .......
445 4255 597 4329 Zarno
624 4276 701 4328 cum
728 4257 861 4328 duobus
887 4253 1081 4346 germanis,
1108 4255 1143 4325 in
1172 4275 1241 4345 qua
1266 4259 1348 4326 sunt
1373 4255 1465 4327 lanei
1491 4246 1743 4345 cmothonalos,
1770 4240 1814 4328 de

259 4378 385 4469 quibus
412 4398 476 4468 pro
503 4398 574 4449 nna
599 4376 785 4451 medietate
811 4376 960 4451 solvitur
978 4375 1112 4447 decima
1134 4375 1361 4467 manipularis
1379 4376 1544 4449 ecclesiae
1561 4376 1599 4449 in
1616 4376 1824 4474 Unieiorr,

258 4521 322 4592 pro
349 4499 461 4572 altera
486 4504 603 4593 autem
629 4497 815 4592 medietate
841 4499 990 4572 solvitur
1017 4496 1184 4570 ecclesiae
1209 4497 1246 4569 in
1273 4489 1561 4578 Tbsczicza,

932 4619 1155 4691 Saaurnwa.

363 4727 477 4834 Villa,
494 4743 627 4816 habeus
647 4743 689 4816 in
716 4762 754 4815 se
780 4741 1014 4833 parochialem
1041 4740 1221 4814 ecclesiam
1256 4740 1407 4831 ligneam
1439 4739 1641 4812 Natiuitatis
1667 4739 1814 4830 Mariae,

259 4866 358 4939 cuius
376 4863 724 4937 haerodesNicolaus
740 4860 997 4954 Pioniazok
1015 4860 1059 4932 de
1077 4845 1383 4941 Withowicze
1401 4859 1444 4931 de
1463 4860 1569 4931 armis
1588 4857 1814 4967 Gielitha,

257 4986 437 5060 Jobannes
456 4991 493 5058 et
513 4985 677 5058 Nicolaus
704 4984 1049 5075 T·rzebiensczy
1077 4981 1120 5056 de
1139 4982 1245 5055 armis
1271 4981 1555 5072 Srzeniawa,
1581 4986 1619 5053 et
1634 4972 1814 5055 lohannes

260 5106 515 5198 Pieniazek
541 5106 585 5180 de
610 5106 910 5187 Iwanouioze
936 5104 979 5177 do
1006 5104 1113 5176 armis
1139 5101 1439 5192 Odrowansch3
1464 5102 1501 5175 in
1528 5122 1597 5193 qua
1622 5089 1814 5176 suntlanai

260 5229 386 5319 viginti
420 5228 585 5319 quinque,
609 5227 695 5300 item
721 5228 889 5301 tabernae
926 5226 1091 5318 qumque,
1117 5212 1287 5297 babentes
1313 5240 1437 5316 agros,
1464 5224 1549 5297 item
1585 5223 1837 5315 hortulaniae,

260 5350 344 5421 item
380 5349 529 5422 taberna
554 5368 624 5422 una
658 5347 816 5440 plebani,
853 5368 940 5439 quae
976 5368 1040 5438 pro
1069 5364 1188 5445 cenam·
1207 5340 1329 5453 sulpit
1346 5343 1496 5418 mediam
1528 5365 1696 5436 marcam,
1730 5345 1814 5419 item

263 5470 463 5542 hortalania
497 5490 568 5543 uua
602 5468 646 5542 de
672 5469 888 5561 proprietate
923 5468 1081 5560 plebani,
1117 5480 1207 5560 quae
1225 5464 1327 5569 nihil
1362 5466 1517 5557 soluens,
1543 5466 1683 5540 laborat
1707 5488 1814 5539 unum

261 5592 352 5664 diem
378 5590 541 5682 pedester
566 5590 603 5664 in
629 5590 840 5682 septimana3
875 5589 960 5665 item
992 5589 1138 5663 ecclesia
1164 5562 1396 5680 etpldbanus
1423 5609 1495 5666 non
1513 5588 1656 5669 habent
1674 5588 1724 5661 ibi
1751 5588 1814 5659 ali-
1966 5608 1968 5613 ·

262 5733 348 5805 quos
382 5732 487 5804 agros
513 5732 590 5804 pro..
601 5710 766 5804 praedio,
802 5731 913 5803 neque
940 5715 1062 5803 prata,
1093 5711 1155 5784 sed
1182 5709 1294 5783 solum
1320 5710 1470 5801 curiam,
1498 5714 1536 5781 et
1561 5710 1655 5781 circa
1681 5709 1813 5782 curiam

262 5834 349 5908 duos
375 5835 505 5907 hortos.
548 5833 638 5907 Item
664 5833 798 5908 decima
833 5832 1060 5925 manipularis
1087 5853 1152 5925 per
1177 5854 1298 5917 omncs
1325 5831 1541 5921 cmetbones,
1568 5831 1752 5921 tabernam
1760 5815 1815 5905 et

261 5955 502 6046 hortolaniam,
528 5956 611 6029 item
627 5944 673 6028 'de
692 5956 793 6029 unico
811 5954 965 6047 praedio,
992 5955 1085 6047 quod
1103 5960 1157 6028 est
1173 5956 1232 6045 ibi,
1260 5953 1408 6032 solvitur
1425 5950 1591 6026 ecclesiae
1610 5957 1648 6024 ot
1665 5951 1813 6043 plebano

261 6079 297 6153 in
324 6077 581 6170 Srenyaua,
609 6077 706 6151 cuias
732 6078 832 6150 valor
860 6077 1065 6150 aesdmatur
1090 6076 1136 6148 ad
1162 6076 1308 6166 triginta
1333 6093 1477 6146 marcas
1538 6092 1546 6107 ·

364 6199 688 6290 Tmanmnmczn,
708 6198 879 6273 uillasub
906 6198 1073 6291 parochia
1089 6196 1133 6270 de
1159 6195 1398 6272 sreniawa
1421 6193 1509 6284 sita,
1537 6192 1813 6269 cuiasxharudcs
1963 6186 1965 6191 ’

259 6320 440 6394 Jobannes
466 6325 503 6393 et
528 6320 693 6395 Nicolaus
721 6320 1069 6411 Trzebiensozy
1096 6318 1140 6391 de
1165 6317 1271 6389 armis
1297 6314 1546 6406 Sreniawa,
1571 6314 1610 6387 in
1637 6334 1706 6405 qna
1731 6318 1815 6387 sunt
1894 6350 1896 6357 ι
1987 6378 1989 6385 .

261 6441 353 6514 lanei
380 6442 625 6534 cmetbonolcs,
649 6443 734 6515 item
759 6442 937 6533 tabernae,
956 6441 1047 6512 item
1071 6436 1299 6528 hortulaniae,
1325 6436 1369 6511 de
1388 6437 1513 6531 auibus
1531 6435 1691 6557 omnibus
1708 6433 1814 6511 solvi·
1850 6496 1874 6550 ·.

261 6568 321 6639 tur
346 6569 385 6639 et
406 6563 622 6649 conducitur,
639 6563 776 6647 docimo
790 6561 1026 6664 manipulum
1039 6567 1078 6642 a
1095 6560 1271 6659 ampotis
1288 6581 1353 6657 pro
1370 6558 1517 6635 ecclesia
1533 6557 1570 6633 io
1595 6556 1828 6675 Sraniapa,
