4200 8342
1763 1646 1810 1719 51

259 1848 433 1921 dedomo
459 1846 686 1921 Habdank
721 1849 852 1921 habent
877 1851 913 1920 in
941 1850 1061 1921 adem
1087 1849 1172 1921 villa
1198 1854 1347 1940 quatuor
1372 1850 1491 1922 laneos
1517 1857 1554 1922 et
1580 1872 1686 1925 uuum
1712 1840 1813 1945 prae·

259 1971 374 2061 dium,
414 1990 519 2042 unam
555 1971 736 2043 tabernam
769 1977 805 2042 et
840 1971 990 2063 quinque
1025 1971 1261 2061 hortulauias3
1300 1971 1384 2043 item
1419 1972 1442 2044 J
1445 1973 1599 2045 ohannes
1633 1972 1677 2045 de
1712 1975 1813 2048 domo

259 2092 539 2184 Serpentum
570 2092 678 2163 habet
703 2113 809 2163 unum
837 2093 1015 2183 praedium
1033 2099 1089 2165 ,et
1117 2114 1219 2164 unam
1246 2094 1479 2165 hortulaniam
1505 2095 1542 2166 iu
1569 2094 1688 2166 eadem
1716 2097 1811 2187 villa3

258 2214 342 2285 itam
369 2213 682 2306 Bruchowsky'
709 2213 752 2286 de
779 2213 881 2286 domo
908 2212 1202 2305 decipi-trum
1246 2213 1351 2285 habet
1386 2214 1422 2285 in
1449 2215 1570 2287 eadem
1597 2215 1681 2287 villa
1707 2238 1813 2290 unum

257 2335 448 2426 praedium,
475 2332 669 2407 Slanislaus
694 2334 993 2427 Polyanowshy
1020 2334 1065 2407 de
1091 2336 1198 2407 armis
1222 2334 1470 2425 <Serpentum
1495 2337 1604 2408 habat
1629 2336 1678 2411 ibi
1705 2356 1811 2411 unum

257 2457 396 2529 laneum
423 2461 460 2528 et
486 2455 572 2531 duas
598 2455 833 2546 hortulanias,
861 2456 905 2528 de
932 2457 1059 2547 quibus
1095 2457 1253 2529 omnibus
1285 2455 1433 2528 solvitur
1460 2463 1495 2528 et
1522 2457 1728 2543 conducitur
1752 2458 1814 2531 de-

257 2578 348 2649 cima
372 2578 598 2668 manipularis
624 2584 661 2650 et
686 2578 863 2669 canapalis
889 2578 1054 2651 ecclesiae
1081 2583 1117 2649 et
1142 2577 1291 2669 plebano
1318 2579 1353 2648 in
1381 2576 1624 2670 Slawicze,
1651 2584 1688 2651 et
1713 2580 1813 2652 valor

257 2697 334 2770 eius
359 2698 566 2771 aestimatur
592 2696 638 2773 ab
664 2698 781 2770 decem
809 2705 846 2771 et
871 2704 951 2771 octo
977 2719 1121 2770 marcas.
1151 2699 1240 2770 Item
1267 2697 1311 2770 de
1338 2699 1496 2771 omnibus
1523 2699 1632 2773 hneis
1659 2700 1813 2775 ematho-

256 2819 405 2909 nulibus,
431 2820 632 2893 hortulanis
650 2827 686 2892 et
703 2819 860 2893 tabernis
887 2819 993 2891 datur
1018 2820 1151 2892 decima
1177 2840 1241 2911 pro
1269 2819 1430 2911 episeopo
1457 2819 1688 2912 Oracoviensi,
1714 2820 1813 2895 cuius

257 2940 357 3012 valor
383 2940 427 3013 ad
455 2945 605 3032 quatuor
629 2960 765 3012 marcas
790 2941 1001 3013 aestimatur.
1113 2990 1119 3003 .

361 3061 728 3152 Pannoscuowrczn,
755 3062 839 3133 villa
865 3061 1115 3153 subparochia
1132 3061 1296 3133 ecclesiae
1315 3061 1358 3132 de
1386 3061 1584 3133 Slawicze
1608 3062 1685 3155 sita,
1714 3063 1812 3135 cuius
1965 3050 1969 3157 J

257 3184 455 3276 proprietas
481 3189 518 3255 et
543 3182 734 3256 dominium
762 3183 806 3255 ad
833 3182 1081 3256 monasterium
1099 3180 1357 3255 Miechoriense
1383 3183 1545 3273 pertinet,
1572 3183 1608 3254 in
1636 3204 1705 3274 qua
1731 3189 1813 3257 sunt

257 3312 390 3397 septem
418 3304 512 3377 lanei
538 3305 791 3396 emethonales,
825 3305 909 3377 item
936 3310 1010 3376 tres
1036 3304 1266 3395 hortulauiae,
1293 3302 1461 3376 habentes
1488 3324 1607 3395 agros3
1633 3305 1716 3377 item
1743 3326 1832 3377 una.
1938 3286 1941 3293 “

256 3427 422 3516 taberna,
458 3425 590 3497 habeus
625 3445 747 3517 agros,
782 3425 979 3516 dequibus
1015 3423 1175 3497 omnibus
1202 3425 1350 3519 soluitur
1376 3430 1414 3496 et
1439 3423 1645 3496 conducitur
1679 3424 1813 3503 decima

256 3547 483 3638 manipularis
509 3552 547 3619 et
572 3547 749 3638 canapalis
783 3567 847 3638 pro
883 3547 1086 3638 episcopatu
1112 3544 1356 3635 cracoviensi,
1392 3551 1428 3616 et
1462 3545 1562 3618 valor
1597 3544 1671 3618 eius
1706 3546 1813 3619 aesti-

257 3674 374 3741 matur
400 3668 446 3740 ad
481 3667 660 3740 duodecim
697 3688 839 3740 marcas.
883 3666 972 3739 Item
1007 3674 1063 3740 est
1098 3668 1147 3739 ihi
1182 3666 1361 3758 praedium
1397 3667 1543 3757 bouum,
1579 3667 1662 3738 item
1697 3672 1752 3741 eat
1777 3673 1814 3740 et

257 3790 435 3880 scoltetia,
471 3789 603 3861 habens
638 3810 760 3881 agros,
795 3788 839 3861 de
867 3789 993 3880 quibus
1019 3788 1124 3862 datur
1159 3789 1292 3861 decima
1326 3787 1493 3861 ecclesiae
1527 3793 1564 3862 et
1594 3788 1742 3880 plebano
1777 3790 1813 3861 in

259 3911 397 3984 Slawi
411 3932 503 4002 cze,
540 3912 638 3983 cuius
664 3911 763 3984 valor
789 3910 834 3983 ad
860 3931 921 3983 sex
947 3931 1082 3983 mareas
1109 3909 1322 3983 aestimatur.

362 4033 462 4107 Duae
497 4033 737 4107 tantummodo
772 4032 989 4123 parochiales
1032 4031 1136 4103 villae
1172 4031 1365 4103 Slauiezo
1399 4036 1436 4102 et
1469 4028 1813 4104 Perkoszouieze.

872 4153 982 4224 Αιηη
1008 4172 1199 4225 accnnsm.
1742 4178 1744 4183 ·

362 4275 473 4367 Villa,
507 4276 639 4349 habens
666 4275 702 4346 iu
729 4295 767 4346 sc
800 4274 980 4347 ecclesiam
1014 4273 1248 4365 parochialem
1284 4277 1466 4375 muratam,
1493 4270 1641 4349 Sanctae
1676 4272 1813 4349 hieriae

262 4398 492 4489 Magdaleaae
518 4397 678 4488 dicamm,
706 4397 803 4469 euius
829 4397 1027 4488 proprietas
1055 4394 1100 4466 ad
1118 4393 1329 4471 Stanislaum
1356 4390 1743 4488 Korzeqniczahy
1768 4395 1813 4469 de

258 4521 365 4592 armis
392 4519 697 4612 Syrokomlya
732 4518 903 4609 pertinet,
939 4519 975 4589 in
1003 4538 1073 4609 qua
1098 4521 1180 4589 sunt
1204 4516 1297 4588 lanei
1324 4516 1576 4608 emethonales,
1612 4518 1696 4589 item
1723 4517 1812 4590 duae

257 4642 441 4730 tabernae,
468 4660 538 4712 una
562 4639 719 4732 plebani,
747 4639 859 4711 altera
884 4639 1064 4728 haeredis,
1100 4639 1184 4711 item
1215 4637 1383 4727 scoltetia,
1409 4638 1543 4711 habeus
1569 4639 1657 4713 duos
1684 4639 1812 4729 laneos,

256 4763 300 4835 de
326 4762 451 4853 quibus
477 4754 636 4834 omnibus
671 4761 819 4833 solvitur
845 4765 882 4833 et
908 4759 1112 4833 conducitur
1148 4758 1282 4831 decima
1317 4758 1543 4850 manipularis
1570 4765 1606 4831 et
1632 4760 1808 4853 mnopuis

257 4906 320 4977 pro
348 4883 494 4956 ecclesia
518 4882 678 4956 Omnium
696 4882 902 4954 Sanctorum
928 4882 1040 4972 partis
1066 4881 1285 4970 nuruum
1311 4880 1523 4972 Gracoria,
1551 4885 1587 4952 et
1611 4856 1714 4953 mlii·
1737 4880 1811 4953 eius

258 5006 461 5078 aestimatur
487 5004 533 5076 ad
550 5056 685 5093 ......
712 5004 795 5075 item
812 5002 992 5095 praedium
1012 5056 1019 5074 .
1039 5057 1047 5073 .
1066 5057 1074 5074 .
1093 5056 1101 5073 .
1120 5025 1147 5092 .;
1165 5003 1247 5074 item
1266 5000 1413 5074 ecclesia
1429 5007 1466 5073 et
1483 5001 1652 5092 plebanus
1678 5000 1812 5075 habent

259 5128 308 5201 ibi
333 5127 495 5219 proprios
522 5144 625 5216 agros
651 5130 689 5197 et
714 5130 825 5216 prata,
851 5134 916 5216 p'ro
943 5144 1006 5197 suo
1033 5124 1176 5216 praedio
1203 5128 1239 5196 et
1264 5122 1478 5195 necessitate.
1505 5120 1619 5195 Huius
1647 5122 1812 5196 ecclesiae

258 5248 338 5320 dum
366 5245 550 5338 aliquando
576 5244 699 5317 suaset
726 5244 894 5336 plebanas
920 5246 1083 5336 Jacobus,
1110 5243 1272 5317 sacerdos
1291 5242 1394 5315 valde
1420 5262 1554 5335 pauper
1572 5248 1608 5316 et
1625 5263 1812 5337 pannosus,

259 5376 294 5441 et
319 5370 452 5440 habens
479 5367 655 5459 ingenium
683 5365 808 5456 docile,
836 5367 944 5440 studii
971 5366 1111 5440 arderet
1137 5364 1330 5456 desiderio,
1356 5364 1570 5457 frequentius
1597 5386 1703 5456 quum
1729 5362 1812 5439 Vir·
1935 5362 1937 5367 ’

257 5492 371 5581 ginem
397 5490 584 5580 gloriosam
610 5486 761 5559 Mariam
787 5495 930 5581 rogaret
964 5508 1029 5580 pro
1057 5508 1235 5578 successu,
1263 5486 1408 5577 accidit,
1435 5491 1476 5559 nt
1502 5486 1682 5559 ecclesiam
1709 5508 1808 5558 suam

258 5612 445 5703 ingressus,
471 5612 508 5683 in
534 5609 637 5682 altari
662 5611 788 5683 maiori
812 5611 1026 5702 marsupium
1052 5615 1190 5682 centum
1222 5608 1404 5701 sexagenis
1431 5609 1581 5681 latorum
1607 5630 1809 5699 grossorum

259 5734 401 5825 reperit,
428 5753 573 5824 quarum
600 5732 797 5823 sumptibus
822 5733 859 5804 in
886 5733 961 5804 iure
987 5730 1339 5823 pontificali-doctor,-
1361 5730 1491 5803 exiade
1517 5728 1656 5803 auditor
1681 5729 1811 5821 palatii,
1905 5822 1908 5828 .

259 5860 400 5948 etpost
425 5854 603 5928 Plooensis
629 5852 812 5946 episcopus
838 5853 988 5944 affectus,
1015 5853 1146 5925 vimute
1172 5857 1208 5924 et
1232 5852 1416 5924 nobilitata
1443 5845 1577 5923 claruit.
1854 5950 1856 5955 Ι

364 5975 637 6048 Czrnnrowica'
664 5975 751 6048 alias
776 5973 1046 6067 Gzrsrowrczn,
1074 5956 1157 6046 villa
1175 5973 1239 6048 sub
1257 5972 1422 6065 parochia
1448 5971 1614 6044 ecclesiae
1632 5971 1676 6045 de
1693 5970 1812 6045 Alba

255 6098 435 6171 'ecelesia
460 6098 537 6188 sita,
564 6097 663 6170 cuius
679 6097 804 6169 haeres
821 6095 987 6169 Nicolaus
1005 6090 1262 6189 Ozdyowshy
1288 6094 1331 6166 de
1355 6094 1457 6166 domo
1475 6092 1654 6186 helyas,
1678 6093 1716 6165 in
1743 6115 1812 6187 qua
1848 6102 1850 6107 '

258 6226 340 6293 sunt
367 6218 485 6291 decem
510 6219 605 6294 lanei
630 6219 883 6310 emethonales,
920 6219 963 6291 do
990 6218 1116 6310 quibus
1143 6217 1276 6288 decima
1310 6214 1536 6306 manipularis
1572 6214 1721 6288 solvitur
1738 6234 1835 6308 ‘pro'

258 6341 362 6414 altari
387 6340 535 6414 Sanctae
560 6339 696 6413 Mariae
722 6339 960 6433 Magdalenae.
986 6339 1074 6412 Item
1096 6340 1132 6410 in
1151 6337 1270 6410 eadem
1297 6336 1380 6409 villa
1406 6341 1488 6410 sunt
1505 6338 1574 6413 duo
1592 6338 1683 6411 lanei
1701 6336 1810 6430 ¹quon-

258 6462 338 6535 dam
364 6462 594 6553 scoltetiales‚
632 6483 718 6553 quos
754 6465 921 6535 hactenus
955 6462 1080 6533 haeres
1107 6459 1261 6533 eiusdem
1287 6459 1409 6546 villae,
1446 6458 1612 6551 depositis
1648 6458 1810 6551 scultetis,

257 6606 322 6681 pro
349 6584 538 6661 scacario
571 6589 668 6678 arat,
702 6584 869 6663 dommum
904 6604 988 6661 vero
1023 6582 1275 6695 uau‘sslurem
1309 6581 1353 6658 da
1379 6580 1527 6741 eisdem,
1536 6580 1580 6655 iu
1603 6576 1813 6681 φαίηᾶααίη
1841 6666 1850 6683 ,
