<?xml version="1.0" encoding="UTF-8"?>
<!DOCTYPE html PUBLIC "-//W3C//DTD XHTML 1.0 Transitional//EN"
    "http://www.w3.org/TR/xhtml1/DTD/xhtml1-transitional.dtd">
<html xmlns="http://www.w3.org/1999/xhtml" xml:lang="en" lang="en">
 <head>
  <title>
</title>
<meta http-equiv="Content-Type" content="text/html;charset=utf-8" />
  <meta name='ocr-system' content='tesseract 3.04.00' />
  <meta name='ocr-capabilities' content='ocr_page ocr_carea ocr_par ocr_line ocrx_word'/>
</head>
<body>
  <div class='ocr_page' id='page_1' title='image "./joannisdugoszse01dugoog_0505.png"; bbox 0 0 4200 8342; ppageno 0'>
   <div class='ocr_carea' id='block_1_1' title="bbox 305 1638 381 1719">
    <p class='ocr_par' dir='ltr' id='par_1_1' title="bbox 305 1638 381 1719">
     <span class='ocr_line' id='line_1_1' title="bbox 305 1638 381 1719; baseline -0.026 0"><span class='ocrx_word' id='word_1_1' title='bbox 305 1638 381 1719; x_wconf 78' lang='grc'>470</span> 
     </span>
    </p>
   </div>
   <div class='ocr_carea' id='block_1_2' title="bbox 298 1848 1856 2436">
    <p class='ocr_par' dir='ltr' id='par_1_2' title="bbox 298 1848 1856 2436">
     <span class='ocr_line' id='line_1_2' title="bbox 300 1848 1850 1949; baseline 0.002 -22"><span class='ocrx_word' id='word_1_2' title='bbox 300 1855 497 1947; x_wconf 79' lang='lat' dir='ltr'>proprietas</span> <span class='ocrx_word' id='word_1_3' title='bbox 524 1851 568 1926; x_wconf 90' lang='lat' dir='ltr'>ad</span> <span class='ocrx_word' id='word_1_4' title='bbox 587 1850 785 1946; x_wconf 89' lang='lat' dir='ltr'>episcopum</span> <span class='ocrx_word' id='word_1_5' title='bbox 812 1848 1071 1927; x_wconf 83' lang='lat' dir='ltr'>Lubucaeasem</span> <span class='ocrx_word' id='word_1_6' title='bbox 1099 1853 1260 1947; x_wconf 82' lang='lat' dir='ltr'><strong>pertinet.</strong></span> <span class='ocrx_word' id='word_1_7' title='bbox 1304 1849 1345 1927; x_wconf 91' lang='lat' dir='ltr'>Ia</span> <span class='ocrx_word' id='word_1_8' title='bbox 1365 1877 1433 1949; x_wconf 89' lang='lat' dir='ltr'>qua</span> <span class='ocrx_word' id='word_1_9' title='bbox 1450 1860 1532 1929; x_wconf 90' lang='lat' dir='ltr'>sunt</span> <span class='ocrx_word' id='word_1_10' title='bbox 1549 1861 1629 1930; x_wconf 93' lang='lat' dir='ltr'>octo</span> <span class='ocrx_word' id='word_1_11' title='bbox 1648 1852 1743 1929; x_wconf 88' lang='lat' dir='ltr'>lanei</span> <span class='ocrx_word' id='word_1_12' title='bbox 1761 1874 1850 1930; x_wconf 90' lang='lat' dir='ltr'>eme·</span> 
     </span>
     <span class='ocr_line' id='line_1_3' title="bbox 305 1976 1853 2071; baseline 0.003 -23"><span class='ocrx_word' id='word_1_13' title='bbox 305 1977 473 2067; x_wconf 76' lang='lat' dir='ltr'>thonaloS,</span> <span class='ocrx_word' id='word_1_14' title='bbox 501 1978 583 2048; x_wconf 89' lang='lat' dir='ltr'>item</span> <span class='ocrx_word' id='word_1_15' title='bbox 610 1977 698 2049; x_wconf 84' lang='lat' dir='ltr'>duae</span> <span class='ocrx_word' id='word_1_16' title='bbox 725 1978 892 2050; x_wconf 88' lang='lat' dir='ltr'>tabernae</span> <span class='ocrx_word' id='word_1_17' title='bbox 919 1976 1088 2048; x_wconf 86' lang='lat' dir='ltr'>habentes</span> <span class='ocrx_word' id='word_1_18' title='bbox 1120 1998 1241 2069; x_wconf 74' lang='lat' dir='ltr'>agros,</span> <span class='ocrx_word' id='word_1_19' title='bbox 1268 1978 1352 2050; x_wconf 91' lang='lat' dir='ltr'>item</span> <span class='ocrx_word' id='word_1_20' title='bbox 1379 1978 1599 2051; x_wconf 89' lang='lat' dir='ltr'>hortalaaiae</span> <span class='ocrx_word' id='word_1_21' title='bbox 1627 1985 1790 2071; x_wconf 86' lang='lat' dir='ltr'>quatuor,</span> <span class='ocrx_word' id='word_1_22' title='bbox 1815 1981 1853 2053; x_wconf 84' lang='lat' dir='ltr'>de</span> 
     </span>
     <span class='ocr_line' id='line_1_4' title="bbox 304 2099 1854 2193; baseline 0.002 -24"><span class='ocrx_word' id='word_1_23' title='bbox 304 2099 427 2189; x_wconf 89' lang='lat' dir='ltr'>quibus</span> <span class='ocrx_word' id='word_1_24' title='bbox 455 2099 606 2171; x_wconf 85' lang='lat' dir='ltr'>decimae</span> <span class='ocrx_word' id='word_1_25' title='bbox 635 2100 859 2190; x_wconf 82' lang='lat' dir='ltr'>manipularis</span> <span class='ocrx_word' id='word_1_26' title='bbox 886 2099 1013 2170; x_wconf 79' lang='lat' dir='ltr'>solutio</span> <span class='ocrx_word' id='word_1_27' title='bbox 1042 2099 1314 2191; x_wconf 83' lang='lat' dir='ltr'>diversificatar;</span> <span class='ocrx_word' id='word_1_28' title='bbox 1342 2122 1419 2179; x_wconf 89' lang='lat' dir='ltr'>uam</span> <span class='ocrx_word' id='word_1_29' title='bbox 1448 2101 1491 2172; x_wconf 88' lang='lat' dir='ltr'>de</span> <span class='ocrx_word' id='word_1_30' title='bbox 1518 2103 1622 2192; x_wconf 81' lang='lat' dir='ltr'>agris,</span> <span class='ocrx_word' id='word_1_31' title='bbox 1651 2101 1696 2172; x_wconf 90' lang='lat' dir='ltr'>ad</span> <span class='ocrx_word' id='word_1_32' title='bbox 1725 2102 1854 2193; x_wconf 78' lang='lat' dir='ltr'>plagam</span> 
     </span>
     <span class='ocr_line' id='line_1_5' title="bbox 302 2221 1855 2314; baseline 0.002 -23"><span class='ocrx_word' id='word_1_33' title='bbox 302 2222 624 2312; x_wconf 90' lang='lat' dir='ltr'>septentrionalem,</span> <span class='ocrx_word' id='word_1_34' title='bbox 651 2223 739 2293; x_wconf 88' lang='lat' dir='ltr'>citra</span> <span class='ocrx_word' id='word_1_35' title='bbox 765 2222 906 2293; x_wconf 86' lang='lat' dir='ltr'>lluvium</span> <span class='ocrx_word' id='word_1_36' title='bbox 933 2243 1054 2292; x_wconf 82' lang='lat' dir='ltr'>uersus</span> <span class='ocrx_word' id='word_1_37' title='bbox 1081 2221 1277 2293; x_wconf 86' lang='lat' dir='ltr'>Mstlron</span> <span class='ocrx_word' id='word_1_38' title='bbox 1305 2223 1399 2314; x_wconf 85' lang='lat' dir='ltr'>sitis,</span> <span class='ocrx_word' id='word_1_39' title='bbox 1427 2225 1580 2313; x_wconf 90' lang='lat' dir='ltr'>pertinet</span> <span class='ocrx_word' id='word_1_40' title='bbox 1606 2223 1651 2294; x_wconf 91' lang='lat' dir='ltr'>ad</span> <span class='ocrx_word' id='word_1_41' title='bbox 1679 2223 1855 2295; x_wconf 87' lang='lat' dir='ltr'>eeclesiam</span> 
     </span>
     <span class='ocr_line' id='line_1_6' title="bbox 298 2340 1856 2436; baseline 0.003 -24"><span class='ocrx_word' id='word_1_42' title='bbox 298 2342 337 2412; x_wconf 88' lang='lat' dir='ltr'>ia</span> <span class='ocrx_word' id='word_1_43' title='bbox 365 2340 558 2434; x_wconf 79' lang='lat' dir='ltr'>Maniae,</span> <span class='ocrx_word' id='word_1_44' title='bbox 585 2345 682 2416; x_wconf 82' lang='lat' dir='ltr'>curius</span> <span class='ocrx_word' id='word_1_45' title='bbox 710 2344 808 2415; x_wconf 85' lang='lat' dir='ltr'>valor</span> <span class='ocrx_word' id='word_1_46' title='bbox 835 2343 1040 2414; x_wconf 88' lang='lat' dir='ltr'>aestimatur</span> <span class='ocrx_word' id='word_1_47' title='bbox 1067 2343 1111 2415; x_wconf 91' lang='lat' dir='ltr'>ad</span> <span class='ocrx_word' id='word_1_48' title='bbox 1131 2349 1281 2433; x_wconf 91' lang='lat' dir='ltr'>quatuor</span> <span class='ocrx_word' id='word_1_49' title='bbox 1307 2364 1458 2434; x_wconf 65' lang='lat' dir='ltr'>marcam</span> <span class='ocrx_word' id='word_1_50' title='bbox 1485 2345 1528 2416; x_wconf 95' lang='lat' dir='ltr'>de</span> <span class='ocrx_word' id='word_1_51' title='bbox 1546 2345 1643 2436; x_wconf 83' lang='lat' dir='ltr'>agris</span> <span class='ocrx_word' id='word_1_52' title='bbox 1671 2366 1756 2418; x_wconf 84' lang='lat' dir='ltr'>aero</span> <span class='ocrx_word' id='word_1_53' title='bbox 1784 2367 1856 2416; x_wconf 83' lang='lat' dir='ltr'>uer-</span> 
     </span>
    </p>
   </div>
   <div class='ocr_carea' id='block_1_3' title="bbox 131 2463 1855 2681">
    <p class='ocr_par' dir='ltr' id='par_1_3' title="bbox 131 2463 1855 2681">
     <span class='ocr_line' id='line_1_7' title="bbox 191 2463 1855 2560; baseline -0.002 -19"><span class='ocrx_word' id='word_1_54' title='bbox 191 2520 207 2541; x_wconf 91' lang='lat'>..</span> <span class='ocrx_word' id='word_1_55' title='bbox 302 2485 361 2535; x_wconf 88' lang='lat' dir='ltr'>sus</span> <span class='ocrx_word' id='word_1_56' title='bbox 389 2464 689 2557; x_wconf 79' lang='lat' dir='ltr'>Trnslrolasz,</span> <span class='ocrx_word' id='word_1_57' title='bbox 716 2466 867 2556; x_wconf 85' lang='lat' dir='ltr'>pertinet</span> <span class='ocrx_word' id='word_1_58' title='bbox 894 2464 939 2536; x_wconf 90' lang='lat' dir='ltr'>ad</span> <span class='ocrx_word' id='word_1_59' title='bbox 956 2464 1156 2560; x_wconf 88' lang='lat' dir='ltr'>episcopum</span> <span class='ocrx_word' id='word_1_60' title='bbox 1174 2463 1452 2557; x_wconf 90' lang='lat' dir='ltr'>Lubuczensem,</span> <span class='ocrx_word' id='word_1_61' title='bbox 1479 2470 1514 2538; x_wconf 91' lang='lat' dir='ltr'>et</span> <span class='ocrx_word' id='word_1_62' title='bbox 1531 2467 1630 2538; x_wconf 87' lang='lat' dir='ltr'>valor</span> <span class='ocrx_word' id='word_1_63' title='bbox 1658 2467 1735 2538; x_wconf 89' lang='lat' dir='ltr'>eius</span> <span class='ocrx_word' id='word_1_64' title='bbox 1754 2468 1855 2538; x_wconf 87' lang='lat' dir='ltr'>aesti-</span> 
     </span>
     <span class='ocr_line' id='line_1_8' title="bbox 131 2579 1855 2681; baseline 0.002 -25"><span class='ocrx_word' id='word_1_65' title='bbox 131 2672 137 2681; x_wconf 21' lang='grc' dir='ltr'>ἱ</span> <span class='ocrx_word' id='word_1_66' title='bbox 184 2610 187 2615; x_wconf 95' lang='grc'><em>·</em></span> <span class='ocrx_word' id='word_1_67' title='bbox 302 2591 418 2658; x_wconf 89' lang='lat' dir='ltr'>matur</span> <span class='ocrx_word' id='word_1_68' title='bbox 444 2586 488 2657; x_wconf 90' lang='lat' dir='ltr'>ad</span> <span class='ocrx_word' id='word_1_69' title='bbox 507 2592 656 2678; x_wconf 88' lang='lat' dir='ltr'>quatuor</span> <span class='ocrx_word' id='word_1_70' title='bbox 682 2608 824 2658; x_wconf 88' lang='lat' dir='ltr'>marcas.</span> <span class='ocrx_word' id='word_1_71' title='bbox 864 2586 953 2657; x_wconf 90' lang='lat' dir='ltr'>ltem</span> <span class='ocrx_word' id='word_1_72' title='bbox 979 2606 1049 2658; x_wconf 92' lang='lat' dir='ltr'>noa</span> <span class='ocrx_word' id='word_1_73' title='bbox 1077 2593 1132 2659; x_wconf 90' lang='lat' dir='ltr'>est</span> <span class='ocrx_word' id='word_1_74' title='bbox 1158 2587 1194 2658; x_wconf 93' lang='lat' dir='ltr'>in</span> <span class='ocrx_word' id='word_1_75' title='bbox 1213 2587 1333 2660; x_wconf 93' lang='lat' dir='ltr'>cadem</span> <span class='ocrx_word' id='word_1_76' title='bbox 1352 2588 1435 2660; x_wconf 83' lang='lat' dir='ltr'>uilla</span> <span class='ocrx_word' id='word_1_77' title='bbox 1453 2579 1632 2681; x_wconf 84' lang='lat' dir='ltr'>praedium</span> <span class='ocrx_word' id='word_1_78' title='bbox 1652 2589 1855 2679; x_wconf 82' lang='lat' dir='ltr'>episcopale,</span> 
     </span>
    </p>
   </div>
   <div class='ocr_carea' id='block_1_4' title="bbox 200 2702 1854 5850">
    <p class='ocr_par' dir='ltr' id='par_1_4' title="bbox 302 2702 1017 2800">
     <span class='ocr_line' id='line_1_9' title="bbox 302 2702 1017 2800; baseline 0.001 -22"><span class='ocrx_word' id='word_1_79' title='bbox 302 2728 415 2799; x_wconf 90' lang='lat' dir='ltr'>neque</span> <span class='ocrx_word' id='word_1_80' title='bbox 440 2709 683 2800; x_wconf 84' lang='lat' dir='ltr'>molendinum,</span> <span class='ocrx_word' id='word_1_81' title='bbox 711 2702 822 2800; x_wconf 86' lang='lat' dir='ltr'>aeque</span> <span class='ocrx_word' id='word_1_82' title='bbox 849 2708 1017 2781; x_wconf 81' lang='lat' dir='ltr'>scultella.</span> 
     </span>
    </p>

    <p class='ocr_par' dir='ltr' id='par_1_5' title="bbox 298 2828 1854 3654">
     <span class='ocr_line' id='line_1_10' title="bbox 404 2828 1854 2923; baseline 0.003 -23"><span class='ocrx_word' id='word_1_83' title='bbox 404 2829 649 2923; x_wconf 83' lang='lat' dir='ltr'>Woaowrcaa,</span> <span class='ocrx_word' id='word_1_84' title='bbox 676 2831 760 2903; x_wconf 86' lang='lat' dir='ltr'>villa</span> <span class='ocrx_word' id='word_1_85' title='bbox 786 2831 850 2902; x_wconf 86' lang='lat' dir='ltr'>sub</span> <span class='ocrx_word' id='word_1_86' title='bbox 878 2831 1044 2921; x_wconf 88' lang='lat' dir='ltr'>parochia</span> <span class='ocrx_word' id='word_1_87' title='bbox 1072 2829 1114 2902; x_wconf 90' lang='lat' dir='ltr'>de</span> <span class='ocrx_word' id='word_1_88' title='bbox 1141 2828 1329 2905; x_wconf 85' lang='lat' dir='ltr'>Monina</span> <span class='ocrx_word' id='word_1_89' title='bbox 1356 2832 1434 2923; x_wconf 87' lang='lat' dir='ltr'>sita,</span> <span class='ocrx_word' id='word_1_90' title='bbox 1462 2832 1559 2905; x_wconf 89' lang='lat' dir='ltr'>euius</span> <span class='ocrx_word' id='word_1_91' title='bbox 1586 2833 1787 2923; x_wconf 82' lang='lat' dir='ltr'>proprietas</span> <span class='ocrx_word' id='word_1_92' title='bbox 1813 2832 1854 2905; x_wconf 92' lang='lat' dir='ltr'>ad</span> 
     </span>
     <span class='ocr_line' id='line_1_11' title="bbox 301 2952 1853 3046; baseline 0.001 -23"><span class='ocrx_word' id='word_1_93' title='bbox 301 2953 499 3043; x_wconf 88' lang='lat' dir='ltr'>episcopum</span> <span class='ocrx_word' id='word_1_94' title='bbox 522 2952 782 3026; x_wconf 89' lang='lat' dir='ltr'>Lubuczensem</span> <span class='ocrx_word' id='word_1_95' title='bbox 810 2953 973 3044; x_wconf 90' lang='lat' dir='ltr'>pertinet.</span> <span class='ocrx_word' id='word_1_96' title='bbox 1016 2953 1057 3024; x_wconf 92' lang='lat' dir='ltr'>In</span> <span class='ocrx_word' id='word_1_97' title='bbox 1086 2974 1154 3044; x_wconf 89' lang='lat' dir='ltr'>qua</span> <span class='ocrx_word' id='word_1_98' title='bbox 1180 2960 1262 3025; x_wconf 90' lang='lat' dir='ltr'>sunt</span> <span class='ocrx_word' id='word_1_99' title='bbox 1289 2974 1350 3025; x_wconf 83' lang='lat' dir='ltr'>sex</span> <span class='ocrx_word' id='word_1_100' title='bbox 1376 2955 1468 3025; x_wconf 89' lang='lat' dir='ltr'>lanei</span> <span class='ocrx_word' id='word_1_101' title='bbox 1495 2954 1745 3045; x_wconf 74' lang='lat' dir='ltr'>cmetlronaleS,</span> <span class='ocrx_word' id='word_1_102' title='bbox 1773 2976 1853 3046; x_wconf 86' lang='lat' dir='ltr'>qao-</span> 
     </span>
     <span class='ocr_line' id='line_1_12' title="bbox 301 3074 1853 3166; baseline 0.003 -22"><span class='ocrx_word' id='word_1_103' title='bbox 301 3095 374 3145; x_wconf 91' lang='lat' dir='ltr'>rum</span> <span class='ocrx_word' id='word_1_104' title='bbox 404 3076 555 3166; x_wconf 90' lang='lat' dir='ltr'>quiaque</span> <span class='ocrx_word' id='word_1_105' title='bbox 568 3076 744 3166; x_wconf 91' lang='lat' dir='ltr'>pertineat</span> <span class='ocrx_word' id='word_1_106' title='bbox 762 3075 806 3145; x_wconf 88' lang='lat' dir='ltr'>ad</span> <span class='ocrx_word' id='word_1_107' title='bbox 833 3075 1030 3165; x_wconf 89' lang='lat' dir='ltr'>episcopum</span> <span class='ocrx_word' id='word_1_108' title='bbox 1058 3074 1325 3165; x_wconf 81' lang='lat' dir='ltr'>Lubuczeasem,</span> <span class='ocrx_word' id='word_1_109' title='bbox 1353 3081 1470 3148; x_wconf 84' lang='lat' dir='ltr'>sentus</span> <span class='ocrx_word' id='word_1_110' title='bbox 1498 3097 1581 3148; x_wconf 88' lang='lat' dir='ltr'>vero</span> <span class='ocrx_word' id='word_1_111' title='bbox 1609 3075 1654 3146; x_wconf 90' lang='lat' dir='ltr'>ad</span> <span class='ocrx_word' id='word_1_112' title='bbox 1683 3082 1853 3148; x_wconf 72' lang='lat' dir='ltr'>monaste</span> 
     </span>
     <span class='ocr_line' id='line_1_13' title="bbox 300 3195 1852 3287; baseline 0.002 -22"><span class='ocrx_word' id='word_1_113' title='bbox 300 3195 389 3267; x_wconf 91' lang='lat' dir='ltr'>rium</span> <span class='ocrx_word' id='word_1_114' title='bbox 408 3195 554 3268; x_wconf 86' lang='lat' dir='ltr'>Sanctae</span> <span class='ocrx_word' id='word_1_115' title='bbox 574 3196 693 3269; x_wconf 83' lang='lat' dir='ltr'>Crucis</span> <span class='ocrx_word' id='word_1_116' title='bbox 712 3196 844 3268; x_wconf 82' lang='lat' dir='ltr'>Calvi</span> <span class='ocrx_word' id='word_1_117' title='bbox 863 3197 1051 3286; x_wconf 90' lang='lat' dir='ltr'>montis,</span> <span class='ocrx_word' id='word_1_118' title='bbox 1079 3196 1121 3267; x_wconf 89' lang='lat' dir='ltr'>de</span> <span class='ocrx_word' id='word_1_119' title='bbox 1141 3197 1265 3287; x_wconf 84' lang='lat' dir='ltr'>quibus</span> <span class='ocrx_word' id='word_1_120' title='bbox 1285 3197 1453 3287; x_wconf 79' lang='lat' dir='ltr'>omnibuS,</span> <span class='ocrx_word' id='word_1_121' title='bbox 1476 3197 1609 3268; x_wconf 90' lang='lat' dir='ltr'>decima</span> <span class='ocrx_word' id='word_1_122' title='bbox 1629 3197 1852 3287; x_wconf 86' lang='lat' dir='ltr'>manipularis</span> 
     </span>
     <span class='ocr_line' id='line_1_14' title="bbox 300 3316 1850 3409; baseline 0.002 -21"><span class='ocrx_word' id='word_1_123' title='bbox 300 3323 335 3389; x_wconf 91' lang='lat' dir='ltr'>et</span> <span class='ocrx_word' id='word_1_124' title='bbox 361 3319 537 3409; x_wconf 88' lang='lat' dir='ltr'>canapalis</span> <span class='ocrx_word' id='word_1_125' title='bbox 564 3319 711 3392; x_wconf 75' lang='lat' dir='ltr'>solvitur</span> <span class='ocrx_word' id='word_1_126' title='bbox 736 3325 773 3390; x_wconf 92' lang='lat' dir='ltr'>et</span> <span class='ocrx_word' id='word_1_127' title='bbox 800 3317 1005 3390; x_wconf 90' lang='lat' dir='ltr'>conducitur</span> <span class='ocrx_word' id='word_1_128' title='bbox 1031 3317 1075 3388; x_wconf 89' lang='lat' dir='ltr'>ad</span> <span class='ocrx_word' id='word_1_129' title='bbox 1102 3316 1282 3389; x_wconf 87' lang='lat' dir='ltr'>ecclesiam</span> <span class='ocrx_word' id='word_1_130' title='bbox 1310 3319 1345 3390; x_wconf 94' lang='lat' dir='ltr'>ia</span> <span class='ocrx_word' id='word_1_131' title='bbox 1373 3318 1575 3409; x_wconf 90' lang='lat' dir='ltr'>Maniaa,</span> <span class='ocrx_word' id='word_1_132' title='bbox 1603 3324 1640 3389; x_wconf 92' lang='lat' dir='ltr'>et</span> <span class='ocrx_word' id='word_1_133' title='bbox 1663 3319 1765 3391; x_wconf 82' lang='lat' dir='ltr'>valor</span> <span class='ocrx_word' id='word_1_134' title='bbox 1782 3321 1850 3391; x_wconf 89' lang='lat' dir='ltr'>eius</span> 
     </span>
     <span class='ocr_line' id='line_1_15' title="bbox 299 3439 1849 3532; baseline 0.002 -22"><span class='ocrx_word' id='word_1_135' title='bbox 299 3441 502 3512; x_wconf 86' lang='lat' dir='ltr'>aestimatur</span> <span class='ocrx_word' id='word_1_136' title='bbox 529 3440 573 3513; x_wconf 92' lang='lat' dir='ltr'>ad</span> <span class='ocrx_word' id='word_1_137' title='bbox 600 3460 661 3513; x_wconf 88' lang='lat' dir='ltr'>sex</span> <span class='ocrx_word' id='word_1_138' title='bbox 687 3460 830 3513; x_wconf 87' lang='lat' dir='ltr'>marcas.</span> <span class='ocrx_word' id='word_1_139' title='bbox 874 3439 963 3511; x_wconf 90' lang='lat' dir='ltr'>ltem</span> <span class='ocrx_word' id='word_1_140' title='bbox 998 3460 1067 3512; x_wconf 91' lang='lat' dir='ltr'>noa</span> <span class='ocrx_word' id='word_1_141' title='bbox 1095 3446 1150 3512; x_wconf 92' lang='lat' dir='ltr'>est</span> <span class='ocrx_word' id='word_1_142' title='bbox 1187 3440 1237 3512; x_wconf 89' lang='lat' dir='ltr'>ibi</span> <span class='ocrx_word' id='word_1_143' title='bbox 1272 3441 1452 3532; x_wconf 90' lang='lat' dir='ltr'>praedium</span> <span class='ocrx_word' id='word_1_144' title='bbox 1489 3441 1707 3532; x_wconf 87' lang='lat' dir='ltr'>episcopale,</span> <span class='ocrx_word' id='word_1_145' title='bbox 1744 3462 1849 3532; x_wconf 87' lang='lat' dir='ltr'>aeque</span> 
     </span>
     <span class='ocr_line' id='line_1_16' title="bbox 298 3562 875 3654; baseline -0.002 -22"><span class='ocrx_word' id='word_1_146' title='bbox 298 3562 542 3654; x_wconf 88' lang='lat' dir='ltr'>molendinum,</span> <span class='ocrx_word' id='word_1_147' title='bbox 569 3583 680 3654; x_wconf 89' lang='lat' dir='ltr'>aeque</span> <span class='ocrx_word' id='word_1_148' title='bbox 706 3562 875 3634; x_wconf 89' lang='lat' dir='ltr'>scoltetia.</span> 
     </span>
    </p>

    <p class='ocr_par' dir='ltr' id='par_1_6' title="bbox 200 3681 1848 4609">
     <span class='ocr_line' id='line_1_17' title="bbox 402 3681 1848 3776; baseline 0.001 -21"><span class='ocrx_word' id='word_1_149' title='bbox 402 3682 703 3757; x_wconf 80' lang='lat' dir='ltr'>Gannaocarcaa</span> <span class='ocrx_word' id='word_1_150' title='bbox 730 3689 765 3755; x_wconf 94' lang='lat' dir='ltr'>et</span> <span class='ocrx_word' id='word_1_151' title='bbox 793 3681 983 3774; x_wconf 87' lang='lat' dir='ltr'>Gaaaacz,</span> <span class='ocrx_word' id='word_1_152' title='bbox 1010 3683 1113 3755; x_wconf 87' lang='lat' dir='ltr'>villae</span> <span class='ocrx_word' id='word_1_153' title='bbox 1140 3683 1230 3756; x_wconf 90' lang='lat' dir='ltr'>duae</span> <span class='ocrx_word' id='word_1_154' title='bbox 1256 3684 1382 3776; x_wconf 89' lang='lat' dir='ltr'>unitae,</span> <span class='ocrx_word' id='word_1_155' title='bbox 1411 3683 1475 3757; x_wconf 90' lang='lat' dir='ltr'>sub</span> <span class='ocrx_word' id='word_1_156' title='bbox 1502 3685 1669 3776; x_wconf 87' lang='lat' dir='ltr'>parochia</span> <span class='ocrx_word' id='word_1_157' title='bbox 1697 3685 1742 3756; x_wconf 93' lang='lat' dir='ltr'>de</span> <span class='ocrx_word' id='word_1_158' title='bbox 1768 3684 1848 3756; x_wconf 86' lang='lat' dir='ltr'>Ma-</span> 
     </span>
     <span class='ocr_line' id='line_1_18' title="bbox 299 3804 1847 3898; baseline 0.002 -23"><span class='ocrx_word' id='word_1_159' title='bbox 299 3805 407 3876; x_wconf 90' lang='lat' dir='ltr'>niaa</span> <span class='ocrx_word' id='word_1_160' title='bbox 433 3806 531 3897; x_wconf 83' lang='lat' dir='ltr'>sitae,</span> <span class='ocrx_word' id='word_1_161' title='bbox 559 3826 703 3898; x_wconf 89' lang='lat' dir='ltr'>quarum</span> <span class='ocrx_word' id='word_1_162' title='bbox 729 3806 927 3898; x_wconf 87' lang='lat' dir='ltr'>proprietas</span> <span class='ocrx_word' id='word_1_163' title='bbox 946 3804 991 3877; x_wconf 90' lang='lat' dir='ltr'>ad</span> <span class='ocrx_word' id='word_1_164' title='bbox 1009 3805 1208 3896; x_wconf 90' lang='lat' dir='ltr'>episcopum</span> <span class='ocrx_word' id='word_1_165' title='bbox 1227 3805 1485 3879; x_wconf 88' lang='lat' dir='ltr'>Lubuczeasem</span> <span class='ocrx_word' id='word_1_166' title='bbox 1512 3807 1678 3898; x_wconf 88' lang='lat' dir='ltr'>pertinet.</span> <span class='ocrx_word' id='word_1_167' title='bbox 1706 3806 1755 3878; x_wconf 86' lang='lat' dir='ltr'>Et</span> <span class='ocrx_word' id='word_1_168' title='bbox 1773 3812 1847 3879; x_wconf 90' lang='lat' dir='ltr'>sunt</span> 
     </span>
     <span class='ocr_line' id='line_1_19' title="bbox 200 3925 1846 4020; baseline 0.002 -24"><span class='ocrx_word' id='word_1_169' title='bbox 200 3948 203 3953; x_wconf 93' lang='lat'>·</span> <span class='ocrx_word' id='word_1_170' title='bbox 298 3927 334 3997; x_wconf 94' lang='lat' dir='ltr'>ia</span> <span class='ocrx_word' id='word_1_171' title='bbox 362 3925 568 4000; x_wconf 82' lang='lat' dir='ltr'>Garbacz</span> <span class='ocrx_word' id='word_1_172' title='bbox 603 3949 726 4001; x_wconf 85' lang='lat' dir='ltr'>nonem</span> <span class='ocrx_word' id='word_1_173' title='bbox 752 3928 843 3999; x_wconf 90' lang='lat' dir='ltr'>lanei</span> <span class='ocrx_word' id='word_1_174' title='bbox 872 3927 1124 4020; x_wconf 89' lang='lat' dir='ltr'>cmetlronales,</span> <span class='ocrx_word' id='word_1_175' title='bbox 1160 3933 1196 3999; x_wconf 92' lang='lat' dir='ltr'>et</span> <span class='ocrx_word' id='word_1_176' title='bbox 1222 3928 1310 4000; x_wconf 89' lang='lat' dir='ltr'>duae</span> <span class='ocrx_word' id='word_1_177' title='bbox 1336 3929 1504 4001; x_wconf 90' lang='lat' dir='ltr'>tabernae</span> <span class='ocrx_word' id='word_1_178' title='bbox 1539 3930 1713 4001; x_wconf 88' lang='lat' dir='ltr'>habentes</span> <span class='ocrx_word' id='word_1_179' title='bbox 1741 3950 1846 4020; x_wconf 86' lang='lat' dir='ltr'>agros,</span> 
     </span>
     <span class='ocr_line' id='line_1_20' title="bbox 299 4048 1846 4142; baseline 0.002 -24"><span class='ocrx_word' id='word_1_180' title='bbox 299 4049 334 4119; x_wconf 95' lang='lat' dir='ltr'>in</span> <span class='ocrx_word' id='word_1_181' title='bbox 354 4048 723 4142; x_wconf 76' lang='lat' dir='ltr'>Grpmbocaycze</span> <span class='ocrx_word' id='word_1_182' title='bbox 750 4054 865 4123; x_wconf 79' lang='lat' dir='ltr'>aratam</span> <span class='ocrx_word' id='word_1_183' title='bbox 885 4055 1002 4121; x_wconf 87' lang='lat' dir='ltr'>suat...</span> <span class='ocrx_word' id='word_1_184' title='bbox 1021 4049 1111 4121; x_wconf 88' lang='lat' dir='ltr'>lanei</span> <span class='ocrx_word' id='word_1_185' title='bbox 1130 4050 1372 4142; x_wconf 88' lang='lat' dir='ltr'>cmethonalcs,</span> <span class='ocrx_word' id='word_1_186' title='bbox 1391 4050 1434 4122; x_wconf 91' lang='lat' dir='ltr'>de</span> <span class='ocrx_word' id='word_1_187' title='bbox 1452 4051 1577 4141; x_wconf 86' lang='lat' dir='ltr'>quibus</span> <span class='ocrx_word' id='word_1_188' title='bbox 1592 4051 1755 4122; x_wconf 77' lang='lat' dir='ltr'>omatibus</span> <span class='ocrx_word' id='word_1_189' title='bbox 1773 4072 1846 4123; x_wconf 91' lang='lat' dir='ltr'>eoa·</span> 
     </span>
     <span class='ocr_line' id='line_1_21' title="bbox 300 4171 1845 4262; baseline 0.003 -22"><span class='ocrx_word' id='word_1_190' title='bbox 300 4171 438 4243; x_wconf 89' lang='lat' dir='ltr'>ducitur</span> <span class='ocrx_word' id='word_1_191' title='bbox 464 4178 501 4244; x_wconf 93' lang='lat' dir='ltr'>et</span> <span class='ocrx_word' id='word_1_192' title='bbox 527 4173 675 4245; x_wconf 84' lang='lat' dir='ltr'>soluitur</span> <span class='ocrx_word' id='word_1_193' title='bbox 702 4172 835 4244; x_wconf 91' lang='lat' dir='ltr'>decima</span> <span class='ocrx_word' id='word_1_194' title='bbox 861 4172 1088 4262; x_wconf 88' lang='lat' dir='ltr'>manipularis</span> <span class='ocrx_word' id='word_1_195' title='bbox 1115 4177 1151 4243; x_wconf 92' lang='lat' dir='ltr'>et</span> <span class='ocrx_word' id='word_1_196' title='bbox 1177 4172 1352 4262; x_wconf 88' lang='lat' dir='ltr'>canapalis</span> <span class='ocrx_word' id='word_1_197' title='bbox 1387 4171 1553 4246; x_wconf 88' lang='lat' dir='ltr'>ecelesiae</span> <span class='ocrx_word' id='word_1_198' title='bbox 1579 4172 1616 4243; x_wconf 95' lang='lat' dir='ltr'>ia</span> <span class='ocrx_word' id='word_1_199' title='bbox 1643 4173 1845 4262; x_wconf 83' lang='lat' dir='ltr'>Manlau,</span> 
     </span>
     <span class='ocr_line' id='line_1_22' title="bbox 298 4291 1845 4366; baseline 0.001 -3"><span class='ocrx_word' id='word_1_200' title='bbox 298 4298 337 4363; x_wconf 93' lang='lat' dir='ltr'>et</span> <span class='ocrx_word' id='word_1_201' title='bbox 363 4293 460 4364; x_wconf 89' lang='lat' dir='ltr'>valor</span> <span class='ocrx_word' id='word_1_202' title='bbox 486 4295 561 4365; x_wconf 89' lang='lat' dir='ltr'>eius</span> <span class='ocrx_word' id='word_1_203' title='bbox 588 4294 793 4365; x_wconf 90' lang='lat' dir='ltr'>aestimatur</span> <span class='ocrx_word' id='word_1_204' title='bbox 820 4292 864 4364; x_wconf 89' lang='lat' dir='ltr'>ad</span> <span class='ocrx_word' id='word_1_205' title='bbox 891 4293 1009 4365; x_wconf 88' lang='lat' dir='ltr'>decem</span> <span class='ocrx_word' id='word_1_206' title='bbox 1035 4313 1178 4365; x_wconf 88' lang='lat' dir='ltr'>marcas.</span> <span class='ocrx_word' id='word_1_207' title='bbox 1222 4292 1311 4365; x_wconf 89' lang='lat' dir='ltr'>Item</span> <span class='ocrx_word' id='word_1_208' title='bbox 1337 4293 1373 4364; x_wconf 93' lang='lat' dir='ltr'>in</span> <span class='ocrx_word' id='word_1_209' title='bbox 1400 4293 1520 4366; x_wconf 89' lang='lat' dir='ltr'>eadem</span> <span class='ocrx_word' id='word_1_210' title='bbox 1548 4291 1762 4366; x_wconf 85' lang='lat' dir='ltr'>Garbacz</span> <span class='ocrx_word' id='word_1_211' title='bbox 1796 4299 1845 4365; x_wconf 83' lang='lat' dir='ltr'>eat</span> 
     </span>
     <span class='ocr_line' id='line_1_23' title="bbox 297 4414 1846 4507; baseline 0.002 -23"><span class='ocrx_word' id='word_1_212' title='bbox 297 4435 385 4486; x_wconf 90' lang='lat' dir='ltr'>unus</span> <span class='ocrx_word' id='word_1_213' title='bbox 411 4415 533 4487; x_wconf 87' lang='lat' dir='ltr'>laneus</span> <span class='ocrx_word' id='word_1_214' title='bbox 558 4414 801 4505; x_wconf 89' lang='lat' dir='ltr'>cmethonalis,</span> <span class='ocrx_word' id='word_1_215' title='bbox 838 4416 897 4506; x_wconf 89' lang='lat' dir='ltr'>qui</span> <span class='ocrx_word' id='word_1_216' title='bbox 924 4436 1000 4488; x_wconf 89' lang='lat' dir='ltr'>cum</span> <span class='ocrx_word' id='word_1_217' title='bbox 1027 4416 1121 4488; x_wconf 90' lang='lat' dir='ltr'>omni</span> <span class='ocrx_word' id='word_1_218' title='bbox 1147 4415 1223 4489; x_wconf 92' lang='lat' dir='ltr'>iure</span> <span class='ocrx_word' id='word_1_219' title='bbox 1250 4421 1287 4487; x_wconf 91' lang='lat' dir='ltr'>et</span> <span class='ocrx_word' id='word_1_220' title='bbox 1313 4415 1445 4487; x_wconf 86' lang='lat' dir='ltr'>decima</span> <span class='ocrx_word' id='word_1_221' title='bbox 1470 4420 1605 4507; x_wconf 87' lang='lat' dir='ltr'>spectat</span> <span class='ocrx_word' id='word_1_222' title='bbox 1633 4421 1670 4487; x_wconf 91' lang='lat' dir='ltr'>et</span> <span class='ocrx_word' id='word_1_223' title='bbox 1697 4416 1846 4507; x_wconf 89' lang='lat' dir='ltr'>pertinet</span> 
     </span>
     <span class='ocr_line' id='line_1_24' title="bbox 298 4535 835 4609; baseline 0 -3"><span class='ocrx_word' id='word_1_224' title='bbox 298 4536 342 4608; x_wconf 89' lang='lat' dir='ltr'>ad</span> <span class='ocrx_word' id='word_1_225' title='bbox 370 4536 549 4609; x_wconf 89' lang='lat' dir='ltr'>eeclesiam</span> <span class='ocrx_word' id='word_1_226' title='bbox 577 4535 612 4607; x_wconf 92' lang='lat' dir='ltr'>ia</span> <span class='ocrx_word' id='word_1_227' title='bbox 639 4535 796 4606; x_wconf 91' lang='lat' dir='ltr'>Mania</span> <span class='ocrx_word' id='word_1_228' title='bbox 806 4556 835 4608; x_wconf 85' lang='lat' dir='ltr'>a..</span> 
     </span>
    </p>

    <p class='ocr_par' dir='ltr' id='par_1_7' title="bbox 294 4656 1845 5462">
     <span class='ocr_line' id='line_1_25' title="bbox 400 4656 1845 4749; baseline 0.003 -21"><span class='ocrx_word' id='word_1_229' title='bbox 400 4657 623 4748; x_wconf 83' lang='lat' dir='ltr'>Knnszaow,</span> <span class='ocrx_word' id='word_1_230' title='bbox 650 4657 733 4730; x_wconf 87' lang='lat' dir='ltr'>villa</span> <span class='ocrx_word' id='word_1_231' title='bbox 760 4657 823 4728; x_wconf 93' lang='lat' dir='ltr'>sub</span> <span class='ocrx_word' id='word_1_232' title='bbox 851 4658 1015 4748; x_wconf 89' lang='lat' dir='ltr'>parochia</span> <span class='ocrx_word' id='word_1_233' title='bbox 1041 4658 1084 4730; x_wconf 87' lang='lat' dir='ltr'>de</span> <span class='ocrx_word' id='word_1_234' title='bbox 1110 4656 1298 4730; x_wconf 83' lang='lat' dir='ltr'>Maniae</span> <span class='ocrx_word' id='word_1_235' title='bbox 1317 4659 1402 4730; x_wconf 84' lang='lat' dir='ltr'>sita.</span> <span class='ocrx_word' id='word_1_236' title='bbox 1429 4658 1469 4729; x_wconf 86' lang='lat' dir='ltr'>Ia&#39;</span> <span class='ocrx_word' id='word_1_237' title='bbox 1497 4679 1565 4749; x_wconf 88' lang='lat' dir='ltr'>qua</span> <span class='ocrx_word' id='word_1_238' title='bbox 1590 4664 1756 4733; x_wconf 83' lang='lat' dir='ltr'>est&#39;uaus</span> <span class='ocrx_word' id='word_1_239' title='bbox 1773 4665 1845 4732; x_wconf 85' lang='lat' dir='ltr'>taa-</span> 
     </span>
     <span class='ocr_line' id='line_1_26' title="bbox 294 4780 1844 4877; baseline -0.001 -25"><span class='ocrx_word' id='word_1_240' title='bbox 294 4781 470 4854; x_wconf 92' lang='lat' dir='ltr'>tummodo</span> <span class='ocrx_word' id='word_1_241' title='bbox 498 4780 618 4853; x_wconf 87' lang='lat' dir='ltr'>laneas</span> <span class='ocrx_word' id='word_1_242' title='bbox 647 4780 891 4872; x_wconf 88' lang='lat' dir='ltr'>cmethonalis,</span> <span class='ocrx_word' id='word_1_243' title='bbox 928 4780 972 4852; x_wconf 91' lang='lat' dir='ltr'>de</span> <span class='ocrx_word' id='word_1_244' title='bbox 999 4801 1067 4877; x_wconf 86' lang='lat' dir='ltr'>qap</span> <span class='ocrx_word' id='word_1_245' title='bbox 1095 4780 1200 4852; x_wconf 90' lang='lat' dir='ltr'>datar</span> <span class='ocrx_word' id='word_1_246' title='bbox 1225 4787 1262 4853; x_wconf 89' lang='lat' dir='ltr'>et</span> <span class='ocrx_word' id='word_1_247' title='bbox 1288 4781 1435 4853; x_wconf 81' lang='lat' dir='ltr'>soluitur</span> <span class='ocrx_word' id='word_1_248' title='bbox 1462 4780 1595 4853; x_wconf 90' lang='lat' dir='ltr'>decima</span> <span class='ocrx_word' id='word_1_249' title='bbox 1620 4783 1844 4874; x_wconf 88' lang='lat' dir='ltr'>manipularis</span> 
     </span>
     <span class='ocr_line' id='line_1_27' title="bbox 295 4900 1844 4996; baseline 0 -20"><span class='ocrx_word' id='word_1_250' title='bbox 295 4906 456 4996; x_wconf 90' lang='lat' dir='ltr'>episcopo</span> <span class='ocrx_word' id='word_1_251' title='bbox 483 4902 707 4976; x_wconf 89' lang='lat' dir='ltr'>Lubuczensi.</span> <span class='ocrx_word' id='word_1_252' title='bbox 750 4903 839 4975; x_wconf 92' lang='lat' dir='ltr'>ltem</span> <span class='ocrx_word' id='word_1_253' title='bbox 867 4909 949 4974; x_wconf 90' lang='lat' dir='ltr'>suat</span> <span class='ocrx_word' id='word_1_254' title='bbox 975 4902 1023 4974; x_wconf 94' lang='lat' dir='ltr'>ibi</span> <span class='ocrx_word' id='word_1_255' title='bbox 1050 4900 1142 4974; x_wconf 90' lang='lat' dir='ltr'>lanei</span> <span class='ocrx_word' id='word_1_256' title='bbox 1167 4908 1248 4976; x_wconf 89' lang='lat' dir='ltr'>octo</span> <span class='ocrx_word' id='word_1_257' title='bbox 1275 4924 1351 4974; x_wconf 90' lang='lat' dir='ltr'>eum</span> <span class='ocrx_word' id='word_1_258' title='bbox 1379 4903 1492 4975; x_wconf 90' lang='lat' dir='ltr'>medio</span> <span class='ocrx_word' id='word_1_259' title='bbox 1519 4904 1778 4996; x_wconf 86' lang='lat' dir='ltr'>cmetlronales,</span> <span class='ocrx_word' id='word_1_260' title='bbox 1812 4909 1844 4976; x_wconf 91' lang='lat' dir='ltr'>el</span> 
     </span>
     <span class='ocr_line' id='line_1_28' title="bbox 295 5025 1842 5117; baseline -0.001 -19"><span class='ocrx_word' id='word_1_261' title='bbox 295 5027 382 5099; x_wconf 91' lang='lat' dir='ltr'>duae</span> <span class='ocrx_word' id='word_1_262' title='bbox 408 5027 576 5098; x_wconf 88' lang='lat' dir='ltr'>tabernae</span> <span class='ocrx_word' id='word_1_263' title='bbox 602 5026 770 5098; x_wconf 88' lang='lat' dir='ltr'>habentes</span> <span class='ocrx_word' id='word_1_264' title='bbox 798 5045 919 5117; x_wconf 80' lang='lat' dir='ltr'>agras,</span> <span class='ocrx_word' id='word_1_265' title='bbox 948 5046 1093 5116; x_wconf 89' lang='lat' dir='ltr'>quorum</span> <span class='ocrx_word' id='word_1_266' title='bbox 1122 5027 1320 5115; x_wconf 88' lang='lat' dir='ltr'>proprietas</span> <span class='ocrx_word' id='word_1_267' title='bbox 1346 5026 1497 5116; x_wconf 87' lang='lat' dir='ltr'>pertinet</span> <span class='ocrx_word' id='word_1_268' title='bbox 1523 5025 1567 5096; x_wconf 90' lang='lat' dir='ltr'>ad</span> <span class='ocrx_word' id='word_1_269' title='bbox 1595 5027 1842 5099; x_wconf 87' lang='lat' dir='ltr'>monasteriam</span> 
     </span>
     <span class='ocr_line' id='line_1_29' title="bbox 295 5146 1842 5238; baseline -0.002 -17"><span class='ocrx_word' id='word_1_270' title='bbox 295 5148 443 5221; x_wconf 87' lang='lat' dir='ltr'>Sanctae</span> <span class='ocrx_word' id='word_1_271' title='bbox 470 5147 591 5220; x_wconf 79' lang='lat' dir='ltr'>Crucis</span> <span class='ocrx_word' id='word_1_272' title='bbox 621 5146 753 5221; x_wconf 79' lang='lat' dir='ltr'>Calvi</span> <span class='ocrx_word' id='word_1_273' title='bbox 788 5147 979 5238; x_wconf 91' lang='lat' dir='ltr'>montis,</span> <span class='ocrx_word' id='word_1_274' title='bbox 1014 5147 1210 5237; x_wconf 87' lang='lat' dir='ltr'>dequibus</span> <span class='ocrx_word' id='word_1_275' title='bbox 1245 5148 1350 5219; x_wconf 90' lang='lat' dir='ltr'>etiam</span> <span class='ocrx_word' id='word_1_276' title='bbox 1387 5147 1520 5219; x_wconf 88' lang='lat' dir='ltr'>decima</span> <span class='ocrx_word' id='word_1_277' title='bbox 1554 5148 1842 5238; x_wconf 83' lang='lat' dir='ltr'>manipulariset</span> 
     </span>
     <span class='ocr_line' id='line_1_30' title="bbox 295 5267 1841 5360; baseline 0.001 -20"><span class='ocrx_word' id='word_1_278' title='bbox 295 5270 470 5359; x_wconf 90' lang='lat' dir='ltr'>canapalis</span> <span class='ocrx_word' id='word_1_279' title='bbox 496 5271 608 5343; x_wconf 91' lang='lat' dir='ltr'>eidem</span> <span class='ocrx_word' id='word_1_280' title='bbox 634 5271 845 5343; x_wconf 90' lang='lat' dir='ltr'>monasterio</span> <span class='ocrx_word' id='word_1_281' title='bbox 872 5267 1045 5360; x_wconf 91' lang='lat' dir='ltr'>redditur,</span> <span class='ocrx_word' id='word_1_282' title='bbox 1073 5274 1109 5341; x_wconf 91' lang='lat' dir='ltr'>et</span> <span class='ocrx_word' id='word_1_283' title='bbox 1136 5269 1234 5341; x_wconf 89' lang='lat' dir='ltr'>valor</span> <span class='ocrx_word' id='word_1_284' title='bbox 1260 5268 1335 5343; x_wconf 83' lang='lat' dir='ltr'>eius</span> <span class='ocrx_word' id='word_1_285' title='bbox 1361 5269 1565 5343; x_wconf 86' lang='lat' dir='ltr'>aestimatur</span> <span class='ocrx_word' id='word_1_286' title='bbox 1590 5269 1636 5343; x_wconf 86' lang='lat' dir='ltr'>ad</span> <span class='ocrx_word' id='word_1_287' title='bbox 1665 5269 1841 5344; x_wconf 87' lang='lat' dir='ltr'>duodecin</span> 
     </span>
     <span class='ocr_line' id='line_1_31' title="bbox 294 5410 439 5462; baseline 0 -2"><span class='ocrx_word' id='word_1_288' title='bbox 294 5410 439 5462; x_wconf 88' lang='lat' dir='ltr'>marcas.</span> 
     </span>
    </p>

    <p class='ocr_par' dir='ltr' id='par_1_8' title="bbox 291 5509 1841 5850">
     <span class='ocr_line' id='line_1_32' title="bbox 397 5509 1841 5607; baseline 0.003 -24"><span class='ocrx_word' id='word_1_289' title='bbox 397 5509 711 5584; x_wconf 79' lang='lat' dir='ltr'>Tausznorrnszr</span> <span class='ocrx_word' id='word_1_290' title='bbox 738 5519 774 5584; x_wconf 92' lang='lat' dir='ltr'>et</span> <span class='ocrx_word' id='word_1_291' title='bbox 801 5511 1019 5603; x_wconf 82' lang='lat' dir='ltr'>Sczaeaaez,</span> <span class='ocrx_word' id='word_1_292' title='bbox 1060 5512 1149 5585; x_wconf 87' lang='lat' dir='ltr'>duae</span> <span class='ocrx_word' id='word_1_293' title='bbox 1176 5512 1278 5584; x_wconf 86' lang='lat' dir='ltr'>villae</span> <span class='ocrx_word' id='word_1_294' title='bbox 1303 5532 1375 5601; x_wconf 82' lang='lat' dir='ltr'>una</span> <span class='ocrx_word' id='word_1_295' title='bbox 1401 5532 1478 5585; x_wconf 89' lang='lat' dir='ltr'>cum</span> <span class='ocrx_word' id='word_1_296' title='bbox 1504 5512 1672 5607; x_wconf 86' lang='lat' dir='ltr'>taberna,</span> <span class='ocrx_word' id='word_1_297' title='bbox 1700 5514 1769 5590; x_wconf 88' lang='lat' dir='ltr'>sibi</span> <span class='ocrx_word' id='word_1_298' title='bbox 1795 5515 1841 5587; x_wconf 92' lang='lat' dir='ltr'>ia·</span> 
     </span>
     <span class='ocr_line' id='line_1_33' title="bbox 292 5633 1840 5729; baseline 0.001 -21"><span class='ocrx_word' id='word_1_299' title='bbox 292 5637 402 5708; x_wconf 90' lang='lat' dir='ltr'>vicem</span> <span class='ocrx_word' id='word_1_300' title='bbox 429 5636 639 5726; x_wconf 89' lang='lat' dir='ltr'>coniunctae,</span> <span class='ocrx_word' id='word_1_301' title='bbox 666 5636 730 5706; x_wconf 87' lang='lat' dir='ltr'>sub</span> <span class='ocrx_word' id='word_1_302' title='bbox 757 5635 923 5725; x_wconf 89' lang='lat' dir='ltr'>parochia</span> <span class='ocrx_word' id='word_1_303' title='bbox 950 5636 993 5706; x_wconf 90' lang='lat' dir='ltr'>de</span> <span class='ocrx_word' id='word_1_304' title='bbox 1020 5633 1207 5706; x_wconf 82' lang='lat' dir='ltr'>Maniae</span> <span class='ocrx_word' id='word_1_305' title='bbox 1233 5634 1481 5726; x_wconf 62' lang='lat' dir='ltr'>consistentem</span> <span class='ocrx_word' id='word_1_306' title='bbox 1508 5656 1655 5728; x_wconf 87' lang='lat' dir='ltr'>quarum</span> <span class='ocrx_word' id='word_1_307' title='bbox 1687 5638 1840 5729; x_wconf 82' lang='lat' dir='ltr'>proprie·</span> 
     </span>
     <span class='ocr_line' id='line_1_34' title="bbox 291 5755 1840 5850; baseline -0.002 -18"><span class='ocrx_word' id='word_1_308' title='bbox 291 5766 346 5832; x_wconf 83' lang='lat' dir='ltr'>tas</span> <span class='ocrx_word' id='word_1_309' title='bbox 374 5755 419 5831; x_wconf 91' lang='lat' dir='ltr'>ad</span> <span class='ocrx_word' id='word_1_310' title='bbox 445 5758 643 5850; x_wconf 89' lang='lat' dir='ltr'>episcopum</span> <span class='ocrx_word' id='word_1_311' title='bbox 671 5756 928 5829; x_wconf 64' lang='lat' dir='ltr'>Irubuczeasem</span> <span class='ocrx_word' id='word_1_312' title='bbox 951 5757 1113 5848; x_wconf 88' lang='lat' dir='ltr'>pertinet</span> <span class='ocrx_word' id='word_1_313' title='bbox 1140 5755 1181 5828; x_wconf 93' lang='lat' dir='ltr'>Ia</span> <span class='ocrx_word' id='word_1_314' title='bbox 1208 5756 1557 5849; x_wconf 83' lang='lat' dir='ltr'>Truszkolaszy</span> <span class='ocrx_word' id='word_1_315' title='bbox 1582 5764 1666 5832; x_wconf 85' lang='lat' dir='ltr'>snat</span> <span class='ocrx_word' id='word_1_316' title='bbox 1694 5766 1840 5850; x_wconf 85' lang='lat' dir='ltr'>quatuor</span> 
     </span>
    </p>
   </div>
   <div class='ocr_carea' id='block_1_5' title="bbox 151 5878 1839 5973">
    <p class='ocr_par' dir='ltr' id='par_1_9' title="bbox 151 5878 1839 5973">
     <span class='ocr_line' id='line_1_35' title="bbox 151 5878 1839 5973; baseline -0.001 -18"><span class='ocrx_word' id='word_1_317' title='bbox 151 5938 161 5955; x_wconf 79' lang='grc'><strong><em>,</em></strong></span> <span class='ocrx_word' id='word_1_318' title='bbox 291 5880 382 5954; x_wconf 89' lang='lat' dir='ltr'>lanei</span> <span class='ocrx_word' id='word_1_319' title='bbox 407 5880 658 5971; x_wconf 86' lang='lat' dir='ltr'>cmetlronales,</span> <span class='ocrx_word' id='word_1_320' title='bbox 699 5880 781 5951; x_wconf 91' lang='lat' dir='ltr'>item</span> <span class='ocrx_word' id='word_1_321' title='bbox 808 5880 845 5950; x_wconf 93' lang='lat' dir='ltr'>ia</span> <span class='ocrx_word' id='word_1_322' title='bbox 882 5878 1073 5970; x_wconf 82' lang='lat' dir='ltr'>Sczegel</span> <span class='ocrx_word' id='word_1_323' title='bbox 1109 5899 1179 5951; x_wconf 90' lang='lat' dir='ltr'>aaa</span> <span class='ocrx_word' id='word_1_324' title='bbox 1204 5880 1352 5952; x_wconf 88' lang='lat' dir='ltr'>taberna</span> <span class='ocrx_word' id='word_1_325' title='bbox 1378 5878 1604 5973; x_wconf 86' lang='lat' dir='ltr'>episcopalis,</span> <span class='ocrx_word' id='word_1_326' title='bbox 1644 5880 1839 5973; x_wconf 83' lang='lat' dir='ltr'>dequibus</span> 
     </span>
    </p>
   </div>
   <div class='ocr_carea' id='block_1_6' title="bbox 288 6000 1840 6441">
    <p class='ocr_par' dir='ltr' id='par_1_10' title="bbox 288 6000 1840 6441">
     <span class='ocr_line' id='line_1_36' title="bbox 291 6000 1839 6095; baseline 0 -20"><span class='ocrx_word' id='word_1_327' title='bbox 291 6002 450 6076; x_wconf 86' lang='lat' dir='ltr'>omnibus</span> <span class='ocrx_word' id='word_1_328' title='bbox 477 6001 625 6075; x_wconf 87' lang='lat' dir='ltr'>solvitur</span> <span class='ocrx_word' id='word_1_329' title='bbox 651 6000 784 6073; x_wconf 89' lang='lat' dir='ltr'>decima</span> <span class='ocrx_word' id='word_1_330' title='bbox 809 6000 1037 6091; x_wconf 89' lang='lat' dir='ltr'>manipularis</span> <span class='ocrx_word' id='word_1_331' title='bbox 1063 6005 1100 6072; x_wconf 91' lang='lat' dir='ltr'>et</span> <span class='ocrx_word' id='word_1_332' title='bbox 1127 6001 1303 6092; x_wconf 86' lang='lat' dir='ltr'>canapalis</span> <span class='ocrx_word' id='word_1_333' title='bbox 1334 6022 1399 6092; x_wconf 92' lang='lat' dir='ltr'>pro</span> <span class='ocrx_word' id='word_1_334' title='bbox 1425 6000 1587 6095; x_wconf 83' lang='lat' dir='ltr'>episcopo</span> <span class='ocrx_word' id='word_1_335' title='bbox 1613 6000 1839 6092; x_wconf 77' lang='lat' dir='ltr'>Lubuczensi.</span> 
     </span>
     <span class='ocr_line' id='line_1_37' title="bbox 290 6120 1840 6215; baseline -0.001 -17"><span class='ocrx_word' id='word_1_336' title='bbox 290 6132 327 6199; x_wconf 90' lang='lat' dir='ltr'>et</span> <span class='ocrx_word' id='word_1_337' title='bbox 352 6125 451 6199; x_wconf 83' lang='lat' dir='ltr'>valor</span> <span class='ocrx_word' id='word_1_338' title='bbox 478 6122 551 6197; x_wconf 90' lang='lat' dir='ltr'>cius</span> <span class='ocrx_word' id='word_1_339' title='bbox 579 6124 786 6195; x_wconf 87' lang='lat' dir='ltr'>aestimatur</span> <span class='ocrx_word' id='word_1_340' title='bbox 812 6122 857 6194; x_wconf 92' lang='lat' dir='ltr'>ad</span> <span class='ocrx_word' id='word_1_341' title='bbox 885 6127 1033 6214; x_wconf 87' lang='lat' dir='ltr'>quatuor</span> <span class='ocrx_word' id='word_1_342' title='bbox 1059 6142 1205 6195; x_wconf 81' lang='lat' dir='ltr'>marcas</span> <span class='ocrx_word' id='word_1_343' title='bbox 1248 6123 1336 6194; x_wconf 88' lang='lat' dir='ltr'>ltem</span> <span class='ocrx_word' id='word_1_344' title='bbox 1363 6122 1399 6194; x_wconf 93' lang='lat' dir='ltr'>ia</span> <span class='ocrx_word' id='word_1_345' title='bbox 1426 6120 1618 6215; x_wconf 82' lang='lat' dir='ltr'>Scaegel</span> <span class='ocrx_word' id='word_1_346' title='bbox 1645 6129 1729 6197; x_wconf 88' lang='lat' dir='ltr'>suat</span> <span class='ocrx_word' id='word_1_347' title='bbox 1756 6125 1840 6197; x_wconf 84' lang='lat' dir='ltr'>duae</span> 
     </span>
     <span class='ocr_line' id='line_1_38' title="bbox 288 6244 1838 6336; baseline -0.003 -17"><span class='ocrx_word' id='word_1_348' title='bbox 288 6247 455 6319; x_wconf 89' lang='lat' dir='ltr'>tabernae</span> <span class='ocrx_word' id='word_1_349' title='bbox 482 6245 651 6317; x_wconf 86' lang='lat' dir='ltr'>habentes</span> <span class='ocrx_word' id='word_1_350' title='bbox 681 6264 793 6334; x_wconf 84' lang='lat' dir='ltr'>agros,</span> <span class='ocrx_word' id='word_1_351' title='bbox 821 6263 966 6335; x_wconf 90' lang='lat' dir='ltr'>quarum</span> <span class='ocrx_word' id='word_1_352' title='bbox 993 6245 1191 6335; x_wconf 89' lang='lat' dir='ltr'>proprietas</span> <span class='ocrx_word' id='word_1_353' title='bbox 1218 6244 1372 6336; x_wconf 87' lang='lat' dir='ltr'>pertinet</span> <span class='ocrx_word' id='word_1_354' title='bbox 1398 6264 1463 6336; x_wconf 90' lang='lat' dir='ltr'>pro</span> <span class='ocrx_word' id='word_1_355' title='bbox 1480 6245 1695 6319; x_wconf 84' lang='lat' dir='ltr'>monasterio</span> <span class='ocrx_word' id='word_1_356' title='bbox 1713 6244 1838 6320; x_wconf 85' lang='lat' dir='ltr'>Oalri</span> 
     </span>
     <span class='ocr_line' id='line_1_39' title="bbox 289 6367 467 6441; baseline -0.006 -1"><span class='ocrx_word' id='word_1_357' title='bbox 289 6367 467 6441; x_wconf 88' lang='lat' dir='ltr'>montis.</span> 
     </span>
    </p>
   </div>
   <div class='ocr_carea' id='block_1_7' title="bbox 289 6472 1839 6706">
    <p class='ocr_par' dir='ltr' id='par_1_11' title="bbox 289 6472 1839 6706">
     <span class='ocr_line' id='line_1_40' title="bbox 346 6472 1839 6582; baseline 0.003 -22"><span class='ocrx_word' id='word_1_358' title='bbox 346 6487 349 6494; x_wconf 85' lang='lat'>&#39;</span> <span class='ocrx_word' id='word_1_359' title='bbox 392 6488 692 6579; x_wconf 78' lang='lat' dir='ltr'>Macarowrcar,</span> <span class='ocrx_word' id='word_1_360' title='bbox 720 6486 803 6560; x_wconf 85' lang='lat' dir='ltr'>villa</span> <span class='ocrx_word' id='word_1_361' title='bbox 829 6487 894 6559; x_wconf 87' lang='lat' dir='ltr'>sub</span> <span class='ocrx_word' id='word_1_362' title='bbox 920 6488 1086 6580; x_wconf 88' lang='lat' dir='ltr'>parochia</span> <span class='ocrx_word' id='word_1_363' title='bbox 1112 6486 1156 6560; x_wconf 89' lang='lat' dir='ltr'>de</span> <span class='ocrx_word' id='word_1_364' title='bbox 1182 6487 1372 6560; x_wconf 79' lang='lat' dir='ltr'>Maniae</span> <span class='ocrx_word' id='word_1_365' title='bbox 1397 6490 1480 6582; x_wconf 87' lang='lat' dir='ltr'>sita,</span> <span class='ocrx_word' id='word_1_366' title='bbox 1507 6491 1606 6564; x_wconf 87' lang='lat' dir='ltr'>cuius</span> <span class='ocrx_word' id='word_1_367' title='bbox 1632 6472 1747 6564; x_wconf 84' lang='lat' dir='ltr'>maior</span> <span class='ocrx_word' id='word_1_368' title='bbox 1772 6510 1839 6564; x_wconf 78' lang='lat' dir='ltr'>me</span> 
     </span>
     <span class='ocr_line' id='line_1_41' title="bbox 289 6606 1838 6706; baseline 0.001 -24"><span class='ocrx_word' id='word_1_369' title='bbox 289 6609 402 6682; x_wconf 88' lang='lat' dir='ltr'>dietus</span> <span class='ocrx_word' id='word_1_370' title='bbox 420 6607 464 6680; x_wconf 87' lang='lat' dir='ltr'>ad</span> <span class='ocrx_word' id='word_1_371' title='bbox 481 6611 728 6687; x_wconf 86' lang='lat' dir='ltr'>monasterium</span> <span class='ocrx_word' id='word_1_372' title='bbox 747 6608 895 6682; x_wconf 85' lang='lat' dir='ltr'>Sanctae</span> <span class='ocrx_word' id='word_1_373' title='bbox 912 6608 1034 6683; x_wconf 82' lang='lat' dir='ltr'>Crucis</span> <span class='ocrx_word' id='word_1_374' title='bbox 1060 6606 1194 6684; x_wconf 81' lang='lat' dir='ltr'>(lalri</span> <span class='ocrx_word' id='word_1_375' title='bbox 1219 6611 1392 6683; x_wconf 85' lang='lat' dir='ltr'>montis</span> <span class='ocrx_word' id='word_1_376' title='bbox 1418 6611 1579 6704; x_wconf 70' lang='lat' dir='ltr'>partina.</span> <span class='ocrx_word' id='word_1_377' title='bbox 1605 6612 1647 6685; x_wconf 93' lang='lat' dir='ltr'>la</span> <span class='ocrx_word' id='word_1_378' title='bbox 1675 6618 1838 6706; x_wconf 80' lang='lat' dir='ltr'>quanam</span> 
     </span>
    </p>
   </div>
   <div class='ocr_carea' id='block_1_8' title="bbox 0 0 2104 8342">
    <p class='ocr_par' dir='ltr' id='par_1_12' title="bbox 0 0 2104 8342">
     <span class='ocr_line' id='line_1_42' title="bbox 0 0 2104 8342; baseline 0 4"><span class='ocrx_word' id='word_1_379' title='bbox 0 0 2104 8342; x_wconf 95' lang='lat' dir='ltr'> </span> 
     </span>
    </p>
   </div>
  </div>
 </body>
</html>
