4200 8342
1770 1636 1840 1706 161

287 1832 368 1899 ante
393 1827 508 1898 virum
533 1827 661 1898 bonum
688 1833 724 1899 et
749 1831 939 1921 simplicem
966 1833 1120 1923 iacebat,
1157 1835 1269 1923 ipsum
1297 1835 1332 1905 in
1360 1837 1526 1906 verticem
1555 1835 1739 1926 aliquoties
1766 1861 1844 1930 per-

289 1968 423 2019 cussum
460 1949 680 2021 exanimavit.
716 1951 805 2021 Item
841 1954 1048 2043 notandum,
1085 1955 1177 2044 quod
1213 1956 1295 2027 villa
1330 1956 1571 2046 Igolomya
1596 1960 1741 2031 maior
1768 1967 1844 2031 erat

288 2068 462 2159 quondam
490 2074 566 2141 tota
593 2072 796 2142 monasterii
823 2072 1047 2164 Tincziensis,
1076 2077 1137 2145 sed
1156 2076 1320 2147 cambivit
1346 2098 1421 2148 000
1449 2080 1696 2150 monasterium
1726 2081 1843 2170 Thyn-

289 2190 425 2261 czicnse
453 2190 667 2280 pro-maiori
692 2191 879 2264 medietate
906 2195 1011 2265 villae
1039 2195 1264 2267 Glrarwin.

917 2315 1209 2387 Pouonorrrcan.

391 2431 506 2522 Villa,
542 2433 676 2505 habens
711 2435 746 2504 in
774 2454 812 2506 se
848 2436 1081 2525 parochialem
1117 2437 1296 2508 ecclesiam
1333 2438 1500 2529 ligneam,
1537 2439 1684 2512 Sanctae
1721 2441 1842 2513 Crucis

282 2553 411 2625 honori
429 2554 590 2645 dicatam,
608 2555 706 2626 cuius
720 2555 888 2627 haeredes
901 2557 1080 2629 Johannes
1099 2558 1374 2649 Poborowsky
1388 2562 1430 2630 de
1449 2560 1550 2632 dono
1565 2562 1841 2652 Antiquarum

275 2672 510 2765 Equorum,
545 2674 739 2747 Stouislaus
765 2683 802 2748 et
827 2677 1006 2749 Johannes
1032 2679 1075 2749 de
1102 2679 1203 2750 domo
1241 2680 1561 2770 Bippennium.
1598 2683 1637 2752 In
1666 2703 1734 2772 qua
1761 2690 1841 2754 sunt

272 2793 374 2867 lanei
403 2796 654 2887 cmethonales,
692 2797 734 2868 de
762 2800 886 2890 quibus
913 2799 1062 2871 solvitur
1089 2806 1124 2872 et
1150 2802 1355 2872 conducitur
1391 2802 1525 2873 decima
1550 2804 1777 2894 manipularis
1806 2811 1842 2876 01

268 2917 462 3007 cenapolis
464 2970 579 2989 .....
605 2918 694 2991 1100
722 2920 866 2992 00010010
893 2926 929 2991 01
945 2921 1113 3011 plebanus
1139 2923 1245 2993 habet
1272 2923 1320 2993 ibi
1347 2943 1451 3012 agros
1477 2926 1637 3015 proprios
1665 2932 1701 2996 et
1727 2934 1841 3015 prata,

261 3056 344 3127 pro
374 3058 440 3110 suo
466 3039 620 3130 praedio,
646 3061 712 3112 usu
739 3046 776 3111 01
801 3043 1017 3113 necessitate.

387 3158 580 3267 Onanwrn,
607 3161 691 3233 rilla
707 3163 772 3234 001
799 3164 966 3252 parochia
993 3163 1036 3234 de
1063 3163 1388 3235 Poborowicze
1415 3165 1492 3254 sita,
1519 3165 1617 3236 cuius
1645 3167 1839 3256 proprietas

258 3281 347 3352 etsi
376 3281 593 3354 solummodo
619 3303 683 3373 pro
710 3284 895 3355 medietate
922 3285 1045 3356 maiori
1073 3285 1116 3356 ad
1143 3287 1391 3357 monasterium
1424 3287 1659 3377 Thyncziensc
1687 3289 1839 3376 pertine-

260 3386 343 3473 bat
371 3404 588 3494 errantique,
615 3404 835 3476 medietatem
854 3412 971 3476 tamen
990 3407 1064 3478 eius
1082 3406 1249 3477 minorem
1268 3407 1437 3477 Matthias
1456 3407 1575 3478 Abbas
1594 3407 1840 3496 Thyncziensis

253 3540 370 3595 auno
398 3524 538 3596 Domini
567 3526 665 3596 1474
693 3525 736 3596 de
762 3546 931 3598 consensu
958 3526 1117 3597 CasimIri
1144 3528 1240 3598 tertii
1258 3527 1423 3598 Poloniae
1440 3529 1551 3617 regis,
1578 3548 1642 3617 pro
1670 3530 1836 3618 quadrin-

255 3645 399 3735 gentis
426 3647 678 3737 quinquaginta
695 3648 820 3719 marcis
839 3649 1038 3737 communis,
1066 3649 1158 3739 apud
1175 3649 1385 3719 Dobeslaum
1403 3647 1670 3739 Gharwinshy
1689 3651 1837 3721 nobilem

261 3767 420 3855 coemit,
446 3771 586 3856 praeter
613 3768 699 3839 duos
718 3769 835 3840 laneos
853 3770 1021 3840 nobilium
1039 3769 1082 3839 de
1101 3768 1295 3860 Saarbye,
1323 3774 1359 3840 et
1375 3790 1479 3841 0000
1497 3770 1678 3841 tabernam
1706 3772 1837 3842 haben-

258 3890 350 3957 tem
378 3907 492 3978 agros,
520 3888 685 3983 eeclesiae
712 3889 754 3960 de
781 3889 1008 3961 quIIcze.
1044 3889 1085 3960 In
1113 3910 1182 3980 qua
1205 3896 1290 3962 -sunt
1317 3911 1376 3963 sex
1404 3892 1505 3980 lanei,
1534 3892 1592 3980 qni
1619 3912 1661 3961 ex
1689 3892 1833 3981 antiqno

353 4010 602 4080 monasterium
630 4009 864 4100 Thynczicnse
891 4011 1122 4100 pertinebant,
1149 4017 1185 4081 et
1211 4011 1262 4080 illi
1280 4011 1358 4100 plus
1378 4011 1420 4081 de
1439 4030 1543 4082 censu
1570 4012 1718 4082 solvunt.
1745 4012 1833 4082 Item

267 4136 365 4203 sunt
392 4130 452 4201 alii
480 4137 629 4221 quatuor
654 4132 764 4220 lanei,
801 4133 860 4222 qui
896 4132 1009 4202 minus
1045 4132 1191 4203 solvunt.
1236 4132 1324 4202 Item
1358 4132 1505 4203 taberna
1531 4152 1601 4202 una
1636 4133 1837 4203 monasterii

265 4251 416 4323 liabens
444 4272 556 4342 agros,
584 4252 770 4342 dequibus
798 4254 956 4324 omnibus
983 4252 1132 4323 solvitur
1158 4228 1425 4323 et²conducitur
1452 4252 1584 4322 decima
1612 4251 1836 4341 manipularis

266 4377 316 4443 01
344 4373 524 4462 0000001ἰο
553 4372 717 4445 ecclesiae
745 4373 936 4463 parochiali
963 4373 998 4442 10
1026 4372 1245 4463 Igolomya,
1273 4378 1308 4444 01
1334 4373 1433 4443 valor
1459 4373 1533 4442 eius
1561 4374 1836 4444 0001100100οᾰ

271 4493 466 4565 duodecim
492 4514 636 4566 marcas.
662 4494 751 4566 Item
778 4494 907 4566 001111
937 4494 1116 4584 praedium
1143 4495 1322 4584 antiquum
1349 4494 1558 4584 coenobiale,
1586 4494 1629 4564 de
1657 4514 1723 4584 qno
1750 4494 1836 4564 nulli

272 4614 388 4687 solvit
414 4615 599 4706 decimam,
636 4592 1389 4706 00110000000010111101101001000
1425 4615 1529 4686 ducit.
1565 4614 1653 4685 Item
1681 4616 1837 4686 0001111

271 4741 355 4808 tres
392 4736 482 4808 lanei
509 4757 585 4808 cum
621 4737 734 4808 medio
772 4737 940 4808 militares
976 4737 1076 4826 olim,
1111 4742 1146 4806 01
1171 4736 1392 4807 hortulaniae
1428 4742 1593 4825 quatuor,
1630 4737 1672 4805 dc
1710 4737 1834 4826 qrribus

275 4857 477 4929 decimatur
502 4859 667 4930 ecclesiae
695 4860 730 4928 in
757 4856 1158 4949 Raczechowycze
1184 4837 1392 4947 manipulari
1427 4862 1463 4927 et
1498 4858 1652 4945 cenapoli
1689 4858 1830 4944 declina,

278 4986 318 5051 01
343 4979 445 5051 valor
471 4981 545 5051 eius
571 4981 776 5052 aestimatur
804 4981 847 5051 ad
876 4981 1026 5070 quinquo
1053 4999 1196 5050 marcas.
1232 4978 1317 5048 Item
1346 4977 1532 5067 sciendum,
1559 4979 1651 5067 quod
1679 4976 1835 5066 praelata

280 5101 367 5173 rilla
393 5099 584 5173 Obaruin
612 5108 688 5174 erat
715 5102 888 5193 quondam
915 5107 991 5188 tota
1017 5100 1199 5186 militaris3
1235 5100 1295 5170 sed
1322 5099 1568 5170 monasterinm
1596 5098 1836 5189 Thynczicnse

282 5222 366 5295 dete
392 5222 476 5294 villa
501 5223 749 5316 igolomya,
778 5244 866 5315 quae
894 5228 971 5294 erat
997 5242 1081 5294 suae
1107 5221 1341 5312 proprietatis,
1369 5221 1534 5292 cambivit
1560 5221 1635 5291 eius
1663 5221 1827 5290 maiorem

283 5349 429 5433 aaran
1171 5434 1173 5439 ,

864 5465 1041 5548 0001000
1069 5464 1270 5536 ansszno.

386 5584 482 5660 Villa
520 5586 653 5659 habeus
689 5588 725 5657 in
763 5586 1005 5658 00000100100
1041 5586 1274 5678 parochialem
1311 5585 1459 5676 ligneam
1495 5583 1621 5657 Sancto
1657 5582 1763 5655 Petro
1798 5590 1834 5655 01

283 5706 389 5780 Ρο010
416 5708 596 5799 Apostolis
623 5706 792 5797 dicatam,
820 5709 917 5780 cuius
944 5708 1141 5798 propnetas
1169 5706 1212 5778 ad
1241 5707 1497 5778 000001001οιιο
1525 5705 1688 5775 Poloniae
1715 5725 1833 5793 regem

283 5831 444 5919 pertinet
487 5829 529 5900 In
564 5850 633 5920 qua
667 5834 748 5900 sunt
782 5834 929 5919 quatuor
964 5829 1183 5900 hortulaniae
1219 5829 1388 5899 habentes
1424 5847 1526 5916 00000
1563 5831 1599 5896 01
1634 5831 1753 5914 prata,
1790 5824 1833 5894 de

284 5952 407 6041 quibus
431 5951 590 6023 solvitur
625 5951 759 6022 decima
803 5951 1027 6040 manipularis
1067 5956 1103 6022 01
1139 5950 1313 6039 canapalis
1354 5948 1517 6018 ecclesiae
1554 5947 1588 6015 in
1626 5945 1834 6035 Antiqua

284 6071 533 6163 Brzeszko,
560 6077 596 6144 et
620 6073 721 6145 valor
737 6073 812 6159 elus
830 6073 1035 6145 aestimatur
1063 6071 1237 6142 0010000
1264 6089 1425 6140 marcam.
1452 6068 1538 6137 Item
1566 6066 1615 6137 ibi
1641 6063 1835 6155 praedium.

284 6191 371 6266 Item
397 6194 567 6285 plebanus
593 6199 629 6264 01
654 6193 801 6265 ecclesia
827 6193 959 6266 habent
984 6192 1033 6263 ibi
1060 6193 1221 6282 proprios
1248 6210 1350 6279 agros
1373 6194 1410 6259 et
1435 6194 1556 6279 prata,
1584 6208 1647 6277 pro
1675 6208 1738 6260 suo
1768 6208 1855 6258 usu·

285 6321 326 6387 01-
343 6316 564 6388 00000011010.

385 6436 665 6526 Pnawowrczn,
691 6437 775 6508 villa
803 6438 868 6510 sub
885 6436 1052 6527 parochia
1071 6435 1113 6505 de
1132 6435 1337 6524 Antiqua
1364 6433 1600 6503 Brzeszho
1627 6431 1705 6519 sita,
1733 6430 1831 6500 cuius

285 6556 407 6631 haeres
445 6557 638 6630 Stanislaus
674 6556 969 6632 Wanthobka
1004 6556 1175 6629 dedomo
1211 6554 1309 6627 000.
1352 6554 1393 6626 10
1421 6557 1605 6644 quaeunt
1630 6557 1709 6623 octo
1743 6549 1849 6623 lanei·

383 6726 591 6773 00οη000,
1627 6702 1662 6749 ²¹
