4200 8342
727 1955 1108 2032 nnuurprnoonnrus
1130 1931 1406 2016 nuburnnusm.
1521 1930 1526 1937 ’

393 2094 705 2167 Archidiacouatus
740 2095 961 2166 Lublinensis
998 2095 1042 2166 ob
1071 2084 1310 2165 necessitatem
1347 2114 1509 2183 magnam
1542 2098 1682 2165 creatus
1718 2099 1772 2165 est
1803 2102 1836 2165 et

290 2214 470 2305 fundatus,
498 2215 541 2287 de
568 2215 714 2286 ecclesia
741 2215 930 2305 parochiali
966 2214 1168 2302 Lublinensi
1194 2214 1313 2284 Sancti
1340 2212 1541 2304 Michaelis,
1571 2232 1660 2305 quae
1686 2220 1765 2285 erat
1789 2214 1835 2286 ihi

290 2337 520 2427 abantiquo,
557 2342 593 2406 et
620 2337 715 2407 cuius
753 2335 892 2406 collatio
919 2340 967 2407 et¹
981 2336 1242 2425 iuspatronatus
1266 2334 1314 2416 ,ad
1341 2335 1538 2424 episcopum
1575 2334 1835 2407 Gracoviensem

289 2478 331 2529 ex
358 2458 501 2549 antiquo
529 2458 745 2546 pertinebat,
782 2458 817 2527 in
844 2435 940 2528 cuius
968 2457 1103 2546 signum
1131 2455 1445 2546 evidentissimum,
1480 2457 1746 2529 archidiaconus
1771 2456 1837 2554 Lu·

289 2558 455 2650 blinensis
483 2599 546 2667 pro
574 2584 746 2666 tempore,
776 2564 962 2655 aeclesiam
989 2577 1222 2667 parochialem
1250 2577 1369 2648 Sancti
1395 2576 1579 2649 Michaelis
1606 2577 1835 2650 inhublin

290 2721 352 2771 suo
381 2699 475 2788 iure,
503 2719 566 2788 pro
594 2698 747 2788 qualibet
784 2698 964 2769 vacatione
1001 2698 1217 2787 conferebat3
1253 2697 1315 2769 scd
1342 2698 1521 2769 abstracta
1546 2703 1601 2769 est
1618 2698 1696 2783 sibi
1723 2698 1836 2769 huius·

290 2819 382 2891 modi
418 2819 575 2908 collatio,
611 2825 648 2889 et
682 2838 746 2909 per
779 2819 971 2909 potentiam
1008 2819 1178 2908 regalem,
1215 2824 1251 2890 et
1284 2839 1349 2908 per
1383 2818 1591 2890 sententiam
1626 2818 1843 2927 definitivam·

289 2940 458 3012 Johahnis
485 2937 805 3031 Grusczinshy
833 2937 1074 3011 cracoviensis
1101 2946 1137 3010 et
1163 2938 1334 3011 Johannis
1370 2938 1638 3011 Luthlronis
1665 2937 1837 3012 Vladisla·

289 3060 418 3140 viensis
436 3061 693 3151 episcoporum.
719 3058 838 3131 Habet
864 3064 980 3131 autem
1008 3061 1072 3131 suh
1100 3080 1137 3133 se
1156 3060 1231 3150 ipse
1259 3057 1559 3132 archidiaconatus
1585 3059 1707 3150 plures
1733 3060 1837 3132 eccle·

289 3181 370 3271 sias,
392 3187 535 3272 propter
553 3187 765 3252 crementum
783 3181 982 3252 continuum
1002 3187 1118 3254 terrae
1136 3179 1376 3269 Lublinensis,
1403 3180 1439 3250 in
1459 3200 1527 3269 qua
1544 3201 1656 3251 novae
1674 3181 1837 3252 ecclesiae

290 3302 506 3391 parochiales
543 3307 773 3392 consurgunt,
810 3307 846 3373 et
881 3303 967 3373 fines
1004 3301 1306 3373 archidiaconatus
1342 3301 1396 3370 sui
1431 3300 1630 3372 tenduntur.
1655 3322 1770 3395 usque
1797 3302 1839 3372 ad

289 3425 456 3495 terminos
493 3423 714 3494 Brzescensis
742 3429 777 3493 et
803 3422 1017 3507 Cheimensis
1054 3423 1271 3494 dioecesium.
1311 3419 1416 3492 Cuius
1453 3421 1718 3494 archidiaconus
1753 3443 1840 3494 nunc

289 3549 343 3614 est
370 3540 560 3633 Gregorius
587 3541 796 3614 Lithinos
824 3542 994 3613 dedomo
1022 3539 1435 3632 Grzymalitarum,
1462 3541 1611 3632 praelati
1638 3549 1759 3615 autern
1785 3565 1838 3615 ar-

210 3635 221 3661 ’
289 3662 549 3734 chidiaeonatus
576 3663 739 3735 introitus
766 3669 803 3734 et
829 3669 1034 3753 proventus,
1062 3663 1132 3733 iarn
1158 3684 1222 3752 per
1239 3684 1303 3734 nos
1321 3662 1487 3753 descripti
1514 3663 1658 3735 suntin
1686 3670 1839 3754 regestro

288 3783 510 3855 ecclesiarum
537 3784 817 3875 collegiatarum,
844 3790 880 3855 et
907 3782 985 3863 ideo
1012 3783 1092 3855 illos
1119 3784 1176 3884 hic
1199 3784 1412 3883 omittimuS,
1439 3790 1476 3855 et
1501 3783 1546 3854 ad
1572 3783 1839 3874 descriptionem

288 3904 538 3994 parochialium
565 3905 788 3986 ecclesiarum
814 3904 899 3976 dicti
926 3903 1230 3993 archidiaconatus
1256 3903 1491 3994 procedamus,

988 4128 1142 4228 Lusum.

390 4251 563 4343 Oppidum
590 4251 722 4323 habens
749 4251 785 4321 in
804 4270 842 4321 se
868 4250 1102 4341 parochialem
1129 4247 1309 4321 ecclesiam
1326 4255 1434 4322 ,cocto
1461 4250 1591 4340 latere,
1618 4230 1664 4321 de
1690 4251 1835 4353 eleepro·

241 4412 245 4419 ·
289 4373 384 4464 syriis
411 4373 537 4443 civium
564 4377 746 4460 muratam,
774 4376 809 4441 et
835 4369 961 4443 Sancto
988 4369 1154 4442 Michaeli
1180 4369 1401 4460 Archangelo
1429 4370 1595 4457 dicatam,
1615 4433 1617 4438 .
1636 4371 1736 4445 cuius
1763 4394 1839 4462 pro

289 4493 421 4580 prietas
448 4498 484 4562 et
510 4491 701 4590 dominium,
724 4490 769 4560 ad
796 4491 1052 4563 serenissimum
1079 4490 1244 4562 Poloniaa
1272 4511 1387 4581 regem
1415 4491 1576 4582 pertinet.
1603 4492 1644 4561 In
1674 4513 1743 4582 quo
1762 4499 1839 4565 sunt

289 4611 365 4700 agri
392 4609 642 4702 oppidanorum
669 4617 705 4681 et
731 4611 1006 4682 suburbanorum
1034 4611 1078 4682 ad
1098 4666 1211 4682 .....
1229 4613 1346 4684 laneos
1373 4612 1540 4702 extimati,
1566 4618 1602 4682 et
1628 4612 1672 4684 de
1691 4620 1836 4704 utroque

289 4713 454 4804 suburbio
491 4731 638 4803 solvitur
664 4737 702 4839 Q
729 4731 932 4804 conducitur
956 4732 1101 4803 decima
1135 4733 1360 4822 manipularis
1396 4738 1432 4804 et
1459 4733 1634 4822 canapalis
1671 4735 1834 4819 ecclesiae

260 4935 263 4943 ¹
291 4852 407 4924 Sancti
434 4852 615 4924 Michaelis
643 4853 679 4923 in
705 4851 892 4942 Lublin,
929 4857 965 4924 et
990 4853 1090 4924 valor
1116 4854 1189 4925 eius
1216 4855 1421 4925 aestimatur
1448 4853 1492 4925 ad
1519 4853 1669 4927 sedecim
1697 4875 1838 4927 marcas.

289 4973 378 5043 ltem
410 4964 520 5045 habet
556 4972 699 5044 ecclesia
726 4977 762 5044 et
788 4973 956 5062 plebanus
992 4979 1074 5045 ante
1111 4974 1281 5065 oppidum,
1309 4974 1525 5065 praedictum
1551 4958 1734 5066 praedium
1757 4997 1838 5066 pro·-

290 5095 413 5183 prium‚
440 5095 484 5164 ad
510 5101 583 5165 tres
610 5093 728 5192 laneos
756 5095 991 5167 cmethonales
1019 5095 1249 5186 aestimatum,
1276 5117 1340 5187 pro
1358 5116 1424 5168 usu
1450 5100 1485 5167 et
1510 5095 1729 5168 necessitate.
1755 5097 1840 5168 Item

289 5214 395 5284 habet
423 5215 560 5285 domurn
590 5216 797 5287 coemeterio
825 5215 1097 5288 confrontatam.
1116 5217 1204 5289 Item
1230 5217 1267 5288 in
1294 5217 1460 5317 suburbio
1488 5238 1610 5290 versus
1636 5217 1838 5290 Dlothli·

291 5354 383 5421 cze,
412 5340 493 5404 sunt
519 5336 664 5425 triginta
691 5342 726 5406 ct
754 5337 822 5408 duo
849 5337 949 5426 lanei,
977 5315 1172 5428 dequibus
1199 5339 1461 5412 archidiaconus
1479 5337 1701 5411 Lublinensis
1728 5339 1837 5429 perci·

289 5454 342 5542 pit
370 5452 534 5523 decimam
562 5455 829 5545 manipularem,
865 5477 908 5528 en
934 5458 1012 5528 aliis
1039 5455 1149 5530 laneis
1176 5458 1330 5530 eiusdem
1357 5458 1514 5531 suburbii
1545 5458 1695 5551 percipit
1723 5479 1839 5532 mona·

289 5575 434 5646 sterium
470 5572 616 5646 Sanctae
652 5574 772 5647 Crucis
809 5573 937 5647 Calvi
973 5577 1169 5669 Montis;
1205 5580 1288 5650 item
1322 5598 1364 5649 ex
1391 5579 1503 5650 laneis
1538 5579 1656 5651 decem
1683 5584 1721 5651 et
1748 5586 1836 5667 octo,

288 5696 436 5804 percipit
462 5695 608 5767 ecclesia
634 5696 855 5789 Lublinensis
882 5689 1052 5770 decimam
1077 5700 1337 5790 manipularem,
1365 5720 1407 5772 ex
1434 5699 1593 5799 undecim
1619 5719 1703 5771 vero
1732 5700 1840 5773 laneis

288 5838 395 5908 supra
411 5816 551 5888 fluvium
571 5817 632 5909 By
645 5819 852 5890 strzicza
878 5819 965 5909 sitis,
985 5821 1200 5910 pecunialem
1217 5821 1366 5913 percipit
1384 5821 1565 5911 episcopus
1589 5820 1842 5894 cracoviensis·

391 5937 599 6028 Mornrczn,
626 5939 711 6011 villa
737 5939 801 6012 suh
827 5941 993 6030 parochia
1019 5942 1063 6013 de
1090 5941 1261 6014 Lublin
1289 5943 1374 6033 sita,
1410 5924 1508 6015 cuius
1534 5942 1660 6014 haeres
1685 5941 1839 6017 lacobus

211 6142 215 6149 ¹
287 6058 485 6149 Zahlika
512 6059 555 6130 de
581 6062 686 6156 armis
714 6059 766 6131 Bi
776 6039 1031 6152 ppanniu'm.
1058 6062 1099 6132 In
1118 6084 1187 6153 qua
1205 6069 1287 6135 sunt
1307 6064 1399 6136 lanei
1426 6063 1670 6164 cmethonales,
1696 6063 1742 6136 de
1767 6064 1842 6155 qui-

287 6182 353 6253 bus
380 6179 528 6252 solvitur
555 6182 687 6255 decima
713 6176 905 6274 pecunialis
932 6203 995 6275 pro
1023 6184 1224 6275 episcopatu
1247 6183 1479 6274 Oracoviensi,
1506 6185 1549 6256 de
1574 6185 1676 6257 laneo
1702 6204 1844 6276 per....

287 6302 375 6373 Item
402 6308 457 6372 est
482 6303 532 6374 ibi
558 6303 740 6393 praedium
759 6305 936 6407 militare,
976 6304 1019 6376 de
1046 6305 1144 6377 cuius
1170 6306 1271 6377 laneo
1298 6327 1366 6378 uno
1395 6306 1543 6411 soluitur
1563 6304 1705 6401 decima
1731 6304 1841 6378 maui-

287 6405 429 6516 pularis,
461 6423 628 6521 ecclesiae
656 6429 691 6495 et
717 6425 865 6517 plebano
889 6424 1011 6499 ,Sancti
1037 6424 1231 6499 Michaelis.
1247 6427 1283 6498 in
1311 6392 1511 6557 Ιιιιὶῆ,Ι
1679 6409 1688 6417 ’
