4200 8342
361 1837 535 1916 Medietas
553 1841 688 1934 plateae
707 1834 825 1916 Sancti
851 1841 1031 1917 Matthiae.

336 1963 533 2036 ¹b'ledietas
560 1965 697 2055 plateae
726 1973 892 2041 sutorum.

360 2084 550 2158 Duodecim
577 2085 698 2158 domus
725 2086 760 2157 in
787 2087 904 2177 platea
929 2085 962 2158 S.
975 2086 1165 2177 Stephani.

361 2206 528 2277 Balneum
555 2211 656 2277 extra
682 2207 868 2279 civitatem.

363 2326 539 2399 Cerdones
573 2327 643 2399 albi
670 2333 707 2398 et
731 2328 817 2418 ruti,
852 2349 929 2400 cum
957 2329 1034 2399 aliis
1063 2329 1252 2402 artificibus
1280 2331 1315 2403 in
1343 2332 1524 2422 suburbio,
1558 2339 1639 2404 ante
1673 2332 1809 2417 valvam

257 2453 412 2520 sutorum
441 2449 518 2539 siti,
533 2448 714 2533 xhabentes
733 2449 858 2539 viginti
875 2450 962 2521 duas
981 2471 1082 2522 areas
1108 2457 1149 2527 ct
1170 2451 1315 2523 totidem
1342 2453 1473 2542 hortos,
1499 2453 1635 2524 ratione
1661 2476 1808 2544 quarum
1904 2430 1918 2454 ⁹

258 2571 400 2642 solvunt
416 2548 427 2638 J
444 2624 452 2640 .
471 2622 478 2639 .
499 2624 533 2640 ..
559 2570 709 2641 latorum
735 2591 936 2661 grossorum
964 2572 1143 2643 custodiae
1171 2571 1412 2665 cracoviensi,
1438 2573 1581 2645 sednon
1603 2575 1640 2644 iu
1663 2577 1807 2665 aequali,

256 2693 470 2782 quantitate,
497 2692 585 2763 alius
612 2690 703 2763 enim
730 2692 844 2771 solvit
861 2693 957 2783 plus,
984 2693 1073 2764 alins
1099 2693 1221 2779 mnus.
1445 2706 1449 2711 '

359 2812 555 2883 Piscatores
569 2832 657 2889 ¹cum
685 2811 906 2902 pultificibus.

359 2932 485 3015 Platea
510 2932 768 3023 lutitigulomm.
854 2943 857 2946 ’
1186 2998 1191 3008 ,

309 3107 313 3113 .
359 3054 565 3143 Kawrouv,
593 3053 769 3144 villagium
787 3054 823 3124 in
841 3054 1007 3126 suburbio
1035 3051 1275 3144 Gracoviensi,
1302 3061 1337 3126 ct
1362 3057 1427 3129 sub
1454 3059 1620 3147 parochia
1644 3058 1809 3159 ecalfflae

256 3175 445 3258 chancto
469 3174 646 3264 Stephano
673 3175 709 3244 in
736 3172 965 3258 Gracovia
992 3176 1114 3264 situm,
1141 3177 1205 3246 ubi
1227 3182 1308 3246 suut
1334 3181 1408 3247 tres
1434 3178 1651 3257 hortulaniae
1678 3164 1809 3268 episco-

256 3296 371 3385 pales,
406 3301 442 3367 et
460 3316 538 3366 non
564 3295 710 3367 solvunt
739 3296 890 3385 aliquam
926 3294 1112 3384 decimam,
1148 3296 1208 3366 sed
1235 3297 1346 3387 polum
1382 3317 1521 3376 censum
1555 3319 1634 3388 pra
1646 3299 1808 3395 episcopo

257 3417 494 3507 cracoviensi,
532 3435 624 3488 unus
655 3415 842 3506 fertonem,
879 3423 915 3487 et
941 3417 1073 3489 residui
1108 3416 1271 3508 duom
1288 3438 1353 3491 sex
1384 3440 1536 3508 grossos.
1579 3409 1667 3491 Item
1702 3420 1809 3491 habet

256 3539 305 3609 ibi
332 3537 520 3628 capitulum
557 3537 785 3610 cracoviensc
813 3542 960 3627 quatuor
986 3537 1203 3633 hortulanias
1232 3544 1379 3628 praeter
1405 3538 1620 3631 lrortulanias
1646 3539 1809 3631 episcopi,

258 3665 293 3729 et
321 3659 496 3749 quaelibet
531 3659 635 3729 solvit
672 3658 823 3749 capitulo
859 3657 1082 3729 cracoviensi
1117 3679 1181 3748 pro
1209 3679 1314 3731 censu
1342 3680 1457 3731 annuo
1484 3680 1557 3749 pro.
1573 3658 1662 3732 festo
1689 3659 1808 3731 Sancti

258 3779 404 3851 Martini
423 3780 573 3850 sedecim
591 3801 741 3870 grossos
770 3780 829 3869 qui
847 3800 969 3850 census
988 3778 1081 3850 cedit
1108 3780 1143 3850 in
1169 3800 1270 3851 nsum
1289 3781 1542 3853 vicecnstodiae
1560 3778 1809 3865 cmcoviensis

360 3901 485 3971 Nrcaa
510 3921 629 3971 vrcua
657 3900 743 3971 alias
771 3898 1106 3987 czanna'Wvusz,
1134 3887 1311 3989 villagium
1338 3901 1374 3972 in
1393 3902 1559 3972 suburbio
1587 3900 1808 3973 cracoviensi

257 4027 292 4092 et
319 4023 383 4093 sub
410 4022 577 4111 parocbia
612 4021 776 4092 ecclesiae
803 4020 846 4093 de
873 3996 1203 4111 SanctQStepbauo
1231 4022 1266 4090 in
1294 4019 1523 4094 Gracovia
1550 4022 1673 4110 situm,
1710 4023 1807 4092 cuius

259 4144 454 4233 proprietas
473 4144 518 4214 ad
537 4142 795 4215 serenissimum
817 4141 981 4212 Poloniae
1008 4162 1124 4231 regem
1152 4142 1318 4232 pertinet,
1344 4142 1380 4212 in
1408 4162 1475 4232 qua
1501 4149 1583 4213 sunt
1600 4142 1809 4232 cmetbpues,

257 4265 339 4335 item
376 4264 604 4353 hortulaniae,
632 4268 668 4334 et
694 4263 828 4336 ratione
855 4252 1016 4333 arcarum
1053 4263 1429 4353 calamorumque
1465 4263 1635 4351 incolunt,
1670 4261 1809 4337 solvunt

257 4386 356 4456 annis
383 4385 530 4474 singulis
556 4383 733 4456 custodiae
764 4383 985 4456 cracoviensi
1010 4383 1097 4457 duas
1124 4404 1258 4455 marcas
1285 4390 1323 4455 et
1348 4405 1464 4456 unum
1481 4383 1668 4473 fertonem,
1693 4381 1808 4459 dando

260 4507 470 4595 quibuslibet
497 4512 646 4595 quatuor
672 4506 886 4594 temporibus
912 4511 985 4576 tres
1011 4503 1173 4581 fertones.
1199 4506 1286 4577 Item
1304 4526 1369 4613 W
1387 4503 1808 4594 praebenda-Sanctorum

259 4626 385 4698 Felicis
412 4631 447 4698 et
472 4627 579 4698 Aucti
608 4627 646 4697 in
673 4631 806 4715 castro,
842 4624 1018 4715 praefatae
1054 4625 1273 4697 hortulaniae
1309 4627 1449 4697 solvunt
1482 4645 1725 4719 sexagenam,
1744 4646 1807 4714 pro

257 4768 338 4837 rege
366 4755 483 4819 autem
510 4747 674 4819 solvant.
693 4801 700 4817 .
720 4802 727 4817 .
747 4801 754 4816 .
976 4822 979 4827 ,

360 4869 471 4959 Nigra
497 4870 613 4959 platea
633 4869 726 4940 alias
756 4860 893 4938 czar-nu
918 4864 1039 4938 calicza.

361 4990 479 5061 Media
504 4990 589 5063 villa
614 4990 701 5062 alias
727 4990 1005 5080 Poluwszye.

308 5172 313 5178 .
360 5111 635 5184 Novavilla.
925 5142 930 5148 ·
1163 5158 1170 5167 -
1594 5126 1720 5201 acas

360 5214 534 5323 bosran,
568 5233 653 5305 villa
679 5234 743 5306 sub
770 5232 936 5323 parocbia
970 5230 1140 5305 ecclcsiae.
1163 5229 1281 5309 Sancti
1316 5230 1484 5323 Stephani
1510 5229 1808 5331 incracovia

258 5355 343 5444 sita,
378 5356 476 5427 cuius
511 5356 709 5444 proprietas
744 5352 788 5424 ad
824 5353 1081 5424 serenissimum
1117 5352 1282 5424 Poloniae
1317 5373 1434 5442 regem
1469 5352 1656 5443 pertian
1668 5354 1720 5427 iu·
1739 5375 1809 5445 qua

259 5484 338 5547 eunt
364 5475 551 5547 duodecim·
578 5476 670 5549 lanei
707 5475 956 5562 cmetbonales,
993 5475 1075 5543 item
1102 5473 1338 5563 lrortulaniae,
1372 5475 1456 5545 item
1487 5452 1671 5564 praediurir
1698 5496 1808 5546 unum

258 5598 408 5688 regium,
444 5597 487 5667 de
510 5598 639 5686 quibus
667 5597 825 5669 oumibns
858 5595 1007 5669 solvitur
1033 5600 1070 5665 et
1095 5594 1299 5666 conducitur
1317 5593 1466 5669 decima
1492 5578 1715 5685 manipularis
1743 5616 1806 5685 pro

259 5718 458 5809 praebenda
490 5716 695 5789 Sanctorum
731 5717 856 5788 Felicis
883 5723 919 5788 et
944 5716 1048 5786 Aucti
1075 5716 1110 5785 in
1137 5720 1262 5787 castro'
1280 5715 1518 5806 Gracoviensi,
1546 5722 1582 5786 et
1608 5716 1707 5802 valor
1732 5716 1807 5787 eius

259 5842 463 5915 aestimatur
499 5838 550 5910 ad.
578 5838 759 5913 duodecim
804 5823 959 5925 mareas;
1006 5837 1172 5908 decimam
1207 5858 1291 5910 vero
1329 5838 1451 5927 canapi
1484 5854 1555 5911 non
1591 5836 1736 5909 solvunt.
1756 5855 1807 5913 ,ex

257 5963 417 6041 cavilla
548 6008 571 6039 ε.
749 5963 752 5968 ’

256 6120 274 6149 .·-
361 6082 622 6181 KaouppnzA,
659 6082 744 6154 villa
777 6082 842 6155 sub
877 6080 1058 6173 parocbia-
1079 6080 1243 6152 ecclesiae
1279 6080 1322 6149 de
1357 6078 1484 6149 Sancto
1519 6075 1706 6167 Stephano.
1730 6077 1807 6170 citt,

257 6206 355 6278 cuius
390 6205 587 6297 moprietas
614 6203 659 6273 ad
686 6203 931 6275 monasterium
967 6201 1151 6290 hospitalis
1187 6199 1314 6269 Sancti.
1340 6196 1490 6287 Spiritus
1516 6197 1552 6268 in
1580 6195 1827 6269 Oracovia·

198 6340 201 6344 ·
257 6329 427 6417 pertinet,
454 6327 490 6397 in
504 6331 679 6440 quawt
706 6323 885 6396 duodecim
907 6319 1265 6417 lanei-trancoprsciet
1282 6317 1465 6411 duodecim
1480 6318 1602 6409 horti,
1619 6317 1662 6422 de
1681 6319 1806 6408 quibus

258 6449 416 6543 omnibns
430 6447 577 6519 solvitur
592 6434 724 6537 munuc,
741 6453 778 6517 et
793 6444 997 6522 conducitur
1013 6438 1386 6543 deeimtffimnipularis
1404 6442 1440 6511 et
1453 6439 1627 6530 canapalis
1640 6439 1805 6530 hospitali
1850 6452 1853 6459 '
1880 6448 1882 6455 '

640 6608 701 6653 sk„
787 6616 790 6621 '
