4200 8342
1764 1616 1811 1688 81

260 1819 471 1890 monasterio
501 1818 537 1889 in
564 1817 864 1911 Sthanyathk
873 1841 914 1910 y,
951 1825 987 1893 et
1012 1819 1110 1892 valor
1146 1820 1220 1892 eius
1247 1822 1453 1892 aestimatur
1480 1798 1524 1892 ad
1551 1821 1637 1892 duas
1664 1844 1809 1912 marcas

259 1939 342 2009 item
377 1946 432 2011 est
457 1940 494 2010 in
521 1940 643 2031 eadem
677 1941 761 2011 villa
795 1962 865 2012 una
898 1942 1064 2031 taberna,
1098 1943 1230 2039 habens
1266 1963 1386 2032 agros,
1423 1962 1510 2032 quae
1538 1942 1580 2013 de
1607 1943 1676 2014 illis
1704 1944 1808 2015 solvit

258 2059 425 2131 decimam
451 2061 489 2132 iu
511 2059 728 2156 ponytlmam
754 2082 818 2150 pro
846 2063 1019 2133 canonicis
1046 2069 1082 2134 et
1109 2064 1316 2153 praebendis
1344 2062 1648 2153 Cracoriensibus,
1679 2065 1806 2135 ducens

238 2176 356 2251 'illam
383 2181 428 2252 ad
454 2181 830 2281 Przemanczany
856 2181 1089 2254 Maiorem.
1761 2255 1764 2263 .

362 2301 652 2392 Jnnruowmzn,
679 2302 763 2373 villa
788 2282 853 2375 sub
883 2305 1048 2392 parocbia
1074 2304 1117 2389 de
1144 2304 1433 2395 Zyelenycze
1462 2306 1537 2395 sita,
1564 2306 1662 2376 cuius
1688 2306 1811 2376 haeres

259 2421 423 2493 Nicolaus
449 2421 661 2515 Mleczuy
688 2423 730 2494 de
758 2410 864 2494 armis
891 2424 1058 2515 Ulyna,
1084 2426 1121 2495 iu
1141 2446 1209 2516 qua
1227 2433 1309 2496 sunt
1335 2426 1428 2496 lanei
1455 2427 1699 2516 emethouales,
1727 2427 1811 2497 item

257 2542 444 2642 hortulani,
472 2545 557 2616 item
583 2546 765 2634 tabernae,
792 2546 876 2617 item
902 2567 1009 2615 uuum
1036 2546 1216 2635 praedium
1243 2547 1404 2636 militare,
1432 2547 1474 2617 de
1502 2548 1626 2637 quibus
1655 2549 1811 2619 omnibus

258 2662 407 2735 solvitur
433 2671 472 2739 et
496 2665 701 2739 conducitur
728 2665 862 2737 decima
888 2665 1113 2754 manipularis
1140 2673 1177 2737 et
1203 2667 1378 2756 canapalis
1406 2667 1571 2738 ecclesiae
1598 2676 1634 2737 et
1661 2668 1809 2757 plebano

258 2805 322 2856 auo
348 2784 478 2857 ibidem
505 2785 541 2857 in
566 2784 874 2876 Zelyenycze,
901 2787 998 2858 cuius
1026 2787 1127 2873 palor
1152 2788 1359 2859 aestimatur
1385 2781 1617 2878 6(1’....,
1644 2788 1729 2859 item
1757 2795 1810 2858 est

258 2905 294 2974 in
321 2906 441 2976 eadem
469 2906 551 2977 riha
576 2907 723 2978 taberna
749 2913 785 2978 et
811 2906 932 2977 laneus
968 2908 1042 2985 sive
1078 2927 1218 2996 campus
1254 2907 1497 2997 praebendarii
1534 2908 1652 3005 Sancti
1688 2890 1812 2979 Jacobi

260 3026 408 3115 apostoli
436 3026 478 3097 de
505 3027 944 3118 Naszyechowicze,
972 3027 1014 3098 de
1043 3028 1167 3119 quibus
1195 3028 1280 3099 nulli
1307 3027 1410 3099 solvit
1437 3028 1613 3118 decimam,
1640 3014 1812 3100 sed'illan
1936 3108 1938 3113 ,

259 3168 323 3236 pro
349 3169 386 3218 se
412 3149 507 3221 tollit
533 3154 570 3220 et
595 3150 631 3221 in
659 3168 759 3220 suum
784 3148 917 3220 inducit
943 3148 1117 3239 borreum,
1145 3155 1206 3220 aut
1232 3149 1353 3220 vendit
1379 3169 1443 3238 pro
1471 3170 1533 3221 suo
1562 3150 1673 3221 libitu.

856 3270 1227 3346 Nassancuowrczs.

362 3388 467 3479 Villa,
493 3391 625 3475 habens
651 3390 883 3480 parochialem
902 3390 1091 3479 ,ecclesiam
1117 3396 1290 3467 muratam
1316 3390 1352 3461 in
1380 3410 1427 3480 se,
1454 3389 1580 3463 Sancto
1607 3391 1692 3463 Vito
1719 3414 1811 3463 mar-

256 3511 328 3601 tyri
356 3509 514 3600 dicatam,
541 3512 638 3582 euius
666 3512 861 3601 proprietas
888 3509 933 3581 ad
959 3510 1141 3589 Nicolaum
1169 3511 1212 3583 de
1239 3512 1345 3582 armis
1371 3511 1394 3581 J
1404 3516 1573 3603 anyna',
1600 3494 1812 3586 Stauislaum

258 3629 530 3722 Slupowsky
557 3631 600 3703 de
618 3633 724 3702 armis
750 3631 951 3721 Lelyna,
978 3638 1015 3703 et
1040 3631 1210 3703 Jacobum
1236 3632 1279 3703 de
1298 3630 1536 3722 armisOxa,
1573 3634 1706 3723 inqua
1732 3640 1814 3704 sunt

258 3751 384 3840 viginti
410 3752 479 3824 duo
506 3751 598 3824 lanei
626 3751 871 3841 emethouales,
897 3753 982 3823 item
1008 3752 1156 3824 tabama
1182 3773 1252 3824 una
1278 3752 1427 3842 plebani,
1455 3753 1594 3824 solvens
1620 3774 1685 3843 pro
1708 3776 1812 3825 censu

257 3892 360 3942 unam
387 3893 549 3962 marcam3
577 3873 660 3944 item
686 3873 865 3943 hortulani
891 3873 939 3942 ibi
967 3894 1035 3943 non
1064 3878 1159 3962 sunt,
1187 3873 1229 3943 (16
1257 3873 1382 3962 quibus
1410 3872 1557 3945 solvitur
1583 3880 1619 3945 61
1646 3874 1808 3945 conduci-

256 3998 316 4062 tur
342 3993 476 4064 decima
502 3993 730 4083 manipularis
755 4000 792 4065 ct
819 3993 995 4083 canapalia
1020 3986 1086 4083 pro
1113 3992 1258 4089 ecclesia
1280 3999 1316 4065 et
1333 3993 1481 4082 plebano
1510 3994 1638 4064 ibidem
1667 3996 1701 4064 in
1728 3994 1808 4064 Na-

258 4115 663 4207 szyauchowycze,
698 4119 733 4184 et
759 4114 857 4185 valor
884 4115 958 4184 eius
994 4114 1200 4185 aestimatur
1223 4113 1280 4193 ¹ad
1307 4113 1501 4204 quindecim
1538 4135 1690 4201 marcas;
1726 4116 1809 4185 item

258 4234 402 4323 praedia
426 4236 497 4306 tria
522 4235 705 4325 militaria,
732 4241 768 4306 et
795 4235 839 4329 de
866 4235 1023 4307 omnibus
1051 4214 1157 4305 etiam
1193 4233 1384 4304 decimatur
1420 4234 1584 4305 ecclesiae
1619 4236 1748 4309 ibidem
1775 4237 1810 4306 in
1827 4276 1867 4317 .ιῖ-

258 4352 713 4455 Naszanchowpcze3
746 4357 831 4427 item
857 4356 964 4427 habet
990 4356 1039 4427 ibi
1067 4355 1218 4444 ecclesia
1239 4356 1399 4444 proprios
1427 4375 1531 4445 agros
1558 4362 1594 4427 et
1620 4362 1722 4446 prata
1749 4378 1812 4445 pro

260 4495 323 4548 suo
350 4496 426 4566 usu,
452 4477 595 4567 praedio
622 4483 660 4549 et
685 4477 905 4551 necessitate.
1186 4566 1191 4575 Ι
1225 4554 1248 4571 ,Ι
1328 4564 1333 4573 ,

315 4672 318 4679 ,
361 4597 664 4687 Mraenowrczr,
691 4598 776 4671 villa
792 4600 857 4671 sub
875 4599 1042 4689 parochia
1060 4598 1102 4669 de
1125 4598 1590 4699 Nasznyanchowlycze
1617 4599 1694 4688 sita,
1713 4601 1809 4670 cuius

258 4718 382 4793 haeres
409 4718 489 4790 Sto
498 4741 643 4809 gneus
670 4719 713 4790 de
739 4720 845 4791 armis
881 4717 992 4808 Oxo,
1028 4720 1065 4789 iu
1093 4740 1161 4809 qua
1191 4725 1272 4791 sunt
1298 4698 1479 4821 Ι6611161161
1506 4720 1749 4808 emethouales,
1777 4727 1813 4792 et

259 4839 300 4910 (16
328 4840 481 4931 quinque
507 4840 744 4911 tantummodo
771 4840 881 4910 laneis
907 4839 1056 4911 solvitur
1069 4845 1114 4919 Ι61
1132 4818 1347 4912 conducitur
1363 4824 1497 4911 decima
1522 4840 1748 4929 manipularis
1776 4847 1812 4910 et

260 4960 435 5050 canapalis
461 4980 524 5050 pro
551 4961 752 5050 praehenda
778 4959 1010 5051 Oracoviensi,
1036 4982 1125 5050 quae
1143 4966 1288 5033 vocatur
1301 4958 1623 5073 Dzewyanthelslga,
1650 4967 1685 5031 et
1714 4961 1812 5031 valor

259 5078 332 5151 eius
359 5081 563 5153 aestimatur
590 5081 635 5152 ad
661 5084 794 5177 septem
812 5135 926 5152 .....
944 5137 953 5171 ,
989 5082 1032 5152 de
1059 5087 1158 5171 sexto
1185 5087 1302 5163 autern
1336 5079 1437 5150 laneo
1464 5074 1804 5189 solvito-rpecclesiae

260 5201 293 5270 in
320 5200 762 5291 Nassanchonycze.
789 5202 876 5272 Item
895 5207 949 5272 est
966 5201 1015 5273 ibi
1034 5223 1139 5271 unum
1165 5200 1345 5291 praedium
1372 5201 1531 5289 militare,
1558 5192 1809 5293 (166661661-

259 5327 374 5391 matur
399 5321 565 5403 ecelesiae
592 5322 627 5391 in
654 5321 1130 5412 Nasszanchowycze3
1166 5323 1250 5393 item
1276 5328 1331 5421 est
1358 5321 1406 5391 ihi
1432 5343 1503 5393 una
1529 5323 1690 5420 taberna,
1718 5323 1808 5394 duae

261 5441 478 5514 hortulaniae
505 5449 541 5514 et
566 5463 671 5514 unum
699 5443 941 5531 molendinum,
968 5442 1029 5513 sed
1057 5463 1126 5513 non
1153 5443 1284 5513 habent
1310 5463 1422 5532 agros.

361 5564 661 5653 Dzawraurncn,
690 5564 773 5635 villa
799 5564 863 5635 sub
890 5564 1057 5652 parochia
1084 5563 1126 5635 de
1154 5560 1187 5633 N
1198 5564 1589 5654 aszanchowyczc
1618 5564 1695 5651 sita,
1714 5566 1812 5634 cuius

260 5683 381 5755 haeres
408 5683 538 5755 Paulus
566 5684 608 5755 de
635 5683 820 5773 Sprowa
856 5684 898 5755 de
926 5684 1026 5755 domo
1059 5683 1390 5772 Odrowansch,
1428 5684 1462 5752 in
1490 5705 1559 5773 qua
1586 5689 1668 5753 sunt
1693 5684 1811 5753 trede-

260 5805 322 5876 cim
350 5806 443 5877 lanei
470 5805 714 5894 emethouales,
741 5825 810 5876 una
836 5806 985 5877 taberna
1001 5810 1037 5876 et
1056 5805 1143 5876 duae
1171 5805 1399 5894 hortulaniae,
1426 5805 1595 5875 habentos
1624 5824 1736 5891 agros,
1768 5804 1811 5873 de

260 5927 381 6016 quibus
408 5927 567 5998 omnibus
593 5926 742 5998 solvitur
768 5931 803 5997 et
830 5926 1034 6000 conducitur
1066 5926 1200 5999 decima
1226 5925 1452 6015 manipularis
1479 5931 1515 5994 61
1542 5924 1718 6012 canapalis
1732 5945 1809 6021 pro

259 6046 458 6134 praebenda
484 6045 724 6136 cracoviensi,
760 6068 848 6138 quae
875 6046 1375 6141 vocaturDzewyantholsha,
1411 6050 1446 6115 et
1473 6045 1570 6115 valor
1597 6045 1672 6123 eius
1699 6046 1808 6116 aesti-

260 6174 373 6240 matur
400 6167 445 6239 ad
472 6167 621 6251 sedecim
647 6189 791 6239 mareas.
836 6169 923 6239 Item
950 6146 1004 6240 est
1031 6169 1080 6241 ibi
1108 6167 1286 6258 praedium
1314 6186 1419 6236 uuum
1446 6165 1614 6255 militare,
1642 6165 1686 6256 de
1712 6166 1810 6237 cuius

260 6290 351 6379 agris
379 6289 571 6361 decimatur
597 6290 763 6360 ecclesiae
793 6290 828 6359 iu
854 6289 1109 6361 Paczanow
1136 6288 1273 6377 oppido.

361 6408 658 6501 Pouniowreza,
685 6409 769 6481 villa
795 6410 859 6482 sub
886 6411 1052 6500 parochia
1078 6410 1121 6481 de
1149 6402 1583 6501 Naszyachowycze‘
1609 6409 1687 6497 sita,
1714 6408 1811 6478 cuius

260 6529 426 6601 haeredes
467 6529 660 6602 Stanislaus
700 6530 1009 6621 Polayowsky
1052 6530 1095 6601 de
1140 6532 1246 6601 armis
1288 6531 1531 6621 Anguium,
1572 6534 1608 6599 et
1648 6527 1812 6600 Nicolaus

361 6697 409 6737 raa.
424 6697 522 6754 aeneae.
536 6700 567 6740 u
1608 6669 1646 6725 ll
