4200 8342
261 1635 357 1759 ἱ42

304 1842 478 1930 militaria,
506 1840 549 1912 de
576 1840 700 1932 quibus
728 1839 919 1912 decimatur
937 1839 1101 1912 ecclesiae
1128 1839 1163 1911 in
1192 1837 1361 1931 Magna
1397 1836 1451 1911 Sz
1465 1837 1593 1930 aple3
1619 1840 1704 1911 item
1730 1836 1858 1911 colum·

209 1960 212 1965 ’
305 1962 482 2035 bationem
509 1962 657 2033 solvunt.

410 2083 558 2156 Cznrun
583 2082 722 2172 Musca,
749 2081 833 2153 villa
860 2082 925 2153 sub
953 2083 1118 2173 parochia
1145 2082 1317 2173 Czaple
1343 2081 1512 2172 Magna
1538 2083 1616 2173 sita,
1654 2082 1752 2154 cuius
1779 2102 1857 2171 pro·

306 2205 437 2296 prietas
465 2204 509 2276 ad
536 2204 715 2276 eeclesiam
744 2201 861 2274 Sancti
887 2203 1044 2275 Floriani
1070 2204 1107 2274 in
1134 2202 1359 2294 Gleparz,
1391 2203 1562 2277 duntaxat
1586 2203 1633 2275 ad
1652 2203 1857 2275 ¹emetbones

307 2327 468 2418 pertinet,
496 2327 532 2396 in
560 2345 628 2416 qua
654 2330 735 2395 sunt
761 2325 908 2414 triginta
925 2330 962 2396 et
980 2330 1130 2414 quatuor
1156 2325 1248 2396 lanei
1274 2324 1516 2414 cmethouales,
1543 2324 1730 2416 dequibus
1749 2324 1856 2395 omni·
1956 2420 1958 2425 Ι

306 2448 373 2519 bus
399 2447 547 2519 solvitur
573 2451 608 2517 et
635 2445 839 2517 conducitur
865 2446 998 2516 decima
1024 2446 1250 2535 manipularis
1278 2452 1314 2516 et
1341 2446 1519 2535 canapalis
1546 2467 1610 2536 pro
1637 2444 1743 2516 altari
1770 2443 1856 2516 Gon·

308 2569 477 2658 ceptionis
505 2566 652 2639 Sanctae
679 2565 814 2639 Mariae
841 2566 876 2636 iu
904 2566 1049 2637 ecclesia
1076 2557 1330 2656 cracoviensi„
1357 2571 1393 2637 et
1417 2566 1519 2638 valor
1554 2567 1628 2638 eius
1655 2567 1858 2638 aestimatur

308 2688 353 2759 ad
380 2688 480 2758 XXX
505 2709 665 2777 marcas3
701 2688 784 2758 item
812 2707 880 2758 non
908 2687 1050 2758 suntin
1078 2688 1199 2758 eadem
1225 2687 1309 2757 villa
1335 2687 1511 2777 tabernae,
1537 2708 1606 2759 non
1633 2686 1858 2758 1111111111-

308 2809 430 2881 laniae.
457 2809 544 2882 Item
572 2814 627 2882 est
654 2808 689 2879 11
717 2808 837 2879 eadem
863 2807 948 2879 villa
975 2808 1153 2898 praedium
1180 2808 1336 2879 canonici
1363 2806 1481 2881 Sancti
1507 2806 1684 2897 Floriani,
1720 2807 1857 2897 dequo

308 2930 396 3002 111111
430 2931 535 3003 solvit
569 2930 737 3001 decimam
772 2928 1040 3019 manipularem,
1077 2928 1137 2999 sed
1174 2950 1251 3000 eam
1285 2949 1349 3021 pro
1377 2950 1414 3000 se
1441 2928 1534 3000 tollit
1569 2928 1667 2999 etin
1693 2929 1856 2999 horreum

309 3072 408 3125 suurn
436 3051 541 3142 ducit;
568 3052 651 3123 item
680 3050 969 3122 columbationem
996 3050 1145 3122 solvunt.
1865 3025 1871 3038 ⁹

413 3173 638 3263 8111101101,
674 3171 757 3244 villa
783 3172 847 3242 sub
874 3171 1040 3260 parochia
1066 3171 1232 3242 ecclesiae
1260 3169 1302 3241 de
1330 3167 1497 3260 Gzaple
1532 3170 1619 3260 sita,
1654 3170 1753 3241 cuius
1780 3190 1857 3259 pro-

308 3295 439 3384 prietas
465 3295 510 3365 ad
536 3293 785 3365 monasterium
811 3290 1070 3362 llliecbovieuse
1096 3293 1256 3381 pertinet,
1283 3292 1320 3362 in
1347 3312 1416 3381 qua
1442 3296 1523 3362 sunt
1550 3290 1741 3364 octodecim
1768 3291 1857 3361 lanei

308 3413 558 3503 emethonales‚
585 3413 668 3484 item
695 3412 842 3483 taberna
868 3433 946 3503 una,
973 3413 1106 3484 habens
1133 3433 1246 3502 agros,
1273 3413 1356 3482 item
1383 3417 1456 3484 tres
1474 3412 1701 3501 hortulauiae,
1728 3410 1857 3482 haben-

307 3540 362 3605 tes
389 3555 500 3625 agros,
529 3532 572 3604 de
599 3534 723 3624 quibus
752 3533 909 3604 omnibus
939 3533 1087 3604 soluitur
1114 3539 1150 3604 et
1177 3533 1381 3603 conducitur
1412 3532 1545 3605 decima
1571 3532 1797 3624 manipularis
1824 3537 1858 3602 et

310 3655 485 3745 canapalis
520 3674 584 3743 pro
612 3655 772 3743 episcopo
810 3652 1051 3742 Cracoviensi,
1088 3660 1123 3724 et
1149 3653 1246 3724 valor
1283 3653 1427 3723 eiusad
1456 3654 1687 3744 quadraginta
1722 3672 1857 3723 marcas

309 3776 523 3863 aestimatur,
548 3775 632 3844 item
660 3780 715 3845 est
742 3773 789 3844 ibi
816 3772 996 3863 praedium
1023 3794 1130 3843 unnim
1157 3773 1365 3863 coenobiale,
1393 3774 1436 3844 de
1463 3774 1560 3845 cuius
1588 3774 1682 3864 agris
1710 3773 1857 3844 solvitur

308 3896 441 3967 decima
467 3894 690 3985 manipularis
717 3894 927 3965 monasterio
955 3894 991 3964 in
1017 3893 1202 3984 Mogyla
1228 3894 1360 3965 ordinis
1388 3893 1677 3985 cisterciensium,
1705 3899 1742 3964 et
1761 3893 1857 3963 valor

309 4017 383 4086 eius
419 4015 623 4085 aestimatur
658 4014 702 4085 ad
729 4021 878 4105 quatuor
912 4033 1057 4087 marcas.
1101 4014 1188 4084 Item
1226 4019 1375 4104 quatuor
1409 4014 1501 4085 lanei
1536 4014 1722 4104 speciales,
1759 4034 1857 4084 secus

307 4134 487 4225 praedium
514 4135 676 4224 iacentes
703 4135 746 4206 de
773 4137 898 4225 quibus
925 4137 1030 4206 etiam
1058 4135 1206 4206 solvitur
1232 4135 1366 4206 decima
1392 4135 1617 4225 manipularis
1644 4134 1856 4206 monasterio

308 4257 344 4328 in
371 4255 563 4345 Mogila,
599 4261 636 4326 et
665 4255 763 4327 valor
799 4257 873 4327 eius
908 4256 1115 4326 aestimatur
1150 4256 1194 4326 ad
1222 4260 1372 4345 quatuor
1405 4277 1559 4328 marcas·
1580 4255 1683 4327 ‚ltem
1711 4254 1858 4344 quilibet

305 4358 351 4449 de
378 4376 477 4446 laneo
505 4375 609 4446 solvit
635 4396 698 4465 pro
725 4397 857 4445 lausana
884 4376 969 4447 duos
997 4376 1121 4448 choros
1158 4376 1305 4466 siliginis
1332 4381 1368 4446 et
1394 4376 1481 4448 duos
1512 4396 1643 4457 avenae
1671 4375 1855 4463 confertos,

305 4517 372 4591 pro
399 4496 543 4569 ecclesia
570 4496 606 4565 in
632 4495 799 4586 Magna
833 4496 1044 4586 Gzoplye.
1089 4496 1175 4568 Tres
1201 4496 1441 4581 tantummodo
1469 4498 1570 4569 villas
1599 4499 1855 4587 suprascriptas

306 4618 414 4691 babet
440 4617 586 4689 ecclesia
611 4618 647 4687 in
674 4615 840 4707 Magna
866 4616 1037 4707 Czaple
1064 4617 1100 4688 in
1128 4639 1191 4688 sua
1217 4619 1391 4707 parocbia.
1530 4676 1534 4685 .

990 4737 1184 4811 Mumocn.

411 4857 523 4949 Villa,
558 4858 690 4931 habens
716 4858 949 4948 parochialem
985 4859 1166 4929 ecclesiam
1191 4859 1227 4929 in
1255 4880 1302 4947 sc,
1329 4858 1515 4931 Nativitati
1548 4858 1696 4931 Sanctae
1723 4857 1857 4929 Mariae

308 4981 466 5068 dicatam,
495 4979 590 5050 cuius
616 4979 784 5068 plebanus
811 4979 962 5051 Jacobus
990 4979 1104 5051 dictus
1139 4979 1348 5070 Nomina,
1385 4981 1482 5053 cuius
1517 4979 1685 5051 haeredes
1712 4979 1857 5050 Marcus

309 5107 344 5170 et
371 5100 535 5170 Nicolaus
560 5097 688 5171 fratres
714 5101 758 5173 de
784 5101 890 5170 armis
917 5099 1127 5189 Nowina,
1155 5100 1190 5172 in
1218 5122 1286 5193 qua
1312 5107 1393 5171 sum
1414 5101 1559 5190 triginta
1586 5101 1737 5191 quinque
1764 5100 1856 5171 lanei

308 5218 551 5310 cmetbonales,
578 5221 662 5291 item
688 5220 756 5290 (111
783 5221 927 5310 praedia
953 5221 1129 5312 militaria,
1156 5221 1199 5292 de
1227 5222 1351 5311 quibus
1371 5222 1528 5292 oumibns
1557 5221 1703 5293 solvitur
1722 5227 1758 5291 ct
1777 5241 1857 5291 con-

306 5340 447 5413 ducitur
472 5339 606 5411 decima
631 5340 858 5429 manipularis
885 5347 921 5412 et
940 5341 1115 5431 canapalis
1142 5341 1308 5412 ecclesiae
1336 5349 1372 5413 et
1397 5343 1544 5432 plebano
1572 5343 1607 5412 in
1626 5341 1857 5432 Mninoga,

306 5468 345 5535 et
369 5461 468 5534 valor
493 5462 567 5532 cius
592 5461 799 5531 aestimatur
817 5462 861 5532 ad
881 5463 1027 5551 triginta
1052 5482 1197 5553 marcas
1225 5463 1409 5552 aliquando
1438 5463 1482 5533 ad
1501 5463 1741 5552 quadraginta
1768 5462 1857 5532 Item

304 5585 388 5655 sunt
410 5581 460 5652 ibi
487 5581 576 5654 duae
602 5583 785 5669 tabernae,
821 5582 978 5673 sednon
1003 5583 1135 5655 habent
1169 5603 1290 5672 agros;
1326 5584 1408 5654 item
1435 5604 1496 5655 sex
1522 5583 1751 5673 hortulauiae,
1779 5604 1852 5653 uon

306 5704 474 5775 habentes
508 5722 621 5792 agros.
664 5703 752 5774 Item
779 5703 947 5792 plebanus
973 5704 1080 5775 habet
1116 5724 1180 5793 pro
1217 5704 1360 5795 praedio
1396 5725 1458 5775 suo
1486 5725 1590 5795 agros
1627 5704 1794 5795 speciales
1821 5709 1858 5775 et

305 5830 418 5913 prata.

407 5944 582 6034 1111111111,
608 5945 691 6016 villa
708 5945 772 6016 sub
790 5944 956 6034 parochia
982 5944 1025 6017 de
1051 5944 1272 6035 Mninoga
1298 5946 1372 6034 sita,
1392 5945 1488 6017 cuius
1506 5945 1674 6017 haeredes
1692 5945 1854 6018 Andreas

247 6144 251 6151 ,
307 6066 351 6137 de
377 6063 727 6156 Woyslawicze,
763 6064 1028 6156 Oppalyacz
1056 6071 1092 6137 et
1118 6064 1365 6157 Grzymala
1391 6066 1434 6137 de
1461 6067 1567 6137 armis
1603 6063 1858 6158 Grzymali·

248 6162 258 6195 ³
307 6191 477 6274 tarum,
502 6184 540 6255 iu
565 6206 635 6279 quc
659 6194 742 6259 sunt
766 6187 857 6259 lanei
881 6186 1124 6277 emetbouales,
1151 6187 1235 6257 item
1262 6187 1417 6275 taberna,
1446 6186 1529 6258 item
1556 6186 1785 6278 hortulauiae,
1813 6188 1857 6259 de
1952 6281 1954 6284 Ι

307 6305 433 6401 quibus
460 6304 619 6377 omnibus
645 6306 792 6379 solvitur
818 6313 856 6379 et
882 6306 1088 6383 conducitur
1117 6305 1248 6377 decima
1273 6306 1500 6397 manipularis
1527 6311 1564 6377 et
1589 6308 1765 6397 canapalis
1792 6328 1857 6398 pro

306 6426 454 6501 ecclesia
478 6426 516 6497 iu
541 6423 780 6517 Muinoga,
805 6432 843 6499 et
869 6427 967 6499 valor
992 6426 1068 6499 eius
1095 6427 1300 6499 aestimatur
1325 6427 1369 6497 ad
1396 6426 1516 6498 decem
1542 6446 1686 6499 marcas.

357 6600 380 6625 a
404 6544 710 6641 alona-ulma,
731 6544 816 6621 villu
842 6547 906 6619 sub
932 6548 1100 6679 ppfpohia
1125 6548 1291 6621 eeclesiae
1317 6546 1360 6618 de
1389 6544 1611 6638 Mniuoga
1636 6549 1723 6641 sita,
1758 6550 1858 6641 cuins

667 6698 671 6705 '
900 6726 903 6731 .
974 6704 999 6751 ,ἴῃ
1016 6714 1030 6753 :a

891 6766 895 6775 .
926 6760 946 6767 ··
963 6752 1031 6803 'am-⁸
