4200 8342
1733 1656 1806 1739 499

259 1884 349 1963 quae
383 1870 529 1943 vocatur
562 1861 835 1962 lircronowslra,
871 1875 909 1944 ct
942 1866 1043 1945 udor
1077 1866 1152 1945 eins
1191 1868 1396 1946 aestimatur
1434 1867 1478 1944 ad
1517 1868 1682 1947 tredecim
1722 1891 1812 1946 mar-

258 2010 327 2065 cas
363 1992 449 2065 Itern
476 1984 656 2084 praedium
693 1998 747 2066 est
771 1994 821 2065 ihi
848 1994 986 2066 unicum
1014 1994 1175 2086 militare,
1202 1994 1245 2068 de
1272 2015 1339 2087 quo
1366 1993 1557 2068 decimatur
1583 1994 1750 2069 ecclesiae
1776 1995 1811 2067 in

259 2110 466 2185 Phanou.
888 2177 890 2181 ,

362 2232 548 2325 erown,
575 2234 660 2307 villa
695 2236 760 2307 suh
787 2237 953 2326 parochia
978 2234 1022 2309 de
1048 2234 1244 2309 Phanou
1271 2236 1358 2328 sita,
1386 2238 1483 2309 cuins
1509 2238 1633 2311 haeres
1659 2236 1812 2312 Duma-

257 2356 366 2429 rath
393 2355 437 2428 de
462 2354 669 2449 Podolye
695 2356 738 2428 de
765 2358 871 2429 armis
898 2355 1155 2451 Gruymala.
1181 2358 1222 2430 In
1250 2378 1318 2449 qua
1345 2364 1427 2430 sunt
1453 2379 1512 2430 sex
1540 2358 1631 2430 lanei
1659 2359 1810 2431 ametho

260 2476 368 2569 noles,
395 2480 479 2549 item
504 2478 682 2569 tabernae,
708 2478 792 2551 item
820 2479 1059 2571 hortulaniae,
1086 2478 1128 2551 de
1156 2480 1281 2571 quihus
1309 2480 1467 2553 omnihus
1494 2480 1643 2553 solvitur
1669 2486 1705 2553 et
1731 2500 1812 2553 con·

237 2590 399 2672 'ducitm
425 2600 558 2671 decima
583 2598 810 2691 manipularis
836 2608 872 2672 et
898 2601 1075 2693 canapalis
1101 2622 1165 2694 pro
1192 2601 1391 2693 praebendo
1417 2600 1698 2699 Sandonririensi,
1725 2624 1812 2695 quiae

259 2725 406 2793 vocatur
439 2720 714 2813 Krczonowslea,
741 2722 839 2794 cuins
870 2721 970 2795 valor
995 2722 1040 2795 ud
1067 2743 1127 2795 sex
1154 2744 1289 2796 marcus
1316 2724 1530 2796 aestimatur.
1570 2724 1657 2795 lt'em
1685 2729 1738 2797 ast
1765 2724 1813 2799 ihi

258 2860 363 2914 mum
390 2842 570 2933 praedium
597 2843 759 2935 militare,
785 2842 829 2915 dc
856 2866 925 2937 quo
952 2843 1145 2917 decimatur
1171 2846 1336 2917 ecclesiae
1363 2846 1398 2915 iu
1426 2844 1632 2918 Phanou.
1659 2844 1747 2918 Item
1775 2847 1810 2917 in

258 2964 379 3036 eodeni
414 2964 499 3037 villa
532 2964 680 3037 ccclesia
714 2970 751 3036 et
785 2963 955 3055 plebanos
986 2965 1030 3037 de
1058 2964 1270 3057 Phanou,
1297 2966 1384 3038 duos
1411 2972 1445 3037 et
1474 2964 1656 3038 distinctos
1681 2966 1814 3037 hahent

257 3084 387 3178 lamecu
413 3094 450 3158 et
475 3086 623 3178 quilibet
648 3086 755 3189 solvit
780 3106 845 3177 pro
871 3108 987 3160 annuo
1014 3107 1119 3160 censu
1147 3142 1297 3159 .....
1323 3087 1410 3160 Item
1438 3092 1493 3159 est
1519 3086 1567 3159 ihi
1595 3087 1743 3160 taberna
1770 3084 1812 3158 de

254 3208 472 3299 proprietate
497 3206 646 3300 plehuni,
673 3228 762 3300 qnae
789 3207 896 3281 solvit
922 3264 930 3280 .
958 3265 965 3279 .
993 3264 1019 3301 .,
1047 3214 1084 3281 et
1110 3214 1190 3301 post
1216 3206 1392 3299 praefatos
1411 3206 1502 3280 dnos·
1515 3208 1634 3280 laneos
1654 3214 1689 3280 et
1708 3228 1811 3301 agros

257 3326 436 3420 uberum,
463 3328 598 3402 decima
624 3330 774 3403 solvitur
799 3330 966 3403 ecolesma
980 3331 1028 3402 'in
1055 3328 1283 3427 Phanou.¹

362 3450 525 3543 Pomona,
553 3452 636 3526 uilla
662 3452 728 3524 sub
754 3452 920 3543 parochia
946 3452 989 3525 de
1015 3450 1213 3526 Pkonon
1239 3454 1317 3542 sita,
1344 3450 1441 3523 cuius
1468 3450 1591 3525 haeres
1617 3452 1709 3526 idem
1732 3450 1813 3557 Do-

258 3573 439 3645 marath
466 3574 643 3646 decumis
669 3572 922 3666 Grzymala
949 3574 989 3647 ln
1016 3595 1086 3665 qua
1112 3579 1194 3647 sont
1220 3580 1370 3667 quatuor
1395 3572 1487 3645 lanei
1506 3574 1750 3667 emethonales,
1769 3574 1812 3647 de

254 3694 383 3785 quihus
409 3694 557 3769 soluitur
582 3700 620 3767 et
645 3694 849 3779 conducitur
874 3694 1007 3767 decima
1033 3695 1199 3799 ecclesiae
1225 3694 1260 3767 in
1289 3694 1495 3789 Pkanow,
1522 3697 1619 3769 cuius
1645 3697 1745 3769 valor
1762 3694 1808 3769 ad

259 3836 364 3887 unam
390 3836 598 3909 sexagenum
624 3818 848 3905 aestimatum
875 3816 958 3887 itcrn
984 3816 1162 3907 tabernae,
1193 3816 1275 3887 item
1303 3817 1542 3907 hortulaniae3
1573 3815 1657 3889 item
1685 3821 1738 3889 est
1764 3817 1812 3889 ihi

258 3954 363 4009 auum
391 3938 569 4030 praedium
595 3938 756 4031 militare,
783 3938 827 4009 dc
853 3938 951 4011 anius
977 3938 1072 4029 agris
1099 3938 1246 4011 soluitur
1273 3938 1404 4009 decima
1430 3938 1465 4010 in
1492 3936 1701 4012 Plranon.

362 4058 616 4152 Tnannnuow,
642 4060 727 4134 villa
752 4060 817 4133 suh
842 4060 1009 4153 parochia
1035 4060 1078 4132 de
1105 4052 1300 4132 Pk'un'ow
1326 4060 1403 4152 sita,
1430 4060 1527 4131 cuius
1553 4060 1677 4131 haeres
1704 4058 1809 4133 Nico

259 4179 337 4253 laus
371 4180 631 4274 Przeivslry
665 4181 709 4254 de
745 4182 851 4255 armis
886 4180 1068 4254 Solimo.
1111 4180 1151 4253 In
1189 4202 1260 4275 qua,
1293 4202 1354 4254 sen
1380 4180 1471 4253 lanei
1499 4182 1742 4274 cmethonales,
1769 4180 1813 4254 de

258 4302 384 4395 quihus
419 4303 566 4377 soluitur
599 4310 637 4387 et
671 4292 875 4377 conducitur
909 4302 1043 4377 decima
1074 4300 1300 4394 manipularis
1327 4306 1364 4375 et
1389 4292 1564 4394 canapalis
1579 4294 1811 4395 ¹praebendae

258 4422 548 4517 Sandomiriensi,
585 4444 673 4518 quae
710 4433 856 4499 vocatum
889 4424 1166 4519 Krczonowska,
1192 4426 1289 4499 cuius
1323 4426 1423 4498 valor
1449 4426 1653 4498 aestimatur
1679 4424 1724 4498 ad
1751 4444 1812 4499 sex

261 4566 406 4619 marcas.
431 4545 520 4619 Item
547 4551 602 4619 est
626 4546 677 4620 ihi
702 4540 892 4639 praedium,
919 4547 963 4620 de
989 4567 1058 4641 quo
1085 4542 1276 4621 decimatur
1298 4548 1333 4620 in
1352 4545 1568 4639 Phanuw3
1594 4548 1676 4622 item
1694 4546 1812 4623 taber-

259 4646 336 4761 uae,
362 4668 446 4741 item
472 4669 694 4741 hortulanice
708 4724 716 4741 .
731 4724 761 4743 ..

362 4788 634 4882 Pnznrvscnru,
662 4792 745 4863 villa
771 4788 835 4863 suh
862 4790 1027 4881 parochia
1052 4792 1096 4863 de
1122 4790 1318 4863 Pkanow
1346 4792 1421 4881 sita,
1449 4790 1546 4862 cuius
1564 4790 1689 4867 haeres
1707 4790 1812 4864 Nico-

257 4908 334 4984 laus
359 4909 476 4985 Prze
485 4910 628 5005 yvssh
637 4936 660 5004 y
686 4912 730 4983 de
756 4892 862 4983 armis
888 4910 1080 5003 Solyma
1105 4910 1147 4983 In
1174 4930 1243 5011 qua
1269 4917 1350 4984 sunt
1375 4912 1468 4983 lanei
1495 4910 1740 5003 cmethonales,
1767 4911 1811 4985 de

258 5032 384 5125 quun
409 5032 544 5109 decima
569 5033 718 5106 solvitur
734 5030 952 5124 praebendae
970 5030 1252 5125 Scndumiriensi,
1272 5048 1360 5125 quac
1379 5039 1525 5117 uocatur
1542 5032 1810 5127 Krczonowska,

256 5160 295 5227 et
319 5154 419 5230 valor
444 5156 521 5230 eius
548 5156 756 5229 aestimatur
781 5152 827 5227 ad
854 5210 862 5227 .
889 5210 897 5225 .
924 5210 933 5226 .
975 5154 1064 5227 Item
1091 5159 1146 5226 est
1171 5154 1219 5227 ihi
1244 5154 1426 5247 praedium
1454 5155 1614 5249 militare,
1643 5156 1687 5229 de
1713 5158 1811 5230 cuius

259 5256 355 5371 egris
380 5278 572 5353 decimatur
599 5278 636 5351 in
662 5274 888 5351 Piranum

931 5500 1135 5581 Knaszum.
1195 5576 1198 5585 .

361 5638 533 5741 Oppidum
559 5644 691 5722 hahens
717 5642 897 5720 ecclesiam
923 5646 1166 5739 parochialem,
1193 5645 1291 5719 cuius
1317 5646 1443 5719 chorus
1460 5644 1571 5718 latere
1589 5648 1686 5719 como
1704 5642 1811 5720 ichri-

257 5775 356 5843 aatus
382 5774 455 5861 est,
482 5790 547 5861 per
571 5770 767 5843 Johanncm
792 5768 1040 5862 Kalinslry,
1067 5771 1149 5841 tunc
1175 5767 1358 5859 plehanum
1386 5768 1478 5858 eius,
1506 5766 1550 5839 de
1576 5766 1678 5839 domo
1706 5766 1805 5860 Bip

258 5892 491 5985 pannium,
517 5890 646 5965 Sancto
744 5947 751 5964 .
778 5891 947 5983 dicatam3
983 5892 1148 5984 quanin
1176 5910 1259 5963 cura
1285 5890 1415 5962 habent
1442 5888 1620 5980 regulares
1647 5889 1805 5961 canonici

257 6012 377 6086 Sancti
413 6012 619 6104 Augustini,
645 6014 743 6087 cuius
777 6020 947 6105 patronus
982 6012 1026 6086 dc
1063 6012 1168 6085 armis
1204 6012 1369 6085 Sturza
1403 6030 1464 6083 sen
1499 6002 1811 6103 Bippe'nnium

259 6134 439 6209 Johanues
475 6135 518 6206 de
554 6134 819 6229 'lhanczyn3
840 6135 897 6225 ¹da
924 6134 999 6208 cius
1026 6134 1256 6207 ordinatione
1271 6130 1429 6225 praelata
1455 6132 1600 6205 ecclesia
1626 6132 1812 6205 saecularis

257 6270 323 6349 per
355 6255 551 6331 Johanncm
586 6255 855 6329 Luthlronis
893 6261 976 6330 tuuc
1011 6258 1209 6349 episcopum
1246 6252 1508 6328 Oracouiensem
1545 6275 1635 6327 anno
1671 6252 1811 6326 Domini

263 6380 450 6453 1460...in
477 6378 672 6471 regularem
698 6378 871 6451 translata
896 6386 961 6471 est,
984 6385 1025 6477 Uet
1050 6376 1229 6451 canonicis·
1251 6370 1469 6468 regularibus
1488 6374 1605 6449 Sancti
1624 6374 1812 6469 Augustini

258 6502 470 6595 consignata,
496 6522 586 6594 quae
611 6521 677 6593 pro
703 6522 768 6575 suu
793 6500 875 6574 dote
899 6500 1007 6574 hahet
1021 6505 1214 6592 prouentus
1232 6498 1478 6589 infrascriptos.
1504 6497 1546 6568 In
1564 6498 1691 6589 oppidu
1710 6518 1810 6589 prae-

256 6618 329 6693 lato
363 6620 614 6717 Krasrnph
654 6628 737 6697 sunt
769 6622 918 6714 triginta
952 6620 1043 6694 lanei
1080 6619 1348 6711 oppidanorum,
1385 6638 1530 6712 quornm
1566 6619 1682 6693 decen
1719 6618 1810 6692 lanei
