4200 8342
1743 1640 1812 1710 151
1935 1592 1937 1596 ⁵

366 1836 658 1927 anonowrczrr,
684 1837 770 1909 villa
797 1838 861 1910 sub
879 1840 1044 1928 parochia
1071 1841 1113 1911 de
1138 1839 1382 1913 Sezurowa
1417 1841 1628 1930 sita,·euius
1656 1843 1812 1931 proprie-

262 1961 319 2029 tas
345 1956 391 2029 ad
417 1956 653 2047 episcopatum
679 1956 943 2031 (lraeoriensem
977 1960 1137 2049 pertinet
1177 1961 1218 2031 In
1246 1981 1314 2050 qua
1340 1964 1420 2032 sunt
1451 1961 1542 2031 lanei
1570 1961 1812 2050 cmetbonalos,

261 2070 348 2149 item
372 2076 610 2169 bortulauiae,
644 2077 839 2168 dequibus
874 2080 1021 2151 solvitur
1055 2085 1091 2151 ot
1118 2080 1321 2152 conducitur
1356 2081 1488 2151 decima
1523 2080 1749 2170 manipularis
1776 2086 1812 2151 et

263 2196 441 2288 canapalis
466 2197 693 2269 66616616616
719 2197 1055 2288 Przemankow,
1082 2205 1118 2270 et
1144 2200 1243 2272 valor
1269 2201 1343 2271 eius
1370 2200 1574 2272 aestimatur
1601 2200 1646 2271 ad

271 2390 276 2399 ,
367 2316 467 2391 Duae
501 2318 666 2389 tabernae
700 2316 799 2390 iuxta
831 2318 972 2389 fluvium
1009 2318 1042 2389 N
1051 2318 1233 2389 idzicza
1268 2320 1373 2409 sitae,
1409 2324 1455 2389 et·
1479 2319 1524 2389 ad
1560 2320 1813 2409 proprietatem

264 2436 406 2528 plebani
431 2444 469 2511 et
485 2438 652 2510 ecelesiae
678 2437 721 2509 (16
738 2437 1066 2511 Przemanlrow
1092 2440 1325 2529 pertinentes,
1353 2459 1498 2528 quamn
1520 2440 1694 2529 quaelibet
1710 2440 1815 2512 solvit

264 2557 413 2648 plebano
446 2558 575 2631 ibidem
610 2558 698 2630 duas
733 2580 887 2649 mareas,
923 2580 1070 2649 quarum
1104 2561 1345 2632 tabernatores
1381 2560 1466 2630 nihil
1494 2560 1671 2649 laborant,
1704 2560 1814 2631 solum

266 2684 408 2769 pratum
432 2662 575 2769 plebani
599 2678 803 2751 falcastrare
828 2685 1001 2753 tenentur.

368 2798 598 2871 Hortulaniae
632 2805 780 2891 quatuor
815 2801 920 2871 etiam
955 2800 998 2871 (16
1032 2820 1141 2891 prope
1177 2799 1401 2872 Nidzicza
1426 2800 1672 2891 consistentes,
1707 2806 1744 2871 et
1769 2800 1814 2873 ad

265 2918 393 2991 dietam
427 2919 607 3007 eeclesiam
641 2926 679 2992 et
704 2919 888 3011 plebanum
924 2921 998 2992 eius
1033 2921 1070 2991 in
1097 2921 1422 2992 Przemankow
1456 2922 1687 3010 pertinentes,
1724 2941 1812 3009 quae

266 3039 353 3111 nibil
387 3039 547 3131 solvunt,
581 3040 693 3129 solnm
720 3041 896 3132 quaelibet
929 3042 966 3112 in
992 3042 1187 3132 septimana
1214 3042 1360 3113 'laborat
1394 3062 1500 3112 unum
1527 3041 1637 3130 diem,
1673 3045 1813 3131 praeter

268 3163 426 3249 tempora
450 3161 583 3241 messis.
694 3242 697 3247 ,
1873 3247 1876 3253 .

368 3279 607 3353 Molendinum
642 3288 728 3372 post,
756 3282 933 3356 Vislam
968 3282 1170 3354 influmine
1205 3282 1394 3355 Uschew
1429 3282 1550 3372 situm,
1586 3302 1655 3353 non
1681 3282 1813 3353 habens

267 3420 386 3493 agros,
413 3400 524 3473 solum
551 3402 690 3474 bortum
716 3409 753 3474 et
770 3410 907 3494 pratum
933 3404 1124 3493 continens,
1151 3403 1196 3475 ad
1213 3405 1460 3494 proprietatem
1487 3403 1625 3494 plebani
1652 3404 1813 3474 6166616-

264 3522 338 3595 siae
375 3521 419 3593 (16
444 3520 773 3627 Przemanlrow
798 3526 997 3616 pertinens,
1024 3525 1116 3614 quod
1143 3524 1254 3596 eidem
1280 3524 1428 3614 plebano
1455 3529 1621 3596 metretas
1648 3523 1778 3618 solvit·

788 3712 791 3717 .
914 3645 1170 3717 Nuaannnow.
1773 3706 1779 3721 .

369 3762 465 3835 Villa
490 3764 623 3837 babens
648 3765 685 3837 in
703 3785 741 3837 se
759 3764 938 3837 ecclesiam
965 3765 1198 3856 parochialem
1225 3764 1350 3837 Sancto
1377 3764 1509 3837 docebo
1527 3764 1696 3855 Apostolo
1723 3765 1816 3837 dica-

258 3890 358 3975 tam,
394 3885 494 3957 iuxta
518 3886 660 3957 fluvium
694 3885 971 3979 Srzenyawa
997 3887 1118 3976 sitam,
1153 3887 1250 3957 euius
1276 3887 1473 3976 proprietas
1509 3885 1554 3957 ad
1580 3886 1747 3957 moniales
1773 3887 1816 3957 de

257 4004 378 4077 Stan
387 4006 533 4097 yathk
543 4028 567 4096 y
584 4008 755 4097 pertinet,
773 4013 810 4078 et
826 4007 980 4097 eiusdem
998 4005 1163 4079 ecelesiae
1180 4007 1217 4077 in
1236 4005 1482 4096 Nyegardo
1496 4028 1527 4078 w
1554 4006 1838 4096 iuspatronatus

258 4131 301 4199 et
319 4126 470 4199 collatio
507 4126 548 4197 In
574 4148 645 4217 qua
670 4132 752 4213 sunt
769 4127 1029 4219 quatuordecim
1057 4128 1148 4199 lanei
1175 4127 1419 4217 emethonales,
1447 4126 1633 4216 dequibus
1659 4127 1816 4199 omnibus

257 4246 414 4320 solvitur
448 4253 485 4318 et
510 4248 714 4321 conducitur
748 4249 881 4321 decima
906 4248 1132 4338 manipularis
1159 4254 1196 4319 et
1222 4248 1414 4337 campalis,
1450 4247 1512 4319 sed
1538 4248 1613 4319 eius
1639 4247 1815 4337 perceptio

256 4366 537 4459 diversificatur,
564 4390 643 4440 nam
670 4369 713 4441 de
731 4370 835 4441 cortis
862 4369 972 4440 laneis
998 4369 1148 4459 percipit
1173 4369 1269 4439 illam
1296 4368 1441 4441 eeclesia
1466 4367 1624 4458 praefata
1650 4367 1816 4459 inNye-

255 4488 472 4581 gardow,
507 4489 550 4561 (16
576 4490 654 4561 aliis
689 4510 772 4563 vero
798 4491 908 4561 laneis
935 4491 1132 4580 percipiunt
1165 4490 1261 4561 illam
1296 4490 1520 4561 mansionarii
1556 4489 1599 4559 de
1624 4488 1812 4561 Ruscza

254 4606 353 4681 Item
380 4610 554 4706 plebanus,
571 4600 609 4682 et
633 4610 779 4682 ecclesia
804 4610 841 4685 16
867 4609 901 4680 N
908 4609 1154 4702 yagardow
1181 4610 1311 4681 habent
1336 4610 1386 4683 ibi
1413 4630 1515 4701 agros
1541 4615 1579 4680 et
1604 4615 1721 4701 prata,
1748 4628 1812 4699 pro

266 4750 331 4801 suo
359 4729 502 4820 praedio
529 4735 565 4801 et
582 4731 808 4820 necessitato,
844 4736 883 4801 et
898 4750 1001 4803 unam
1026 4730 1208 4802 tabernam
1234 4730 1420 4802 habentem
1446 4748 1570 4820 agros,
1606 4734 1651 4801 et
1666 4729 1814 4819 plebano

262 4870 330 4941 pro
358 4869 465 4921 censu
490 4850 595 4922 solvit
621 4850 707 4921 duas
733 4870 877 4922 marcas.
920 4850 1009 4923 Item
1035 4851 1216 4940 praedium
1243 4850 1292 4922 ibi
1318 4850 1536 4939 coenobiale,
1563 4849 1606 4920 (16
1634 4869 1700 4939 quo
1728 4848 1812 4918 nulli

267 4970 435 5047 decimam
462 4970 541 5061 dat,
567 4971 634 5045 sed.
655 4992 731 5045 eam
751 4992 821 5062 616
848 4992 886 5043 se
912 4972 1015 5043 tollit.
1059 5056 1061 5061 Ι
1764 4988 1770 4995 ·

370 5089 643 5183 Gnouoemcze,
667 5092 751 5164 villa
769 5092 834 5164 sub
851 5093 1018 5183 parochia
1043 5091 1087 5163 (16
1105 5089 1390 5182 Nyegardow
1417 5091 1500 5181 sita,
1528 5091 1626 5163 euius
1646 5089 1822 5165 medietas¹

271 5210 315 5285 ad
336 5212 586 5285 monasterium
613 5212 924 5285 sanctimonialium
951 5213 994 5284 (16
1017 5212 1313 5303 Stanyathlry
1338 5213 1497 5303 pertinet
1536 5212 1576 5285 In
1596 5233 1664 5302 qua
1688 5212 1817 5285 medie-

268 5336 360 5424 taoe,
394 5337 477 5403 sunt
502 5338 651 5423 quatuor
676 5333 768 5405 lanei
795 5333 1027 5405 emetbonales
1063 5338 1099 5405 et
1124 5332 1213 5403 duae
1239 5332 1458 5407 hortulaniae
1494 5332 1662 5404 habentes
1701 5352 1814 5423 agros,

270 5453 315 5525 ad
338 5453 587 5526 monasterium
623 5453 667 5525 de
693 5452 990 5545 Stanyatlrky
1016 5454 1318 5544 pertinentes,·de
1346 5454 1470 5543 quibus
1498 5454 1643 5525 solvitur
1670 5460 1816 5525 61666-

271 5572 408 5649 ducitur
440 5574 573 5647 decima
602 5575 827 5665 manipularis
854 5579 890 5645 et
907 5574 1081 5665 eanapalis
1116 5595 1179 5663 pro
1210 5574 1341 5646 vicaria
1363 5574 1582 5664 praebendae
1611 5573 1815 5645 Cracovien-

271 5693 336 5785 sis,
377 5715 466 5787 quae
492 5701 638 5782 vocatur
664 5696 855 5786 Topolska,
889 5701 926 5766 et
951 5693 1050 5767 valor
1079 5695 1165 5766 eius·
1185 5694 1388 5766 aestimatur
1423 5694 1468 5767 ad
1496 5691 1645 5785 quatuor
1671 5713 1815 5767 mareas.

270 5813 357 5886 Item
397 5816 510 5887 altera
534 5817 716 5888 medietas
759 5814 936 5906 praefatae
975 5815 1090 5887 villae.
1115 5812 1426 5905 Glogoczieze
1463 5816 1538 5886 iure
1581 5812 1815 5885 haereditario

271 5935 421 6025 pertinet
455 5935 500 6008 ad
535 5935 725 6028 Zegotham
760 5942 797 6009 et
821 5937 1032 6028 Raphaelom
1069 5936 1112 6007 de
1138 5936 1319 6025 Ritlrer,
1355 5936 1485 6028 inqua
1520 5938 1601 6005 sunt
1636 5954 1696 6004 sex
1722 5932 1814 6005 lanei

271 6056 523 6147 emetbonales,
549 6056 593 6129 de
612 6058 736 6148 quibus
762 6056 895 6129 decima
920 6056 1144 6153 manipularis
1171 6055 1317 6129 solvitur
1343 6054 1560 6144 praebendae
1586 6052 1815 6146 (11666νί61161,

272 6196 358 6269 quac
382 6177 661 6255 Bossutbowslra
685 6178 897 6269 appellatur,
924 6178 1021 6249 cuius
1047 6177 1146 6249 valor
1173 6177 1378 6247 aestimatur
1404 6173 1449 6246 ad
1467 6195 1528 6249 seu
1545 6195 1690 6248 marcas.
1726 6174 1816 6257 Item

272 6305 350 6372 aunt
379 6300 430 6371 ibi
457 6298 525 6372 duo
551 6300 711 6391 praedia,
739 6320 843 6371 unum
870 6298 1071 6372 coenobiale
1088 6296 1409 6387 ¹sanctimonialium
1436 6296 1478 6369 de
1505 6295 1774 6388 Stanyethk
1782 6320 1816 6389 y,

271 6418 311 6513 de
337 6419 436 6493 cuius
471 6420 566 6511 agris
601 6442 671 6492 non
707 6420 812 6493 solvit
846 6421 1093 6493 monasterium
1129 6418 1232 6489 611661
1268 6418 1451 6525 decimam,
1487 6418 1550 6505 sed
1579 6428 1815 6521 mpojssss

270 6540 379 6637 tollit5
406 6524 609 6614 nontamen
626 6560 670 6613 ex
688 6541 846 6623 omnibus
862 6534 972 6633 agris,
992 6534 1155 6631 quoniam
1170 6538 1288 6633 aliqua
1305 6558 1387 6633 pars
1405 6536 1815 6649 661661161ῇώ6]
1989 6626 1995 6635 ¹
