<?xml version="1.0" encoding="UTF-8"?>
<!DOCTYPE html PUBLIC "-//W3C//DTD XHTML 1.0 Transitional//EN"
    "http://www.w3.org/TR/xhtml1/DTD/xhtml1-transitional.dtd">
<html xmlns="http://www.w3.org/1999/xhtml" xml:lang="en" lang="en">
 <head>
  <title>
</title>
<meta http-equiv="Content-Type" content="text/html;charset=utf-8" />
  <meta name='ocr-system' content='tesseract 3.04.00' />
  <meta name='ocr-capabilities' content='ocr_page ocr_carea ocr_par ocr_line ocrx_word'/>
</head>
<body>
  <div class='ocr_page' id='page_1' title='image "./joannisdugoszse01dugoog_0241.png"; bbox 0 0 4200 8342; ppageno 0'>
   <div class='ocr_carea' id='block_1_1' title="bbox 1732 1630 1907 1704">
    <p class='ocr_par' dir='ltr' id='par_1_1' title="bbox 1732 1630 1907 1704">
     <span class='ocr_line' id='line_1_1' title="bbox 1732 1630 1907 1704; baseline 0.006 -2"><span class='ocrx_word' id='word_1_1' title='bbox 1732 1630 1804 1704; x_wconf 76' lang='lat'>215</span> <span class='ocrx_word' id='word_1_2' title='bbox 1903 1667 1907 1674; x_wconf 75' lang='lat'><em>,</em></span> 
     </span>
    </p>
   </div>
   <div class='ocr_carea' id='block_1_2' title="bbox 135 1823 1949 6273">
    <p class='ocr_par' dir='ltr' id='par_1_2' title="bbox 167 1823 1914 2188">
     <span class='ocr_line' id='line_1_2' title="bbox 261 1823 1914 1932; baseline 0.005 -32"><span class='ocrx_word' id='word_1_3' title='bbox 261 1823 483 1916; x_wconf 82' lang='lat' dir='ltr'>Cracoviensi</span> <span class='ocrx_word' id='word_1_4' title='bbox 509 1824 665 1921; x_wconf 87' lang='lat' dir='ltr'>solvitur,</span> <span class='ocrx_word' id='word_1_5' title='bbox 693 1835 729 1901; x_wconf 94' lang='grc'>61</span> <span class='ocrx_word' id='word_1_6' title='bbox 756 1827 853 1904; x_wconf 85' lang='grc'><strong>66166</strong></span> <span class='ocrx_word' id='word_1_7' title='bbox 879 1831 953 1906; x_wconf 88' lang='grc'><strong>6166</strong></span> <span class='ocrx_word' id='word_1_8' title='bbox 980 1831 1184 1906; x_wconf 86' lang='grc'><strong>6661166166</strong></span> <span class='ocrx_word' id='word_1_9' title='bbox 1211 1832 1256 1906; x_wconf 91' lang='lat' dir='ltr'>ad</span> <span class='ocrx_word' id='word_1_10' title='bbox 1287 1889 1295 1905; x_wconf 88' lang='lat'><strong>.</strong></span> <span class='ocrx_word' id='word_1_11' title='bbox 1323 1890 1329 1905; x_wconf 94' lang='lat'>.</span> <span class='ocrx_word' id='word_1_12' title='bbox 1358 1890 1365 1904; x_wconf 95' lang='lat'>.</span> <span class='ocrx_word' id='word_1_13' title='bbox 1393 1889 1400 1904; x_wconf 92' lang='lat'><em>.</em></span> <span class='ocrx_word' id='word_1_14' title='bbox 1428 1841 1464 1907; x_wconf 92' lang='lat' dir='ltr'>et</span> <span class='ocrx_word' id='word_1_15' title='bbox 1489 1832 1637 1908; x_wconf 90' lang='lat' dir='ltr'>solvitur</span> <span class='ocrx_word' id='word_1_16' title='bbox 1663 1858 1726 1927; x_wconf 94' lang='lat' dir='ltr'>per</span> <span class='ocrx_word' id='word_1_17' title='bbox 1751 1859 1812 1909; x_wconf 84' lang='grc'>666</span> <span class='ocrx_word' id='word_1_18' title='bbox 1908 1924 1914 1932; x_wconf 40' lang='grc'><strong>,</strong></span> 
     </span>
     <span class='ocr_line' id='line_1_3' title="bbox 260 1948 1912 2048; baseline 0.006 -27"><span class='ocrx_word' id='word_1_19' title='bbox 260 1968 402 2039; x_wconf 82' lang='lat' dir='ltr'>grossos</span> <span class='ocrx_word' id='word_1_20' title='bbox 429 1948 472 2020; x_wconf 94' lang='grc'>(16</span> <span class='ocrx_word' id='word_1_21' title='bbox 499 1950 654 2040; x_wconf 90' lang='lat' dir='ltr'>quolibet</span> <span class='ocrx_word' id='word_1_22' title='bbox 679 1950 780 2026; x_wconf 92' lang='lat' dir='ltr'>laneo</span> <span class='ocrx_word' id='word_1_23' title='bbox 807 2007 815 2023; x_wconf 88' lang='lat'><strong>.</strong></span> <span class='ocrx_word' id='word_1_24' title='bbox 843 2008 850 2023; x_wconf 95' lang='lat'>.</span> <span class='ocrx_word' id='word_1_25' title='bbox 878 1978 906 2043; x_wconf 89' lang='lat'>.;</span> <span class='ocrx_word' id='word_1_26' title='bbox 940 1955 1024 2026; x_wconf 87' lang='lat' dir='ltr'>item</span> <span class='ocrx_word' id='word_1_27' title='bbox 1051 1955 1159 2028; x_wconf 89' lang='lat' dir='ltr'>habet</span> <span class='ocrx_word' id='word_1_28' title='bbox 1185 1955 1234 2027; x_wconf 88' lang='lat' dir='ltr'>ibi</span> <span class='ocrx_word' id='word_1_29' title='bbox 1260 1956 1428 2045; x_wconf 90' lang='lat' dir='ltr'>plebanus</span> <span class='ocrx_word' id='word_1_30' title='bbox 1454 1957 1615 2047; x_wconf 89' lang='lat' dir='ltr'>proprios</span> <span class='ocrx_word' id='word_1_31' title='bbox 1645 1978 1749 2048; x_wconf 83' lang='lat' dir='ltr'>agros</span> <span class='ocrx_word' id='word_1_32' title='bbox 1775 1965 1813 2030; x_wconf 91' lang='grc'>61</span> <span class='ocrx_word' id='word_1_33' title='bbox 1910 2041 1912 2045; x_wconf 47' lang='grc'>,</span> 
     </span>
     <span class='ocr_line' id='line_1_4' title="bbox 167 2058 1262 2188; baseline 0.006 -48"><span class='ocrx_word' id='word_1_34' title='bbox 167 2058 171 2064; x_wconf 74' lang='grc'><strong>’</strong></span> <span class='ocrx_word' id='word_1_35' title='bbox 260 2074 462 2163; x_wconf 75' lang='grc'><strong>66616666</strong></span> <span class='ocrx_word' id='word_1_36' title='bbox 490 2089 552 2143; x_wconf 91' lang='grc'>666</span> <span class='ocrx_word' id='word_1_37' title='bbox 579 2092 645 2142; x_wconf 89' lang='lat' dir='ltr'>usu</span> <span class='ocrx_word' id='word_1_38' title='bbox 672 2077 708 2143; x_wconf 92' lang='grc'>61</span> <span class='ocrx_word' id='word_1_39' title='bbox 734 2069 950 2156; x_wconf 71' lang='lat' dir='ltr'>necessitate,</span> <span class='ocrx_word' id='word_1_40' title='bbox 1196 2157 1209 2188; x_wconf 45' lang='grc' dir='ltr'>ι</span> <span class='ocrx_word' id='word_1_41' title='bbox 1251 2082 1262 2100; x_wconf 85' lang='grc'><em>“</em></span> 
     </span>
    </p>

    <p class='ocr_par' dir='ltr' id='par_1_3' title="bbox 259 2190 1856 2647">
     <span class='ocr_line' id='line_1_5' title="bbox 363 2190 1810 2286; baseline 0.008 -26"><span class='ocrx_word' id='word_1_42' title='bbox 363 2190 637 2283; x_wconf 71' lang='grc' dir='ltr'><strong>Ζ666666666,</strong></span> <span class='ocrx_word' id='word_1_43' title='bbox 664 2194 749 2264; x_wconf 86' lang='lat' dir='ltr'>villa</span> <span class='ocrx_word' id='word_1_44' title='bbox 784 2196 848 2267; x_wconf 88' lang='lat' dir='ltr'>sub</span> <span class='ocrx_word' id='word_1_45' title='bbox 875 2196 1041 2285; x_wconf 88' lang='lat' dir='ltr'>parochia</span> <span class='ocrx_word' id='word_1_46' title='bbox 1068 2195 1111 2267; x_wconf 92' lang='lat' dir='ltr'>de</span> <span class='ocrx_word' id='word_1_47' title='bbox 1138 2197 1350 2273; x_wconf 81' lang='lat' dir='ltr'>Praerow</span> <span class='ocrx_word' id='word_1_48' title='bbox 1377 2197 1462 2286; x_wconf 90' lang='lat' dir='ltr'>sita,</span> <span class='ocrx_word' id='word_1_49' title='bbox 1490 2198 1586 2271; x_wconf 89' lang='lat' dir='ltr'>cuius</span> <span class='ocrx_word' id='word_1_50' title='bbox 1613 2198 1810 2274; x_wconf 80' lang='lat' dir='ltr'><strong>haereditas</strong></span> 
     </span>
     <span class='ocr_line' id='line_1_6' title="bbox 260 2312 1810 2412; baseline 0.005 -28"><span class='ocrx_word' id='word_1_51' title='bbox 260 2313 305 2400; x_wconf 87' lang='lat' dir='ltr'>ad</span> <span class='ocrx_word' id='word_1_52' title='bbox 338 2312 595 2412; x_wconf 70' lang='lat' dir='ltr'>serenissimum</span> <span class='ocrx_word' id='word_1_53' title='bbox 629 2312 794 2386; x_wconf 91' lang='lat' dir='ltr'>Poloniae</span> <span class='ocrx_word' id='word_1_54' title='bbox 829 2335 947 2405; x_wconf 81' lang='lat' dir='ltr'>regem</span> <span class='ocrx_word' id='word_1_55' title='bbox 983 2315 1144 2405; x_wconf 84' lang='lat' dir='ltr'>pertinet.</span> <span class='ocrx_word' id='word_1_56' title='bbox 1186 2317 1227 2386; x_wconf 91' lang='grc'>16</span> <span class='ocrx_word' id='word_1_57' title='bbox 1260 2338 1329 2406; x_wconf 92' lang='lat' dir='ltr'>qua</span> <span class='ocrx_word' id='word_1_58' title='bbox 1363 2322 1445 2388; x_wconf 92' lang='grc'><strong>6661</strong></span> <span class='ocrx_word' id='word_1_59' title='bbox 1479 2318 1589 2408; x_wconf 87' lang='grc'><strong>16661,</strong></span> <span class='ocrx_word' id='word_1_60' title='bbox 1617 2318 1810 2409; x_wconf 86' lang='lat' dir='ltr'>dequibus</span> 
     </span>
     <span class='ocr_line' id='line_1_7' title="bbox 263 2432 1856 2526; baseline 0.006 -23"><span class='ocrx_word' id='word_1_61' title='bbox 263 2432 395 2504; x_wconf 79' lang='lat' dir='ltr'>decima</span> <span class='ocrx_word' id='word_1_62' title='bbox 421 2452 484 2523; x_wconf 89' lang='grc'>666</span> <span class='ocrx_word' id='word_1_63' title='bbox 511 2435 672 2524; x_wconf 80' lang='lat' dir='ltr'>episcopo</span> <span class='ocrx_word' id='word_1_64' title='bbox 700 2432 931 2526; x_wconf 83' lang='lat' dir='ltr'>Oracoviensi,</span> <span class='ocrx_word' id='word_1_65' title='bbox 958 2441 994 2507; x_wconf 92' lang='grc'>61</span> <span class='ocrx_word' id='word_1_66' title='bbox 1020 2436 1118 2508; x_wconf 86' lang='lat' dir='ltr'>valor</span> <span class='ocrx_word' id='word_1_67' title='bbox 1144 2436 1219 2508; x_wconf 89' lang='lat' dir='ltr'>eius</span> <span class='ocrx_word' id='word_1_68' title='bbox 1246 2434 1291 2507; x_wconf 95' lang='lat' dir='ltr'>ad</span> <span class='ocrx_word' id='word_1_69' title='bbox 1316 2438 1463 2525; x_wconf 85' lang='lat' dir='ltr'>triginta</span> <span class='ocrx_word' id='word_1_70' title='bbox 1488 2458 1623 2511; x_wconf 86' lang='lat' dir='ltr'>marcas</span> <span class='ocrx_word' id='word_1_71' title='bbox 1650 2442 1810 2511; x_wconf 90' lang='lat' dir='ltr'>aestima·</span> <span class='ocrx_word' id='word_1_72' title='bbox 1853 2489 1856 2500; x_wconf 81' lang='lat'>·</span> 
     </span>
     <span class='ocr_line' id='line_1_8' title="bbox 259 2553 1757 2647; baseline 0.005 -24"><span class='ocrx_word' id='word_1_73' title='bbox 259 2557 327 2624; x_wconf 87' lang='lat' dir='ltr'>tur.</span> <span class='ocrx_word' id='word_1_74' title='bbox 353 2553 440 2624; x_wconf 87' lang='lat' dir='ltr'>Item</span> <span class='ocrx_word' id='word_1_75' title='bbox 467 2558 522 2623; x_wconf 91' lang='grc'>661</span> <span class='ocrx_word' id='word_1_76' title='bbox 549 2554 597 2626; x_wconf 90' lang='lat' dir='ltr'>ibi</span> <span class='ocrx_word' id='word_1_77' title='bbox 624 2553 802 2644; x_wconf 82' lang='lat' dir='ltr'>praedium</span> <span class='ocrx_word' id='word_1_78' title='bbox 830 2556 955 2646; x_wconf 84' lang='lat' dir='ltr'>regale,</span> <span class='ocrx_word' id='word_1_79' title='bbox 983 2555 1025 2643; x_wconf 79' lang='lat' dir='ltr'>de</span> <span class='ocrx_word' id='word_1_80' title='bbox 1054 2577 1121 2646; x_wconf 92' lang='lat' dir='ltr'>quo</span> <span class='ocrx_word' id='word_1_81' title='bbox 1148 2555 1283 2627; x_wconf 90' lang='lat' dir='ltr'>decima</span> <span class='ocrx_word' id='word_1_82' title='bbox 1308 2557 1455 2647; x_wconf 91' lang='lat' dir='ltr'>plebano</span> <span class='ocrx_word' id='word_1_83' title='bbox 1474 2558 1510 2628; x_wconf 93' lang='grc'>16</span> <span class='ocrx_word' id='word_1_84' title='bbox 1537 2557 1757 2632; x_wconf 83' lang='grc' dir='ltr'><strong>Ρ666666.</strong></span> 
     </span>
    </p>

    <p class='ocr_par' dir='ltr' id='par_1_4' title="bbox 259 2671 1857 2888">
     <span class='ocr_line' id='line_1_9' title="bbox 363 2671 1833 2770; baseline 0.007 -30"><span class='ocrx_word' id='word_1_85' title='bbox 363 2672 632 2764; x_wconf 78' lang='lat' dir='ltr'>Wrnuczrczn,</span> <span class='ocrx_word' id='word_1_86' title='bbox 659 2674 741 2746; x_wconf 89' lang='lat' dir='ltr'>villa</span> <span class='ocrx_word' id='word_1_87' title='bbox 776 2676 840 2747; x_wconf 87' lang='lat' dir='ltr'>sub</span> <span class='ocrx_word' id='word_1_88' title='bbox 859 2677 1041 2766; x_wconf 89' lang='lat' dir='ltr'>parochia</span> <span class='ocrx_word' id='word_1_89' title='bbox 1069 2674 1111 2748; x_wconf 93' lang='lat' dir='ltr'>de</span> <span class='ocrx_word' id='word_1_90' title='bbox 1138 2676 1350 2749; x_wconf 85' lang='lat' dir='ltr'>Przerow</span> <span class='ocrx_word' id='word_1_91' title='bbox 1378 2678 1464 2767; x_wconf 87' lang='lat' dir='ltr'>sita,</span> <span class='ocrx_word' id='word_1_92' title='bbox 1491 2679 1587 2751; x_wconf 88' lang='lat' dir='ltr'>cuius</span> <span class='ocrx_word' id='word_1_93' title='bbox 1614 2671 1833 2770; x_wconf 82' lang='lat' dir='ltr'>proprietas</span> 
     </span>
     <span class='ocr_line' id='line_1_10' title="bbox 259 2793 1857 2888; baseline 0.004 -24"><span class='ocrx_word' id='word_1_94' title='bbox 259 2793 303 2865; x_wconf 91' lang='lat' dir='ltr'>ad</span> <span class='ocrx_word' id='word_1_95' title='bbox 329 2814 447 2884; x_wconf 83' lang='lat' dir='ltr'>regem</span> <span class='ocrx_word' id='word_1_96' title='bbox 474 2795 703 2884; x_wconf 84' lang='grc'><strong>6661166116</strong></span> <span class='ocrx_word' id='word_1_97' title='bbox 731 2817 799 2885; x_wconf 90' lang='lat' dir='ltr'>qua</span> <span class='ocrx_word' id='word_1_98' title='bbox 824 2801 905 2868; x_wconf 90' lang='lat' dir='ltr'>sunt</span> <span class='ocrx_word' id='word_1_99' title='bbox 931 2796 1022 2868; x_wconf 93' lang='lat' dir='ltr'>lanei</span> <span class='ocrx_word' id='word_1_100' title='bbox 1049 2798 1291 2887; x_wconf 89' lang='lat' dir='ltr'>cmethonales,</span> <span class='ocrx_word' id='word_1_101' title='bbox 1319 2797 1361 2869; x_wconf 97' lang='grc'>(16</span> <span class='ocrx_word' id='word_1_102' title='bbox 1389 2799 1514 2888; x_wconf 88' lang='lat' dir='ltr'>quibus</span> <span class='ocrx_word' id='word_1_103' title='bbox 1532 2799 1699 2872; x_wconf 79' lang='lat' dir='ltr'>medietas</span> <span class='ocrx_word' id='word_1_104' title='bbox 1717 2800 1809 2872; x_wconf 91' lang='grc'><strong>(1661-</strong></span> <span class='ocrx_word' id='word_1_105' title='bbox 1832 2831 1857 2859; x_wconf 86' lang='grc'>.-</span> 
     </span>
    </p>

    <p class='ocr_par' dir='ltr' id='par_1_5' title="bbox 218 2915 1809 3137">
     <span class='ocr_line' id='line_1_11' title="bbox 218 2915 1809 3009; baseline 0.003 -25"><span class='ocrx_word' id='word_1_106' title='bbox 218 2962 221 2966; x_wconf 89' lang='lat'><em>-</em></span> <span class='ocrx_word' id='word_1_107' title='bbox 260 2935 335 2986; x_wconf 91' lang='lat' dir='ltr'>mae</span> <span class='ocrx_word' id='word_1_108' title='bbox 362 2936 426 3005; x_wconf 92' lang='lat' dir='ltr'>pro</span> <span class='ocrx_word' id='word_1_109' title='bbox 454 2916 613 3007; x_wconf 87' lang='lat' dir='ltr'>episcopo</span> <span class='ocrx_word' id='word_1_110' title='bbox 641 2915 874 3007; x_wconf 81' lang='lat' dir='ltr'>Cracoviensi,</span> <span class='ocrx_word' id='word_1_111' title='bbox 901 2922 937 2989; x_wconf 90' lang='grc'>61</span> <span class='ocrx_word' id='word_1_112' title='bbox 963 2917 1132 2989; x_wconf 85' lang='lat' dir='ltr'>medietas</span> <span class='ocrx_word' id='word_1_113' title='bbox 1159 2939 1222 3007; x_wconf 92' lang='lat' dir='ltr'>pro</span> <span class='ocrx_word' id='word_1_114' title='bbox 1249 2918 1396 3009; x_wconf 93' lang='lat' dir='ltr'>plebano</span> <span class='ocrx_word' id='word_1_115' title='bbox 1415 2918 1450 2989; x_wconf 94' lang='lat' dir='ltr'>in</span> <span class='ocrx_word' id='word_1_116' title='bbox 1477 2918 1627 2991; x_wconf 87' lang='lat' dir='ltr'>Lelow</span> <span class='ocrx_word' id='word_1_117' title='bbox 1654 2921 1809 2992; x_wconf 91' lang='lat' dir='ltr'>solvitur.</span> 
     </span>
     <span class='ocr_line' id='line_1_12' title="bbox 566 3039 1109 3137; baseline 0.002 -28"><span class='ocrx_word' id='word_1_118' title='bbox 566 3129 573 3137; x_wconf 27' lang='grc' dir='ltr'>Ι</span> <span class='ocrx_word' id='word_1_119' title='bbox 716 3105 719 3110; x_wconf 87' lang='grc'><em>,</em></span> <span class='ocrx_word' id='word_1_120' title='bbox 811 3089 815 3096; x_wconf 78' lang='lat'>-</span> <span class='ocrx_word' id='word_1_121' title='bbox 959 3039 1109 3111; x_wconf 82' lang='lat' dir='ltr'>Zoanw.</span> 
     </span>
    </p>

    <p class='ocr_par' dir='ltr' id='par_1_6' title="bbox 261 3155 1808 3370">
     <span class='ocr_line' id='line_1_13' title="bbox 355 3155 1806 3257; baseline 0.005 -31"><span class='ocrx_word' id='word_1_122' title='bbox 355 3155 457 3229; x_wconf 89' lang='lat' dir='ltr'>-Villa</span> <span class='ocrx_word' id='word_1_123' title='bbox 491 3157 623 3230; x_wconf 88' lang='lat' dir='ltr'>habens</span> <span class='ocrx_word' id='word_1_124' title='bbox 658 3158 695 3229; x_wconf 92' lang='lat' dir='ltr'>in</span> <span class='ocrx_word' id='word_1_125' title='bbox 722 3176 760 3229; x_wconf 90' lang='lat' dir='ltr'>se</span> <span class='ocrx_word' id='word_1_126' title='bbox 786 3158 1019 3249; x_wconf 82' lang='lat' dir='ltr'>parochialem</span> <span class='ocrx_word' id='word_1_127' title='bbox 1055 3159 1234 3248; x_wconf 76' lang='lat' dir='ltr'>eeclesiam</span> <span class='ocrx_word' id='word_1_128' title='bbox 1261 3159 1377 3248; x_wconf 90' lang='lat' dir='ltr'>lapide</span> <span class='ocrx_word' id='word_1_129' title='bbox 1403 3163 1593 3249; x_wconf 88' lang='lat' dir='ltr'>muratam,</span> <span class='ocrx_word' id='word_1_130' title='bbox 1620 3165 1660 3257; x_wconf 85' lang='grc'>61</span> <span class='ocrx_word' id='word_1_131' title='bbox 1680 3158 1806 3233; x_wconf 86' lang='lat' dir='ltr'>Sancto</span> 
     </span>
     <span class='ocr_line' id='line_1_14' title="bbox 261 3276 1808 3370; baseline 0.002 -23"><span class='ocrx_word' id='word_1_132' title='bbox 261 3276 528 3350; x_wconf 85' lang='lat' dir='ltr'>Bartholomaeo</span> <span class='ocrx_word' id='word_1_133' title='bbox 554 3278 714 3367; x_wconf 84' lang='lat' dir='ltr'>dicatam,</span> <span class='ocrx_word' id='word_1_134' title='bbox 742 3279 838 3350; x_wconf 87' lang='lat' dir='ltr'>cuius</span> <span class='ocrx_word' id='word_1_135' title='bbox 856 3279 981 3350; x_wconf 87' lang='lat' dir='ltr'>haeres</span> <span class='ocrx_word' id='word_1_136' title='bbox 998 3278 1175 3370; x_wconf 83' lang='lat' dir='ltr'>Johannes</span> <span class='ocrx_word' id='word_1_137' title='bbox 1193 3278 1390 3350; x_wconf 89' lang='lat' dir='ltr'>Zaramba</span> <span class='ocrx_word' id='word_1_138' title='bbox 1417 3278 1460 3349; x_wconf 90' lang='lat' dir='ltr'>de</span> <span class='ocrx_word' id='word_1_139' title='bbox 1478 3279 1584 3350; x_wconf 88' lang='lat' dir='ltr'>armis</span> <span class='ocrx_word' id='word_1_140' title='bbox 1600 3279 1808 3353; x_wconf 87' lang='lat' dir='ltr'>Zaramba.</span> 
     </span>
    </p>

    <p class='ocr_par' dir='ltr' id='par_1_7' title="bbox 197 3398 1808 3954">
     <span class='ocr_line' id='line_1_15' title="bbox 197 3398 1807 3496; baseline 0.003 -28"><span class='ocrx_word' id='word_1_141' title='bbox 197 3468 225 3496; x_wconf 70' lang='lat'>,-</span> <span class='ocrx_word' id='word_1_142' title='bbox 257 3398 298 3468; x_wconf 93' lang='lat' dir='ltr'>In</span> <span class='ocrx_word' id='word_1_143' title='bbox 326 3419 394 3488; x_wconf 91' lang='lat' dir='ltr'>qua</span> <span class='ocrx_word' id='word_1_144' title='bbox 420 3403 501 3469; x_wconf 91' lang='lat' dir='ltr'>sunt</span> <span class='ocrx_word' id='word_1_145' title='bbox 527 3398 787 3488; x_wconf 89' lang='lat' dir='ltr'>quatuordecim</span> <span class='ocrx_word' id='word_1_146' title='bbox 823 3399 917 3471; x_wconf 91' lang='lat' dir='ltr'>lanei</span> <span class='ocrx_word' id='word_1_147' title='bbox 943 3400 1195 3489; x_wconf 87' lang='lat' dir='ltr'>cmetlronales‚</span> <span class='ocrx_word' id='word_1_148' title='bbox 1222 3399 1265 3469; x_wconf 89' lang='lat' dir='ltr'>de</span> <span class='ocrx_word' id='word_1_149' title='bbox 1292 3399 1417 3489; x_wconf 89' lang='lat' dir='ltr'>quibus</span> <span class='ocrx_word' id='word_1_150' title='bbox 1444 3399 1592 3470; x_wconf 85' lang='lat' dir='ltr'>solvitur</span> <span class='ocrx_word' id='word_1_151' title='bbox 1618 3404 1654 3470; x_wconf 92' lang='lat' dir='ltr'>et</span> <span class='ocrx_word' id='word_1_152' title='bbox 1680 3401 1807 3473; x_wconf 87' lang='lat' dir='ltr'>eondu-</span> 
     </span>
     <span class='ocr_line' id='line_1_16' title="bbox 259 3518 1808 3622; baseline 0.003 -33"><span class='ocrx_word' id='word_1_153' title='bbox 259 3519 349 3590; x_wconf 91' lang='lat' dir='ltr'>citur</span> <span class='ocrx_word' id='word_1_154' title='bbox 371 3518 503 3589; x_wconf 91' lang='lat' dir='ltr'>decima</span> <span class='ocrx_word' id='word_1_155' title='bbox 520 3518 745 3609; x_wconf 82' lang='lat' dir='ltr'>manipularis</span> <span class='ocrx_word' id='word_1_156' title='bbox 771 3524 808 3590; x_wconf 92' lang='lat' dir='ltr'>et</span> <span class='ocrx_word' id='word_1_157' title='bbox 833 3519 1009 3611; x_wconf 89' lang='lat' dir='ltr'>canapalis</span> <span class='ocrx_word' id='word_1_158' title='bbox 1033 3520 1232 3610; x_wconf 88' lang='lat' dir='ltr'>praeposito</span> <span class='ocrx_word' id='word_1_159' title='bbox 1258 3519 1460 3591; x_wconf 88' lang='lat' dir='ltr'>monasterii</span> <span class='ocrx_word' id='word_1_160' title='bbox 1487 3518 1745 3611; x_wconf 85' lang='lat' dir='ltr'>Mathoviensis,</span> <span class='ocrx_word' id='word_1_161' title='bbox 1771 3528 1808 3622; x_wconf 89' lang='lat' dir='ltr'>et</span> 
     </span>
     <span class='ocr_line' id='line_1_17' title="bbox 258 3638 1807 3720; baseline 0.001 -10"><span class='ocrx_word' id='word_1_162' title='bbox 258 3638 356 3710; x_wconf 86' lang='lat' dir='ltr'>valor</span> <span class='ocrx_word' id='word_1_163' title='bbox 382 3639 456 3709; x_wconf 89' lang='lat' dir='ltr'>eius</span> <span class='ocrx_word' id='word_1_164' title='bbox 483 3639 688 3720; x_wconf 87' lang='lat' dir='ltr'>aestimatur</span> <span class='ocrx_word' id='word_1_165' title='bbox 724 3640 769 3712; x_wconf 89' lang='lat' dir='ltr'>ad</span> <span class='ocrx_word' id='word_1_166' title='bbox 795 3638 976 3712; x_wconf 92' lang='lat' dir='ltr'>duodecim</span> <span class='ocrx_word' id='word_1_167' title='bbox 1002 3660 1146 3711; x_wconf 90' lang='lat' dir='ltr'>marcas.</span> <span class='ocrx_word' id='word_1_168' title='bbox 1185 3640 1274 3712; x_wconf 90' lang='lat' dir='ltr'>Item</span> <span class='ocrx_word' id='word_1_169' title='bbox 1301 3648 1382 3711; x_wconf 90' lang='lat' dir='ltr'>sunt</span> <span class='ocrx_word' id='word_1_170' title='bbox 1408 3640 1457 3712; x_wconf 89' lang='lat' dir='ltr'>ibi</span> <span class='ocrx_word' id='word_1_171' title='bbox 1483 3640 1651 3712; x_wconf 90' lang='lat' dir='ltr'>tabernae</span> <span class='ocrx_word' id='word_1_172' title='bbox 1668 3641 1807 3719; x_wconf 76' lang='grc'><strong>1661666</strong></span> 
     </span>
     <span class='ocr_line' id='line_1_18' title="bbox 258 3753 1804 3854; baseline 0.001 -24"><span class='ocrx_word' id='word_1_173' title='bbox 258 3764 311 3830; x_wconf 91' lang='grc'>166</span> <span class='ocrx_word' id='word_1_174' title='bbox 339 3780 461 3850; x_wconf 84' lang='lat' dir='ltr'>agros,</span> <span class='ocrx_word' id='word_1_175' title='bbox 488 3760 571 3832; x_wconf 90' lang='lat' dir='ltr'>item</span> <span class='ocrx_word' id='word_1_176' title='bbox 602 3761 780 3852; x_wconf 89' lang='lat' dir='ltr'>praedium</span> <span class='ocrx_word' id='word_1_177' title='bbox 821 3761 989 3851; x_wconf 88' lang='lat' dir='ltr'>militare,</span> <span class='ocrx_word' id='word_1_178' title='bbox 1026 3761 1068 3833; x_wconf 90' lang='lat' dir='ltr'>de</span> <span class='ocrx_word' id='word_1_179' title='bbox 1096 3753 1224 3851; x_wconf 79' lang='lat' dir='ltr'>quibus</span> <span class='ocrx_word' id='word_1_180' title='bbox 1247 3761 1395 3834; x_wconf 88' lang='lat' dir='ltr'>solvitur</span> <span class='ocrx_word' id='word_1_181' title='bbox 1421 3759 1554 3831; x_wconf 91' lang='lat' dir='ltr'>decima</span> <span class='ocrx_word' id='word_1_182' title='bbox 1579 3753 1804 3854; x_wconf 87' lang='lat' dir='ltr'>manipularis</span> 
     </span>
     <span class='ocr_line' id='line_1_19' title="bbox 258 3880 687 3954; baseline 0.009 -4"><span class='ocrx_word' id='word_1_183' title='bbox 258 3881 422 3952; x_wconf 89' lang='lat' dir='ltr'>ecelesiae</span> <span class='ocrx_word' id='word_1_184' title='bbox 457 3882 494 3954; x_wconf 92' lang='lat' dir='ltr'>in</span> <span class='ocrx_word' id='word_1_185' title='bbox 519 3880 687 3954; x_wconf 77' lang='lat' dir='ltr'>Zoram-</span> 
     </span>
    </p>

    <p class='ocr_par' dir='ltr' id='par_1_8' title="bbox 256 4000 1949 4681">
     <span class='ocr_line' id='line_1_20' title="bbox 366 4000 1806 4094; baseline 0.001 -22"><span class='ocrx_word' id='word_1_186' title='bbox 366 4000 510 4093; x_wconf 79' lang='grc'><strong>166666,</strong></span> <span class='ocrx_word' id='word_1_187' title='bbox 536 4003 620 4074; x_wconf 86' lang='lat' dir='ltr'>villa</span> <span class='ocrx_word' id='word_1_188' title='bbox 646 4002 710 4075; x_wconf 90' lang='lat' dir='ltr'>sub</span> <span class='ocrx_word' id='word_1_189' title='bbox 737 4003 903 4094; x_wconf 91' lang='lat' dir='ltr'>parochia</span> <span class='ocrx_word' id='word_1_190' title='bbox 929 4002 1094 4075; x_wconf 87' lang='lat' dir='ltr'>ecclesiae</span> <span class='ocrx_word' id='word_1_191' title='bbox 1121 4001 1165 4073; x_wconf 92' lang='lat' dir='ltr'>de</span> <span class='ocrx_word' id='word_1_192' title='bbox 1190 4001 1348 4074; x_wconf 86' lang='lat' dir='ltr'>Zoraw</span> <span class='ocrx_word' id='word_1_193' title='bbox 1375 4004 1453 4093; x_wconf 77' lang='lat' dir='ltr'>sita,</span> <span class='ocrx_word' id='word_1_194' title='bbox 1480 4002 1727 4075; x_wconf 89' lang='lat' dir='ltr'>euiushaeres</span> <span class='ocrx_word' id='word_1_195' title='bbox 1746 4058 1753 4072; x_wconf 95' lang='lat'><strong>.</strong></span> <span class='ocrx_word' id='word_1_196' title='bbox 1773 4056 1806 4073; x_wconf 88' lang='lat'>..</span> 
     </span>
     <span class='ocr_line' id='line_1_21' title="bbox 259 4118 1949 4214; baseline 0 -21"><span class='ocrx_word' id='word_1_197' title='bbox 259 4118 541 4195; x_wconf 85' lang='lat' dir='ltr'>Gorzkowsk</span> <span class='ocrx_word' id='word_1_198' title='bbox 549 4146 572 4214; x_wconf 87' lang='lat' dir='ltr'>y</span> <span class='ocrx_word' id='word_1_199' title='bbox 599 4124 642 4195; x_wconf 90' lang='lat' dir='ltr'>de</span> <span class='ocrx_word' id='word_1_200' title='bbox 667 4123 773 4195; x_wconf 90' lang='lat' dir='ltr'>armis</span> <span class='ocrx_word' id='word_1_201' title='bbox 800 4179 808 4193; x_wconf 93' lang='lat'><strong>.</strong></span> <span class='ocrx_word' id='word_1_202' title='bbox 835 4178 843 4193; x_wconf 94' lang='lat'><strong>.</strong></span> <span class='ocrx_word' id='word_1_203' title='bbox 871 4178 878 4194; x_wconf 92' lang='lat'><strong>.</strong></span> <span class='ocrx_word' id='word_1_204' title='bbox 913 4122 954 4198; x_wconf 91' lang='lat' dir='ltr'>In</span> <span class='ocrx_word' id='word_1_205' title='bbox 981 4143 1050 4214; x_wconf 88' lang='lat' dir='ltr'>qua</span> <span class='ocrx_word' id='word_1_206' title='bbox 1077 4127 1159 4195; x_wconf 93' lang='lat' dir='ltr'>sunt</span> <span class='ocrx_word' id='word_1_207' title='bbox 1184 4122 1276 4194; x_wconf 92' lang='lat' dir='ltr'>lanei</span> <span class='ocrx_word' id='word_1_208' title='bbox 1302 4122 1563 4212; x_wconf 88' lang='lat' dir='ltr'>emethonales‚.</span> <span class='ocrx_word' id='word_1_209' title='bbox 1581 4124 1664 4193; x_wconf 89' lang='lat' dir='ltr'>item</span> <span class='ocrx_word' id='word_1_210' title='bbox 1690 4123 1807 4209; x_wconf 84' lang='lat' dir='ltr'>taber·</span> <span class='ocrx_word' id='word_1_211' title='bbox 1945 4163 1949 4169; x_wconf 92' lang='lat'>·</span> 
     </span>
     <span class='ocr_line' id='line_1_22' title="bbox 258 4243 1816 4335; baseline 0.002 -23"><span class='ocrx_word' id='word_1_212' title='bbox 258 4263 333 4332; x_wconf 90' lang='lat' dir='ltr'>nae,</span> <span class='ocrx_word' id='word_1_213' title='bbox 360 4243 403 4314; x_wconf 91' lang='lat' dir='ltr'>de</span> <span class='ocrx_word' id='word_1_214' title='bbox 430 4246 562 4335; x_wconf 61' lang='lat' dir='ltr'>quibus„</span> <span class='ocrx_word' id='word_1_215' title='bbox 580 4244 740 4316; x_wconf 87' lang='lat' dir='ltr'>omuibus</span> <span class='ocrx_word' id='word_1_216' title='bbox 766 4245 913 4328; x_wconf 87' lang='lat' dir='ltr'>solvitur</span> <span class='ocrx_word' id='word_1_217' title='bbox 939 4250 976 4315; x_wconf 93' lang='grc'>61</span> <span class='ocrx_word' id='word_1_218' title='bbox 1002 4243 1206 4316; x_wconf 81' lang='lat' dir='ltr'>conducitur</span> <span class='ocrx_word' id='word_1_219' title='bbox 1232 4243 1365 4314; x_wconf 90' lang='lat' dir='ltr'>decima</span> <span class='ocrx_word' id='word_1_220' title='bbox 1391 4243 1614 4333; x_wconf 84' lang='lat' dir='ltr'>manipularis</span> <span class='ocrx_word' id='word_1_221' title='bbox 1640 4249 1677 4314; x_wconf 93' lang='grc'>61</span> <span class='ocrx_word' id='word_1_222' title='bbox 1703 4253 1816 4315; x_wconf 77' lang='grc'><strong>6666·</strong></span> 
     </span>
     <span class='ocr_line' id='line_1_23' title="bbox 258 4363 1842 4457; baseline 0 -23"><span class='ocrx_word' id='word_1_223' title='bbox 258 4364 346 4452; x_wconf 87' lang='grc'><strong>66116</strong></span> <span class='ocrx_word' id='word_1_224' title='bbox 371 4367 634 4455; x_wconf 88' lang='lat' dir='ltr'>praepositurae</span> <span class='ocrx_word' id='word_1_225' title='bbox 659 4364 903 4457; x_wconf 86' lang='lat' dir='ltr'>Msthoviensi,</span> <span class='ocrx_word' id='word_1_226' title='bbox 930 4372 966 4437; x_wconf 92' lang='grc'>61</span> <span class='ocrx_word' id='word_1_227' title='bbox 993 4365 1092 4438; x_wconf 87' lang='lat' dir='ltr'>valor</span> <span class='ocrx_word' id='word_1_228' title='bbox 1118 4367 1192 4437; x_wconf 90' lang='lat' dir='ltr'>eius</span> <span class='ocrx_word' id='word_1_229' title='bbox 1219 4365 1423 4437; x_wconf 89' lang='lat' dir='ltr'>aestimatur</span> <span class='ocrx_word' id='word_1_230' title='bbox 1449 4363 1520 4435; x_wconf 90' lang='lat' dir='ltr'>ad.</span> <span class='ocrx_word' id='word_1_231' title='bbox 1547 4418 1556 4435; x_wconf 92' lang='lat'><strong>.</strong></span> <span class='ocrx_word' id='word_1_232' title='bbox 1583 4418 1595 4436; x_wconf 83' lang='lat'>.</span> <span class='ocrx_word' id='word_1_233' title='bbox 1617 4363 1706 4435; x_wconf 92' lang='lat' dir='ltr'>Item</span> <span class='ocrx_word' id='word_1_234' title='bbox 1725 4370 1806 4436; x_wconf 91' lang='grc'><strong>6661</strong></span> <span class='ocrx_word' id='word_1_235' title='bbox 1838 4382 1842 4394; x_wconf 74' lang='grc'><em>“</em></span> 
     </span>
     <span class='ocr_line' id='line_1_24' title="bbox 256 4469 1805 4578; baseline 0.001 -23"><span class='ocrx_word' id='word_1_236' title='bbox 256 4485 293 4554; x_wconf 91' lang='grc'>16</span> <span class='ocrx_word' id='word_1_237' title='bbox 320 4485 439 4557; x_wconf 89' lang='lat' dir='ltr'>eadem</span> <span class='ocrx_word' id='word_1_238' title='bbox 465 4486 549 4559; x_wconf 86' lang='lat' dir='ltr'>villa</span> <span class='ocrx_word' id='word_1_239' title='bbox 575 4486 642 4558; x_wconf 89' lang='lat' dir='ltr'>duo</span> <span class='ocrx_word' id='word_1_240' title='bbox 670 4469 813 4578; x_wconf 86' lang='lat' dir='ltr'>praedia</span> <span class='ocrx_word' id='word_1_241' title='bbox 838 4487 1013 4577; x_wconf 71' lang='lat' dir='ltr'>militaria</span> <span class='ocrx_word' id='word_1_242' title='bbox 1040 4485 1084 4558; x_wconf 94' lang='lat' dir='ltr'>de</span> <span class='ocrx_word' id='word_1_243' title='bbox 1111 4487 1237 4577; x_wconf 89' lang='lat' dir='ltr'>quibus</span> <span class='ocrx_word' id='word_1_244' title='bbox 1263 4486 1410 4557; x_wconf 90' lang='lat' dir='ltr'>solvitur</span> <span class='ocrx_word' id='word_1_245' title='bbox 1429 4485 1561 4557; x_wconf 90' lang='lat' dir='ltr'>decima</span> <span class='ocrx_word' id='word_1_246' title='bbox 1579 4484 1805 4577; x_wconf 83' lang='lat' dir='ltr'>manipularis</span> 
     </span>
     <span class='ocr_line' id='line_1_25' title="bbox 260 4586 1816 4681; baseline 0.004 -5"><span class='ocrx_word' id='word_1_247' title='bbox 260 4605 423 4680; x_wconf 88' lang='lat' dir='ltr'>ecclesiae</span> <span class='ocrx_word' id='word_1_248' title='bbox 449 4608 486 4679; x_wconf 91' lang='lat' dir='ltr'>in</span> <span class='ocrx_word' id='word_1_249' title='bbox 512 4605 679 4681; x_wconf 85' lang='lat' dir='ltr'>Zoraw.</span> <span class='ocrx_word' id='word_1_250' title='bbox 1198 4596 1201 4601; x_wconf 65' lang='grc'><strong>’</strong></span> <span class='ocrx_word' id='word_1_251' title='bbox 1814 4586 1816 4591; x_wconf 37' lang='grc'>’</span> 
     </span>
    </p>

    <p class='ocr_par' dir='ltr' id='par_1_9' title="bbox 237 4724 1805 4820">
     <span class='ocr_line' id='line_1_26' title="bbox 237 4724 1805 4820; baseline -0.001 -21"><span class='ocrx_word' id='word_1_252' title='bbox 237 4769 240 4776; x_wconf 83' lang='lat'>.</span> <span class='ocrx_word' id='word_1_253' title='bbox 358 4728 516 4820; x_wconf 78' lang='lat' dir='ltr'>Wourn,</span> <span class='ocrx_word' id='word_1_254' title='bbox 543 4728 627 4801; x_wconf 86' lang='lat' dir='ltr'>villa</span> <span class='ocrx_word' id='word_1_255' title='bbox 653 4728 721 4800; x_wconf 80' lang='lat' dir='ltr'>sun</span> <span class='ocrx_word' id='word_1_256' title='bbox 745 4728 912 4819; x_wconf 88' lang='lat' dir='ltr'>parochia</span> <span class='ocrx_word' id='word_1_257' title='bbox 939 4728 982 4802; x_wconf 91' lang='grc'>(16</span> <span class='ocrx_word' id='word_1_258' title='bbox 1009 4726 1166 4801; x_wconf 88' lang='lat' dir='ltr'>Zoraw</span> <span class='ocrx_word' id='word_1_259' title='bbox 1197 4729 1281 4818; x_wconf 88' lang='lat' dir='ltr'>sita,</span> <span class='ocrx_word' id='word_1_260' title='bbox 1309 4727 1406 4799; x_wconf 87' lang='lat' dir='ltr'>ouius</span> <span class='ocrx_word' id='word_1_261' title='bbox 1432 4726 1600 4799; x_wconf 89' lang='lat' dir='ltr'>haeredes</span> <span class='ocrx_word' id='word_1_262' title='bbox 1625 4724 1805 4799; x_wconf 83' lang='lat' dir='ltr'>Johannes</span> 
     </span>
    </p>

    <p class='ocr_par' dir='ltr' id='par_1_10' title="bbox 257 4846 1807 5181">
     <span class='ocr_line' id='line_1_27' title="bbox 259 4846 1805 4940; baseline -0.001 -21"><span class='ocrx_word' id='word_1_263' title='bbox 259 4856 295 4919; x_wconf 91' lang='lat' dir='ltr'>et</span> <span class='ocrx_word' id='word_1_264' title='bbox 321 4846 484 4922; x_wconf 89' lang='lat' dir='ltr'>Nicolaus</span> <span class='ocrx_word' id='word_1_265' title='bbox 511 4849 782 4922; x_wconf 87' lang='lat' dir='ltr'>Mokresscz</span> <span class='ocrx_word' id='word_1_266' title='bbox 790 4872 813 4940; x_wconf 86' lang='lat' dir='ltr'>y</span> <span class='ocrx_word' id='word_1_267' title='bbox 840 4849 882 4920; x_wconf 91' lang='lat' dir='ltr'>de</span> <span class='ocrx_word' id='word_1_268' title='bbox 910 4849 1042 4921; x_wconf 86' lang='lat' dir='ltr'>armis.</span> <span class='ocrx_word' id='word_1_269' title='bbox 1070 4902 1077 4919; x_wconf 94' lang='lat'><strong>.</strong></span> <span class='ocrx_word' id='word_1_270' title='bbox 1105 4903 1112 4917; x_wconf 92' lang='lat'><strong>.</strong></span> <span class='ocrx_word' id='word_1_271' title='bbox 1140 4904 1147 4918; x_wconf 92' lang='lat'><em>.</em></span> <span class='ocrx_word' id='word_1_272' title='bbox 1174 4847 1214 4918; x_wconf 94' lang='grc'>16</span> <span class='ocrx_word' id='word_1_273' title='bbox 1242 4868 1311 4939; x_wconf 89' lang='lat' dir='ltr'>qua</span> <span class='ocrx_word' id='word_1_274' title='bbox 1337 4854 1418 4918; x_wconf 90' lang='lat' dir='ltr'>sunt</span> <span class='ocrx_word' id='word_1_275' title='bbox 1443 4847 1535 4918; x_wconf 89' lang='grc'><strong>16661</strong></span> <span class='ocrx_word' id='word_1_276' title='bbox 1562 4847 1805 4935; x_wconf 81' lang='grc'><strong>66611666166,</strong></span> 
     </span>
     <span class='ocr_line' id='line_1_28' title="bbox 257 4967 1807 5061; baseline -0.003 -21"><span class='ocrx_word' id='word_1_277' title='bbox 257 4969 300 5040; x_wconf 90' lang='grc'>(16</span> <span class='ocrx_word' id='word_1_278' title='bbox 328 4971 452 5060; x_wconf 90' lang='lat' dir='ltr'>quibos</span> <span class='ocrx_word' id='word_1_279' title='bbox 478 4970 624 5042; x_wconf 88' lang='lat' dir='ltr'>solvitur</span> <span class='ocrx_word' id='word_1_280' title='bbox 652 4970 783 5042; x_wconf 88' lang='lat' dir='ltr'>decima</span> <span class='ocrx_word' id='word_1_281' title='bbox 809 4970 998 5061; x_wconf 88' lang='lat' dir='ltr'>pecunialis</span> <span class='ocrx_word' id='word_1_282' title='bbox 1024 4969 1068 5040; x_wconf 88' lang='lat' dir='ltr'>dc</span> <span class='ocrx_word' id='word_1_283' title='bbox 1096 4968 1250 5059; x_wconf 87' lang='lat' dir='ltr'>quolibet</span> <span class='ocrx_word' id='word_1_284' title='bbox 1275 4968 1375 5039; x_wconf 88' lang='lat' dir='ltr'>laneo</span> <span class='ocrx_word' id='word_1_285' title='bbox 1402 4987 1465 5057; x_wconf 92' lang='lat' dir='ltr'>per</span> <span class='ocrx_word' id='word_1_286' title='bbox 1492 5021 1499 5038; x_wconf 91' lang='lat'><strong>.</strong></span> <span class='ocrx_word' id='word_1_287' title='bbox 1527 5021 1534 5037; x_wconf 94' lang='lat'><strong><em>.</em></strong></span> <span class='ocrx_word' id='word_1_288' title='bbox 1562 5021 1569 5036; x_wconf 95' lang='lat'><strong>.</strong></span> <span class='ocrx_word' id='word_1_289' title='bbox 1596 4967 1807 5038; x_wconf 88' lang='lat' dir='ltr'>monasterio</span> 
     </span>
     <span class='ocr_line' id='line_1_29' title="bbox 257 5090 1128 5181; baseline 0.002 -22"><span class='ocrx_word' id='word_1_290' title='bbox 257 5091 293 5160; x_wconf 93' lang='grc'>16</span> <span class='ocrx_word' id='word_1_291' title='bbox 319 5091 515 5165; x_wconf 83' lang='lat' dir='ltr'>Msthow</span> <span class='ocrx_word' id='word_1_292' title='bbox 542 5145 550 5162; x_wconf 89' lang='lat'><strong>.</strong></span> <span class='ocrx_word' id='word_1_293' title='bbox 577 5146 585 5161; x_wconf 90' lang='lat'>.</span> <span class='ocrx_word' id='word_1_294' title='bbox 613 5145 621 5161; x_wconf 89' lang='lat'><strong>.</strong></span> <span class='ocrx_word' id='word_1_295' title='bbox 647 5090 735 5163; x_wconf 89' lang='lat' dir='ltr'>Item</span> <span class='ocrx_word' id='word_1_296' title='bbox 762 5091 942 5181; x_wconf 90' lang='lat' dir='ltr'>praedium</span> <span class='ocrx_word' id='word_1_297' title='bbox 968 5112 1038 5164; x_wconf 91' lang='lat' dir='ltr'>non</span> <span class='ocrx_word' id='word_1_298' title='bbox 1065 5095 1128 5161; x_wconf 90' lang='grc'><strong>661.</strong></span> 
     </span>
    </p>

    <p class='ocr_par' dir='ltr' id='par_1_11' title="bbox 360 5208 1895 5307">
     <span class='ocr_line' id='line_1_30' title="bbox 360 5208 1895 5307; baseline -0.003 -25"><span class='ocrx_word' id='word_1_299' title='bbox 360 5212 627 5303; x_wconf 82' lang='grc' dir='ltr'><strong>Κ6666666666,</strong></span> <span class='ocrx_word' id='word_1_300' title='bbox 655 5212 737 5284; x_wconf 91' lang='lat' dir='ltr'>villa</span> <span class='ocrx_word' id='word_1_301' title='bbox 764 5212 828 5284; x_wconf 94' lang='lat' dir='ltr'>sub</span> <span class='ocrx_word' id='word_1_302' title='bbox 856 5211 1021 5301; x_wconf 88' lang='lat' dir='ltr'>parochia</span> <span class='ocrx_word' id='word_1_303' title='bbox 1047 5210 1090 5281; x_wconf 91' lang='lat' dir='ltr'>de</span> <span class='ocrx_word' id='word_1_304' title='bbox 1116 5210 1274 5307; x_wconf 89' lang='lat' dir='ltr'>Zoraw</span> <span class='ocrx_word' id='word_1_305' title='bbox 1302 5210 1388 5300; x_wconf 91' lang='lat' dir='ltr'>sita,</span> <span class='ocrx_word' id='word_1_306' title='bbox 1416 5210 1513 5282; x_wconf 92' lang='lat' dir='ltr'>cuius</span> <span class='ocrx_word' id='word_1_307' title='bbox 1539 5208 1736 5300; x_wconf 90' lang='lat' dir='ltr'>proprietas</span> <span class='ocrx_word' id='word_1_308' title='bbox 1762 5208 1810 5288; x_wconf 85' lang='lat' dir='ltr'>nd</span> <span class='ocrx_word' id='word_1_309' title='bbox 1890 5293 1895 5300; x_wconf 33' lang='grc'><em>,</em></span> 
     </span>
    </p>

    <p class='ocr_par' dir='ltr' id='par_1_12' title="bbox 180 5330 1808 5546">
     <span class='ocr_line' id='line_1_31' title="bbox 180 5330 1807 5425; baseline -0.001 -22"><span class='ocrx_word' id='word_1_310' title='bbox 180 5377 187 5386; x_wconf 92' lang='grc'>-</span> <span class='ocrx_word' id='word_1_311' title='bbox 257 5334 493 5423; x_wconf 90' lang='lat' dir='ltr'>praepositum</span> <span class='ocrx_word' id='word_1_312' title='bbox 518 5333 796 5412; x_wconf 84' lang='lat' dir='ltr'>Msthoviensem</span> <span class='ocrx_word' id='word_1_313' title='bbox 819 5334 982 5425; x_wconf 90' lang='lat' dir='ltr'>pertinet.</span> <span class='ocrx_word' id='word_1_314' title='bbox 1007 5332 1048 5403; x_wconf 95' lang='grc'>16</span> <span class='ocrx_word' id='word_1_315' title='bbox 1076 5351 1145 5422; x_wconf 88' lang='lat' dir='ltr'>qua</span> <span class='ocrx_word' id='word_1_316' title='bbox 1171 5332 1370 5403; x_wconf 88' lang='grc'><strong>666116661</strong></span> <span class='ocrx_word' id='word_1_317' title='bbox 1397 5330 1641 5420; x_wconf 82' lang='grc'><strong>66611666166,</strong></span> <span class='ocrx_word' id='word_1_318' title='bbox 1668 5330 1712 5403; x_wconf 90' lang='grc'>(16</span> <span class='ocrx_word' id='word_1_319' title='bbox 1731 5332 1807 5421; x_wconf 92' lang='lat' dir='ltr'>qui·</span> 
     </span>
     <span class='ocr_line' id='line_1_32' title="bbox 257 5434 1808 5546; baseline -0.003 -21"><span class='ocrx_word' id='word_1_320' title='bbox 257 5445 322 5526; x_wconf 90' lang='lat' dir='ltr'>bus</span> <span class='ocrx_word' id='word_1_321' title='bbox 357 5456 504 5528; x_wconf 85' lang='lat' dir='ltr'>solvitur</span> <span class='ocrx_word' id='word_1_322' title='bbox 540 5453 672 5527; x_wconf 89' lang='lat' dir='ltr'>decima</span> <span class='ocrx_word' id='word_1_323' title='bbox 707 5455 934 5546; x_wconf 89' lang='lat' dir='ltr'>manipularis</span> <span class='ocrx_word' id='word_1_324' title='bbox 969 5454 1079 5525; x_wconf 89' lang='lat' dir='ltr'>eidem</span> <span class='ocrx_word' id='word_1_325' title='bbox 1116 5434 1317 5544; x_wconf 88' lang='grc'><strong>6666666116</strong></span> <span class='ocrx_word' id='word_1_326' title='bbox 1353 5454 1389 5524; x_wconf 88' lang='grc'>16</span> <span class='ocrx_word' id='word_1_327' title='bbox 1415 5452 1621 5545; x_wconf 79' lang='grc' dir='ltr'><strong>Μ611666,</strong></span> <span class='ocrx_word' id='word_1_328' title='bbox 1648 5458 1684 5523; x_wconf 94' lang='grc'>61</span> <span class='ocrx_word' id='word_1_329' title='bbox 1710 5452 1808 5523; x_wconf 85' lang='grc'><strong>66166</strong></span> 
     </span>
    </p>

    <p class='ocr_par' dir='ltr' id='par_1_13' title="bbox 135 5558 1871 6273">
     <span class='ocr_line' id='line_1_33' title="bbox 165 5558 1815 5660; baseline 0.001 -15"><span class='ocrx_word' id='word_1_330' title='bbox 165 5558 169 5564; x_wconf 64' lang='grc'><strong><em>’</em></strong></span> <span class='ocrx_word' id='word_1_331' title='bbox 256 5575 331 5647; x_wconf 89' lang='grc'><strong>6166</strong></span> <span class='ocrx_word' id='word_1_332' title='bbox 357 5578 559 5650; x_wconf 89' lang='lat' dir='ltr'>aestimatur</span> <span class='ocrx_word' id='word_1_333' title='bbox 585 5576 629 5649; x_wconf 90' lang='lat' dir='ltr'>ad</span> <span class='ocrx_word' id='word_1_334' title='bbox 727 5631 735 5647; x_wconf 93' lang='lat'><strong>.</strong></span> <span class='ocrx_word' id='word_1_335' title='bbox 762 5577 949 5650; x_wconf 91' lang='lat' dir='ltr'>Praedium</span> <span class='ocrx_word' id='word_1_336' title='bbox 975 5598 1043 5650; x_wconf 90' lang='lat' dir='ltr'>non</span> <span class='ocrx_word' id='word_1_337' title='bbox 1071 5580 1133 5647; x_wconf 92' lang='grc'><strong>661.</strong></span> <span class='ocrx_word' id='word_1_338' title='bbox 1194 5624 1198 5630; x_wconf 94' lang='grc'><strong>-</strong></span> <span class='ocrx_word' id='word_1_339' title='bbox 1813 5655 1815 5660; x_wconf 52' lang='grc'>,</span> 
     </span>
     <span class='ocr_line' id='line_1_34' title="bbox 298 5692 1807 5792; baseline -0.005 -23"><span class='ocrx_word' id='word_1_340' title='bbox 298 5781 302 5787; x_wconf 38' lang='grc'><strong>,</strong></span> <span class='ocrx_word' id='word_1_341' title='bbox 358 5698 552 5789; x_wconf 82' lang='lat' dir='ltr'>Znooszn,</span> <span class='ocrx_word' id='word_1_342' title='bbox 579 5698 662 5770; x_wconf 86' lang='lat' dir='ltr'>villa</span> <span class='ocrx_word' id='word_1_343' title='bbox 698 5699 763 5772; x_wconf 88' lang='lat' dir='ltr'>sub</span> <span class='ocrx_word' id='word_1_344' title='bbox 793 5698 963 5792; x_wconf 86' lang='lat' dir='ltr'>parochia</span> <span class='ocrx_word' id='word_1_345' title='bbox 989 5697 1032 5768; x_wconf 93' lang='lat' dir='ltr'>de</span> <span class='ocrx_word' id='word_1_346' title='bbox 1059 5696 1217 5768; x_wconf 87' lang='lat' dir='ltr'>Zoraw</span> <span class='ocrx_word' id='word_1_347' title='bbox 1245 5696 1330 5785; x_wconf 87' lang='lat' dir='ltr'>sita,</span> <span class='ocrx_word' id='word_1_348' title='bbox 1358 5696 1454 5766; x_wconf 90' lang='lat' dir='ltr'>cuius</span> <span class='ocrx_word' id='word_1_349' title='bbox 1481 5694 1604 5765; x_wconf 88' lang='lat' dir='ltr'>haeres</span> <span class='ocrx_word' id='word_1_350' title='bbox 1629 5692 1807 5765; x_wconf 89' lang='lat' dir='ltr'>Johannes</span> 
     </span>
     <span class='ocr_line' id='line_1_35' title="bbox 162 5812 1871 5910; baseline -0.005 -21"><span class='ocrx_word' id='word_1_351' title='bbox 162 5891 180 5904; x_wconf 69' lang='grc'><strong><em>,</em></strong></span> <span class='ocrx_word' id='word_1_352' title='bbox 249 5816 517 5905; x_wconf 82' lang='lat' dir='ltr'>Pothoczsk</span> <span class='ocrx_word' id='word_1_353' title='bbox 526 5842 550 5910; x_wconf 87' lang='lat' dir='ltr'><strong>y</strong></span> <span class='ocrx_word' id='word_1_354' title='bbox 577 5819 620 5891; x_wconf 93' lang='lat' dir='ltr'>de</span> <span class='ocrx_word' id='word_1_355' title='bbox 647 5820 752 5891; x_wconf 91' lang='lat' dir='ltr'>armis</span> <span class='ocrx_word' id='word_1_356' title='bbox 779 5819 1063 5909; x_wconf 86' lang='lat' dir='ltr'>Srzenyawa.</span> <span class='ocrx_word' id='word_1_357' title='bbox 1089 5816 1130 5887; x_wconf 93' lang='grc'>16</span> <span class='ocrx_word' id='word_1_358' title='bbox 1158 5838 1226 5907; x_wconf 90' lang='lat' dir='ltr'>qua</span> <span class='ocrx_word' id='word_1_359' title='bbox 1246 5820 1326 5887; x_wconf 87' lang='lat' dir='ltr'>sunt</span> <span class='ocrx_word' id='word_1_360' title='bbox 1342 5814 1435 5886; x_wconf 91' lang='lat' dir='ltr'>lanei</span> <span class='ocrx_word' id='word_1_361' title='bbox 1448 5812 1698 5908; x_wconf 7' lang='lat' dir='ltr'>‘emethonales</span> <span class='ocrx_word' id='word_1_362' title='bbox 1722 5812 1805 5881; x_wconf 91' lang='lat' dir='ltr'>item</span> <span class='ocrx_word' id='word_1_363' title='bbox 1869 5902 1871 5906; x_wconf 22' lang='grc' dir='ltr'>Ι</span> 
     </span>
     <span class='ocr_line' id='line_1_36' title="bbox 255 5921 1806 6031; baseline -0.005 -22"><span class='ocrx_word' id='word_1_364' title='bbox 255 5921 408 6031; x_wconf 81' lang='lat' dir='ltr'>taberna,</span> <span class='ocrx_word' id='word_1_365' title='bbox 435 5940 518 6012; x_wconf 93' lang='lat' dir='ltr'>item</span> <span class='ocrx_word' id='word_1_366' title='bbox 545 5939 772 6029; x_wconf 85' lang='lat' dir='ltr'>hortulaniae,</span> <span class='ocrx_word' id='word_1_367' title='bbox 801 5938 843 6010; x_wconf 91' lang='lat' dir='ltr'>de</span> <span class='ocrx_word' id='word_1_368' title='bbox 870 5938 995 6028; x_wconf 88' lang='lat' dir='ltr'>quibus</span> <span class='ocrx_word' id='word_1_369' title='bbox 1022 5937 1170 6008; x_wconf 90' lang='lat' dir='ltr'>solvitur</span> <span class='ocrx_word' id='word_1_370' title='bbox 1197 5942 1233 6007; x_wconf 94' lang='lat' dir='ltr'>et</span> <span class='ocrx_word' id='word_1_371' title='bbox 1260 5934 1464 6006; x_wconf 91' lang='lat' dir='ltr'>conducitur</span> <span class='ocrx_word' id='word_1_372' title='bbox 1490 5932 1623 6002; x_wconf 90' lang='lat' dir='ltr'>decima</span> <span class='ocrx_word' id='word_1_373' title='bbox 1648 5931 1806 6021; x_wconf 68' lang='lat' dir='ltr'>manipu7</span> 
     </span>
     <span class='ocr_line' id='line_1_37' title="bbox 135 6051 1804 6152; baseline -0.007 -21"><span class='ocrx_word' id='word_1_374' title='bbox 135 6075 139 6080; x_wconf 88' lang='grc'><em>·</em></span> <span class='ocrx_word' id='word_1_375' title='bbox 255 6060 340 6132; x_wconf 88' lang='grc'><strong>16616</strong></span> <span class='ocrx_word' id='word_1_376' title='bbox 367 6067 403 6133; x_wconf 93' lang='grc'>61</span> <span class='ocrx_word' id='word_1_377' title='bbox 429 6062 605 6152; x_wconf 88' lang='lat' dir='ltr'>canapalis</span> <span class='ocrx_word' id='word_1_378' title='bbox 620 6059 843 6144; x_wconf 63' lang='lat' dir='ltr'>„monasterio</span> <span class='ocrx_word' id='word_1_379' title='bbox 879 6057 1131 6146; x_wconf 81' lang='lat' dir='ltr'>Msthoviensi3</span> <span class='ocrx_word' id='word_1_380' title='bbox 1166 6058 1251 6128; x_wconf 91' lang='lat' dir='ltr'>item</span> <span class='ocrx_word' id='word_1_381' title='bbox 1278 6060 1333 6127; x_wconf 91' lang='lat' dir='ltr'>est</span> <span class='ocrx_word' id='word_1_382' title='bbox 1359 6055 1409 6125; x_wconf 90' lang='lat' dir='ltr'>ibi</span> <span class='ocrx_word' id='word_1_383' title='bbox 1434 6052 1615 6143; x_wconf 89' lang='lat' dir='ltr'>praedium</span> <span class='ocrx_word' id='word_1_384' title='bbox 1642 6051 1804 6141; x_wconf 85' lang='lat' dir='ltr'>militare,</span> 
     </span>
     <span class='ocr_line' id='line_1_38' title="bbox 256 6165 1599 6273; baseline -0.008 -21"><span class='ocrx_word' id='word_1_385' title='bbox 256 6181 299 6252; x_wconf 91' lang='lat' dir='ltr'>de</span> <span class='ocrx_word' id='word_1_386' title='bbox 325 6183 423 6255; x_wconf 89' lang='lat' dir='ltr'>cuius</span> <span class='ocrx_word' id='word_1_387' title='bbox 451 6183 545 6273; x_wconf 83' lang='lat' dir='ltr'>agris</span> <span class='ocrx_word' id='word_1_388' title='bbox 571 6165 717 6255; x_wconf 76' lang='lat' dir='ltr'>soluitur</span> <span class='ocrx_word' id='word_1_389' title='bbox 744 6180 878 6251; x_wconf 89' lang='lat' dir='ltr'>decima</span> <span class='ocrx_word' id='word_1_390' title='bbox 902 6177 1127 6268; x_wconf 88' lang='lat' dir='ltr'>manipularis</span> <span class='ocrx_word' id='word_1_391' title='bbox 1154 6176 1319 6247; x_wconf 90' lang='lat' dir='ltr'>ecclesiae</span> <span class='ocrx_word' id='word_1_392' title='bbox 1346 6174 1382 6244; x_wconf 91' lang='lat' dir='ltr'>ln</span> <span class='ocrx_word' id='word_1_393' title='bbox 1409 6172 1599 6245; x_wconf 88' lang='lat' dir='ltr'>Pothok.</span> 
     </span>
    </p>
   </div>
   <div class='ocr_carea' id='block_1_3' title="bbox 255 6292 1923 6528">
    <p class='ocr_par' dir='ltr' id='par_1_14' title="bbox 255 6292 1923 6528">
     <span class='ocr_line' id='line_1_39' title="bbox 359 6292 1806 6394; baseline -0.008 -19"><span class='ocrx_word' id='word_1_394' title='bbox 359 6304 616 6394; x_wconf 74' lang='grc'><strong>1666666666,</strong></span> <span class='ocrx_word' id='word_1_395' title='bbox 642 6302 725 6374; x_wconf 88' lang='lat' dir='ltr'>villa</span> <span class='ocrx_word' id='word_1_396' title='bbox 752 6300 815 6373; x_wconf 89' lang='lat' dir='ltr'>sub</span> <span class='ocrx_word' id='word_1_397' title='bbox 843 6299 1009 6390; x_wconf 89' lang='lat' dir='ltr'>parochia</span> <span class='ocrx_word' id='word_1_398' title='bbox 1034 6297 1199 6369; x_wconf 90' lang='lat' dir='ltr'>ecclesiae</span> <span class='ocrx_word' id='word_1_399' title='bbox 1212 6295 1266 6372; x_wconf 86' lang='lat' dir='ltr'>¹de</span> <span class='ocrx_word' id='word_1_400' title='bbox 1283 6294 1442 6367; x_wconf 86' lang='lat' dir='ltr'>Zoraw</span> <span class='ocrx_word' id='word_1_401' title='bbox 1469 6294 1548 6384; x_wconf 88' lang='lat' dir='ltr'>sita,</span> <span class='ocrx_word' id='word_1_402' title='bbox 1565 6293 1663 6374; x_wconf 85' lang='lat' dir='ltr'>cuius</span> <span class='ocrx_word' id='word_1_403' title='bbox 1676 6292 1806 6372; x_wconf 73' lang='lat' dir='ltr'>,haeres</span> 
     </span>
     <span class='ocr_line' id='line_1_40' title="bbox 255 6413 1923 6528; baseline -0.008 -32"><span class='ocrx_word' id='word_1_404' title='bbox 255 6420 433 6498; x_wconf 82' lang='lat' dir='ltr'>Johannes</span> <span class='ocrx_word' id='word_1_405' title='bbox 460 6423 691 6528; x_wconf 79' lang='lat' dir='ltr'>Zaramlra.</span> <span class='ocrx_word' id='word_1_406' title='bbox 717 6423 757 6493; x_wconf 94' lang='grc'>16</span> <span class='ocrx_word' id='word_1_407' title='bbox 775 6442 845 6514; x_wconf 89' lang='lat' dir='ltr'>qua</span> <span class='ocrx_word' id='word_1_408' title='bbox 862 6425 944 6496; x_wconf 90' lang='lat' dir='ltr'>suut</span> <span class='ocrx_word' id='word_1_409' title='bbox 962 6423 1039 6490; x_wconf 91' lang='lat' dir='ltr'>octo</span> <span class='ocrx_word' id='word_1_410' title='bbox 1057 6418 1149 6497; x_wconf 93' lang='lat' dir='ltr'>lanei</span> <span class='ocrx_word' id='word_1_411' title='bbox 1161 6416 1409 6509; x_wconf 81' lang='lat' dir='ltr'>emethonales,</span> <span class='ocrx_word' id='word_1_412' title='bbox 1428 6416 1510 6501; x_wconf 85' lang='lat' dir='ltr'>item</span> <span class='ocrx_word' id='word_1_413' title='bbox 1528 6415 1704 6503; x_wconf 85' lang='lat' dir='ltr'>tabernae,</span> <span class='ocrx_word' id='word_1_414' title='bbox 1721 6413 1805 6483; x_wconf 90' lang='lat' dir='ltr'>item</span> <span class='ocrx_word' id='word_1_415' title='bbox 1917 6433 1923 6444; x_wconf 91' lang='lat'><strong>·</strong></span> 
     </span>
    </p>
   </div>
   <div class='ocr_carea' id='block_1_4' title="bbox 255 6535 1804 6644">
    <p class='ocr_par' dir='ltr' id='par_1_15' title="bbox 255 6535 1804 6644">
     <span class='ocr_line' id='line_1_41' title="bbox 255 6535 1804 6644; baseline -0.006 -27"><span class='ocrx_word' id='word_1_416' title='bbox 255 6546 493 6644; x_wconf 75' lang='lat' dir='ltr'>hortulaulae,</span> <span class='ocrx_word' id='word_1_417' title='bbox 511 6546 563 6620; x_wconf 88' lang='lat' dir='ltr'>de</span> <span class='ocrx_word' id='word_1_418' title='bbox 589 6545 713 6637; x_wconf 84' lang='lat' dir='ltr'>quibus</span> <span class='ocrx_word' id='word_1_419' title='bbox 750 6543 897 6618; x_wconf 86' lang='lat' dir='ltr'>solvitur</span> <span class='ocrx_word' id='word_1_420' title='bbox 930 6540 1064 6613; x_wconf 89' lang='lat' dir='ltr'>decima</span> <span class='ocrx_word' id='word_1_421' title='bbox 1088 6536 1313 6628; x_wconf 86' lang='lat' dir='ltr'>manipularis</span> <span class='ocrx_word' id='word_1_422' title='bbox 1341 6542 1378 6610; x_wconf 91' lang='lat' dir='ltr'>et</span> <span class='ocrx_word' id='word_1_423' title='bbox 1403 6535 1579 6628; x_wconf 80' lang='lat' dir='ltr'>oanapnlis</span> <span class='ocrx_word' id='word_1_424' title='bbox 1605 6535 1804 6627; x_wconf 86' lang='grc'><strong>6666666116</strong></span> 
     </span>
    </p>
   </div>
   <div class='ocr_carea' id='block_1_5' title="bbox 0 0 2104 8342">
    <p class='ocr_par' dir='ltr' id='par_1_16' title="bbox 0 0 2104 8342">
     <span class='ocr_line' id='line_1_42' title="bbox 0 0 2104 8342; baseline 0 0"><span class='ocrx_word' id='word_1_425' title='bbox 0 0 2104 8342; x_wconf 95' lang='lat' dir='ltr'> </span> 
     </span>
    </p>
   </div>
  </div>
 </body>
</html>
