4200 8342
1752 1667 1824 1738 531

270 1866 369 1953 ¹darm
392 1888 601 1958 sexagenas,
628 1867 736 1941 etad
763 1875 913 1959 quatuor
939 1869 1134 1962 aliquando.
1177 1869 1266 1943 Item
1292 1871 1460 1943 tabernae
1487 1893 1555 1943 non
1583 1878 1681 1962 saint,
1716 1894 1827 1964 neque

280 1988 462 2080 praedium
488 1988 638 2080 aliquod,
663 1990 745 2061 item
772 1988 1000 2063 hortadaniae.

384 2109 591 2200 limosas,
626 2111 710 2183 villa
745 2111 809 2183 sah
836 2111 1004 2201 parochia
1038 2111 1082 2184 de
1109 2109 1293 2204 Goryne
1320 2113 1402 2202 sita,
1439 2114 1536 2185 coins
1563 2116 1758 2205 proprietas
1786 2116 1831 2188 ad

279 2229 741 2325 illustrissimum-Peloriae
767 2251 885 2322 regem
912 2233 1074 2322 pertinet.
1118 2231 1159 2303 In
1187 2253 1256 2323 qua
1281 2254 1349 2303 non
1378 2239 1458 2304 sunt
1485 2234 1713 2307 dimensurati
1738 2236 1831 2309 lanei
1941 2264 1943 2266 ·

213 2427 222 2432 ,
279 2350 529 2442 emethouales‚
555 2351 617 2423 sed
634 2353 711 2442 agri
737 2351 865 2441 passim
892 2371 955 2442 por
971 2358 1157 2435 venatores
1178 2353 1298 2442 regios
1317 2353 1487 2443 coluntur,
1514 2355 1700 2445 dequibus
1728 2347 1831 2428 datur

280 2471 506 2561 manipularis
531 2471 680 2562 decima,
716 2479 753 2543 et
778 2492 842 2562 per
868 2478 1017 2563 quatuor
1046 2472 1185 2562 ierngas
1212 2473 1388 2563 canapalis
1416 2474 1623 2545 scholastiae
1651 2475 1830 2548 Saudomi-

280 2592 399 2682 riensi,
423 2598 460 2664 et
477 2593 576 2664 valor
593 2594 668 2664 eius
686 2592 891 2664 aestimatur
908 2592 954 2663 ad
972 2592 1058 2664 duas
1075 2612 1277 2683 sexagenas.
1315 2593 1405 2665 Item
1423 2594 1519 2665 nulla
1536 2601 1591 2666 est
1609 2596 1657 2667 ihi
1678 2598 1831 2669 taberna

282 2719 351 2787 aut.
368 2712 586 2802 hortulania,
612 2713 696 2785 item
723 2713 855 2785 unllam
880 2712 1061 2804 praedium
1088 2717 1143 2785 est
1167 2712 1226 2785 ihi.
1256 2723 1259 2728 ’
1311 2738 1316 2747 *

206 2901 213 2908 .
308 2882 332 2921 p
385 2832 602 2923 Passaron,
629 2834 714 2905 villa
731 2833 794 2905 suh
813 2832 979 2924 parochia
996 2833 1039 2905 de
1058 2830 1265 2923 Gorinye
1292 2834 1370 2925 sita,
1397 2836 1494 2906 cuius
1513 2835 1637 2908 haeres
1664 2837 1829 2910 Nicolaus

255 2936 576 3044 'Vosczinsky
603 2954 646 3026 de
672 2955 779 3026 armis
814 2952 1050 3027 Hahdank.
1090 2954 1132 3026 In
1158 2974 1227 3044 qua
1254 2961 1335 3025 sunt
1371 2955 1462 3026 lanei
1499 2957 1752 3048 emethonates,
1789 2942 1832 3029 de

281 3074 407 3165 quihus
433 3075 582 3148 solvitur
607 3075 741 3147 decima
765 3075 1011 3166 manipularis,
1037 3080 1075 3147 et
1100 3095 1164 3165 per
1187 3082 1336 3166 quatuor
1363 3077 1501 3166 ierugas
1528 3078 1703 3168 canapalis
1731 3081 1831 3151 scho-

281 3194 424 3268 lastriae
451 3195 731 3269 Sandomiriensi.
757 3196 846 3268 Item
863 3194 913 3268 ihi
926 3197 1111 3286 tabernae,
1137 3197 1221 3268 item
1239 3196 1476 3287 hortulaniae‚
1502 3198 1585 3269 item
1604 3199 1783 3288 praedium
1787 3255 1831 3272 .....

256 3360 311 3507 ἦ·
387 3316 570 3408 Zawann,
596 3317 680 3389 villa
706 3318 770 3389 suh
788 3317 956 3408 parochia
981 3317 1032 3388 de·
1053 3315 1246 3409 Goryuye
1262 3318 1475 3408 ·sita,.cuius
1502 3319 1626 3392 haeres
1652 3321 1830 3393 lohannes

320 3457 382 3509 an

390 3439 561 3529 aczsky
588 3438 632 3510 de
658 3439 765 3510 armis
792 3437 1034 3510 Hahdank:
1054 3437 1095 3534 Iu
1114 3458 1183 3528 qua
1200 3437 1380 3511 duodecim
1398 3438 1492 3510 lanei
1518 3441 1761 3533 emethonales‚
1788 3442 1831 3514 de

283 3559 408 3648 quihus
435 3559 593 3631 omnihus
620 3559 769 3631 solvitur
794 3564 830 3630 et
856 3558 1062 3631 conducitur
1093 3559 1226 3629 decima
1250 3558 1495 3650 manipularis,
1531 3566 1567 3632 et
1592 3582 1656 3651 per
1682 3570 1833 3652 quatuor

284 3679 421 3769 ierugas
447 3678 623 3771 eauapalis
649 3679 877 3751 scholastriae
902 3678 1196 3770 Sandomirieasi‚
1233 3685 1269 3751 et
1294 3679 1393 3751 valor
1419 3681 1494 3752 eins
1521 3675 1565 3753 ad
1585 3736 1592 3752 .
1612 3737 1619 3752 .
1639 3737 1673 3752 ..
1700 3705 1834 3754 mareas

285 3799 498 3872 aestimatur.
532 3800 622 3872 Item
649 3806 732 3872 sunt
757 3800 806 3871 ihi
833 3799 922 3872 duae
952 3799 1121 3872 tahernae
1155 3797 1323 3872 hahentes
1350 3819 1471 3890 agros,
1507 3802 1589 3873 item
1616 3803 1834 3876 hortulaniae

284 3926 435 4011 quatuor
470 3921 640 3994 hahentes
675 3941 797 4011 agros,
832 3910 1027 4010 dequibus
1064 3921 1224 4022 omnihus
1259 3920 1408 3992 solvitur
1434 3920 1566 3993 decima
1601 3924 1827 4014 manipularis

285 4041 511 4115 scholastriae
538 4043 573 4114 in
598 4033 815 4138 poadtwam.
840 4040 930 4112 Item
956 4045 1011 4112 est
1036 4040 1085 4112 ihi
1111 4040 1250 4113 unicam
1266 4039 1449 4131 praedium
1475 4042 1636 4133 militare,
1664 4044 1707 4114 de
1735 4030 1852 4116 caiam¹

285 4163 381 4252 agris
407 4163 599 4243 decimatur
624 4163 801 4253 manipulo
827 4161 993 4234 ecclesiae
1019 4161 1212 4252 parochiali
1239 4160 1557 4255 in'Gorzynye.

354 4319 359 4327 ·
390 4283 583 4374 Braurona,
610 4283 694 4369 villa
717 4283 784 4356 suh
811 4282 977 4374 parochia
1003 4282 1171 4386 ecelesiae
1197 4281 1240 4353 de
1267 4279 1482 4374 Gorynye
1509 4285 1595 4374 sita,
1629 4285 1725 4356 ruinas
1751 4287 1835 4357 hae-

285 4403 388 4476 redes
415 4403 578 4477 Nicolans
605 4409 641 4476 et
666 4403 859 4476 Stanislans
875 4403 929 4475 ,de
955 4403 1063 4474 armis
1098 4401 1310 4475 Nalanez.
1345 4404 1385 4474 In
1413 4424 1483 4494 qua
1509 4411 1591 4477 sunt
1625 4406 1717 4477 lanei
1744 4428 1834 4478 cme-

285 4525 462 4615 thonales,
497 4527 692 4616 dequibus
725 4525 884 4597 omnihus
920 4524 1069 4597 solvitur
1103 4523 1237 4596 decima
1270 4524 1497 4615 manipularis
1523 4532 1562 4596 et
1586 4546 1650 4616 per
1686 4536 1836 4617 quatuor

286 4645 426 4736 ierugas
451 4646 628 4736 canapalia
655 4646 863 4718 scholastice
890 4644 1173 4735 Sandomiriensi,
1200 4648 1236 4717 et
1253 4645 1351 4717 valor
1377 4646 1451 4717 eius
1479 4648 1686 4718 aestimatur
1704 4648 1755 4737 ad
1776 4703 1782 4717 .
1810 4703 1816 4717 .

287 4765 373 4838 Item
399 4767 567 4838 tahernae
584 4768 661 4857 ihi,
687 4768 771 4838 item
797 4755 1036 4855 hortulaniae;
1063 4767 1148 4837 item
1173 4765 1353 4856 praedium
1379 4767 1429 4836 ihi
1455 4771 1510 4837 est
1535 4778 1641 4838 unum
1674 4768 1833 4858 militare,
1944 4766 1949 4773 ’

288 4886 331 4958 de
357 4887 455 4959 caina
481 4888 575 4978 agris
602 4887 795 4958 decimatur
820 4886 987 4958 ecclesiae
1013 4886 1050 4956 iu
1076 4882 1301 4976 Gorynye.

282 5056 285 5062 -
391 5006 608 5080 Goamszna
634 5007 791 5096 WoLYA,
817 5006 901 5078 villa
918 5005 982 5079 suh
1009 5005 1177 5095 parochia
1194 5004 1238 5076 de
1255 5003 1444 5096 Gory-nyc
1470 5006 1557 5095 sita,
1584 5007 1682 5077 cuius
1709 5007 1832 5080 haeres

286 5115 464 5217 lohannes
490 5128 696 5203 Sha-nszk
705 5149 728 5218 y
755 5125 926 5200 dedomo
961 5124 1173 5197 Nalanez.
1206 5124 1254 5195 ln
1281 5146 1350 5216 qua
1376 5125 1466 5197 launi
1502 5126 1757 5217 emethonales,
1792 5110 1834 5200 de

287 5249 412 5342 quihus
438 5248 572 5322 decima
597 5248 827 5339 manipularis
850 5246 1014 5336 solvitur,
1051 5252 1088 5318 et
1114 5266 1178 5336 per
1204 5251 1354 5337 quatuor
1380 5247 1519 5336 ierugas
1547 5248 1742 5339 campalis,
1770 5271 1833 5338 pro

287 5370 502 5449 scholastria,
521 5369 811 5461 Sandomiriensi,
846 5368 944 5440 cuins
970 5367 1069 5451 valan
1094 5366 1300 5441 aestimatur
1325 5366 1370 5438 ad
1389 5421 1555 5438 .......
1591 5368 1679 5439 item
1706 5370 1755 5441 1hi
1781 5376 1834 5442 ta-

275 5489 416 5575 hernae
441 5491 527 5563 item
553 5490 792 5579 hortulaniae;
826 5489 911 5562 item
937 5494 993 5561 est
1018 5487 1208 5597 praedium
1224 5487 1274 5560 ihi
1300 5489 1438 5560 unicum
1464 5488 1634 5579 militare,
1670 5488 1713 5559 de
1728 5490 1835 5560 onm-

286 5612 381 5702 agris
409 5611 600 5684 decimatur
617 5666 625 5684 .
643 5666 651 5683 .
723 5663 759 5682 ..
1154 5673 1156 5676 .
1595 5631 1599 5640 ·

212 5710 221 5727 ’
988 5728 1145 5804 Saarna,

391 5850 489 5923 Villa
513 5851 645 5924 habena
671 5854 707 5944 in
726 5873 764 5925 se
781 5851 962 5925 ecclesiam
987 5844 1223 5941 parochialem
1250 5849 1408 5939 ligneam,
1436 5848 1566 5920 Sanct.
1585 5903 1592 5918 .
1611 5902 1645 5918 ..
1673 5848 1833 5940 dicatam,

214 5974 218 5980 ’
265 5952 385 6043 'euius
420 5972 618 6061 proprietas
648 5972 693 6044 ad
716 5971 993 6044 illustrissimum
1024 5969 1190 6042 Poloniae
1225 5989 1343 6060 regem
1377 5969 1538 6057 pertinet
1582 5938 1622 6039 Iu
1650 5989 1719 6059 qua
1754 5977 1836 6052 sunt
1944 6003 1972 6031 ·.

288 6097 421 6183 septem
448 6092 541 6163 lanei
567 6092 820 6182 cmethonalea,
855 6091 1051 6182 dequibus
1086 6089 1236 6162 solvitur
1262 6097 1299 6161 et
1324 6087 1530 6160 conducitur
1564 6082 1697 6159 decima
1727 6091 1835 6160 mani·

287 6213 420 6304 palaris
447 6219 485 6284 et
510 6201 691 6302 canapalia
721 6211 908 6284 custodiae.
932 6208 1224 6300 sandomiriensi,
1258 6216 1296 6280 et
1321 6208 1419 6280 valor
1450 6209 1525 6280 eins
1561 6209 1764 6280 aestimatur
1783 6204 1836 6281 'ad

288 6339 438 6425 qumuor
463 6351 606 6405 marcas
633 6330 722 6403 ltem
748 6337 831 6404 sunt
854 6331 905 6403 ihi
929 6337 1004 6405 tres
1029 6328 1288 6429 tabernae‚„3d
1313 6328 1731 6420 proprietatem-plebani
1758 6349 1835 6419 spe-

289 6459 441 6545 ctantes,
468 6454 625 6526 sednon
652 6452 784 6525 hahent
801 6471 918 6544 agras,
944 6457 982 6535 et
998 6470 1071 6523 una
1087 6430 1248 6523 solvitsssl'
1268 6450 1466 6526 Itemsunt
1491 6450 1540 6521 ihi
1567 6449 1643 6540 agri
1670 6449 1835 6522 eeclesiae

266 6580 326 6647 ·et
350 6580 462 6668 prata,
488 6593 553 6666 pro
579 6573 718 6665 plehani
743 6572 887 6664 praedio
913 6577 950 6645 et
968 6571 1186 6644 aucusitate.
1212 6570 1301 6644 Item
1326 6569 1546 6646 hortulaniae
1572 6550 1621 6644 ihi
1647 6592 1715 6643 non
1743 6577 1834 6645 suut.
