<?xml version="1.0" encoding="UTF-8"?>
<!DOCTYPE html PUBLIC "-//W3C//DTD XHTML 1.0 Transitional//EN"
    "http://www.w3.org/TR/xhtml1/DTD/xhtml1-transitional.dtd">
<html xmlns="http://www.w3.org/1999/xhtml" xml:lang="en" lang="en">
 <head>
  <title>
</title>
<meta http-equiv="Content-Type" content="text/html;charset=utf-8" />
  <meta name='ocr-system' content='tesseract 3.04.00' />
  <meta name='ocr-capabilities' content='ocr_page ocr_carea ocr_par ocr_line ocrx_word'/>
</head>
<body>
  <div class='ocr_page' id='page_1' title='image "./joannisdugoszse01dugoog_0389.png"; bbox 0 0 4200 8342; ppageno 0'>
   <div class='ocr_carea' id='block_1_1' title="bbox 1701 1638 1775 1736">
    <p class='ocr_par' dir='ltr' id='par_1_1' title="bbox 1701 1638 1775 1736">
     <span class='ocr_line' id='line_1_1' title="bbox 1701 1638 1775 1736; baseline 0 -26"><span class='ocrx_word' id='word_1_1' title='bbox 1701 1638 1775 1736; x_wconf 82' lang='lat' dir='ltr'><strong>asu</strong></span> 
     </span>
    </p>
   </div>
   <div class='ocr_carea' id='block_1_2' title="bbox 105 1839 1779 4370">
    <p class='ocr_par' dir='ltr' id='par_1_2' title="bbox 206 1839 1779 2035">
     <span class='ocr_line' id='line_1_2' title="bbox 206 1839 1779 1936; baseline 0.003 -25"><span class='ocrx_word' id='word_1_2' title='bbox 206 1839 358 1911; x_wconf 81' lang='lat' dir='ltr'><strong>decima</strong></span> <span class='ocrx_word' id='word_1_3' title='bbox 382 1839 608 1929; x_wconf 80' lang='lat' dir='ltr'><strong>manipularis</strong></span> <span class='ocrx_word' id='word_1_4' title='bbox 635 1846 671 1912; x_wconf 92' lang='lat' dir='ltr'><strong>et</strong></span> <span class='ocrx_word' id='word_1_5' title='bbox 702 1841 888 1933; x_wconf 81' lang='lat' dir='ltr'><strong>canapalis,</strong></span> <span class='ocrx_word' id='word_1_6' title='bbox 915 1861 979 1932; x_wconf 87' lang='lat' dir='ltr'><strong>pro</strong></span> <span class='ocrx_word' id='word_1_7' title='bbox 1006 1841 1154 1916; x_wconf 89' lang='lat' dir='ltr'><strong>ecclesia</strong></span> <span class='ocrx_word' id='word_1_8' title='bbox 1180 1841 1216 1916; x_wconf 88' lang='lat' dir='ltr'><strong>in</strong></span> <span class='ocrx_word' id='word_1_9' title='bbox 1242 1840 1519 1936; x_wconf 66' lang='lat' dir='ltr'><strong>hrreszuyu</strong></span> <span class='ocrx_word' id='word_1_10' title='bbox 1536 1843 1779 1934; x_wconf 64' lang='lat' dir='ltr'><strong>oculor-eius</strong></span> 
     </span>
     <span class='ocr_line' id='line_1_3' title="bbox 225 1960 1608 2035; baseline -0.003 -3"><span class='ocrx_word' id='word_1_11' title='bbox 225 1962 430 2035; x_wconf 89' lang='lat' dir='ltr'><strong>aestimatur</strong></span> <span class='ocrx_word' id='word_1_12' title='bbox 456 1960 501 2034; x_wconf 88' lang='lat' dir='ltr'><strong>ad</strong></span> <span class='ocrx_word' id='word_1_13' title='bbox 528 2017 535 2032; x_wconf 95' lang='lat'>.</span> <span class='ocrx_word' id='word_1_14' title='bbox 563 2017 570 2032; x_wconf 95' lang='lat'>.</span> <span class='ocrx_word' id='word_1_15' title='bbox 598 2017 606 2032; x_wconf 91' lang='lat'><strong>.</strong></span> <span class='ocrx_word' id='word_1_16' title='bbox 1606 2023 1608 2028; x_wconf 89' lang='lat'><em>.</em></span> 
     </span>
    </p>

    <p class='ocr_par' dir='ltr' id='par_1_3' title="bbox 201 2081 1778 2784">
     <span class='ocr_line' id='line_1_4' title="bbox 294 2081 1777 2177; baseline 0.001 -23"><span class='ocrx_word' id='word_1_17' title='bbox 294 2157 298 2162; x_wconf 70' lang='grc'><strong><em>,</em></strong></span> <span class='ocrx_word' id='word_1_18' title='bbox 328 2081 546 2174; x_wconf 81' lang='lat' dir='ltr'><strong>Nnaaanza,</strong></span> <span class='ocrx_word' id='word_1_19' title='bbox 572 2084 656 2155; x_wconf 89' lang='lat' dir='ltr'><strong>villa</strong></span> <span class='ocrx_word' id='word_1_20' title='bbox 692 2083 755 2156; x_wconf 89' lang='lat' dir='ltr'><strong>suh</strong></span> <span class='ocrx_word' id='word_1_21' title='bbox 790 2086 957 2176; x_wconf 88' lang='lat' dir='ltr'><strong>parochia</strong></span> <span class='ocrx_word' id='word_1_22' title='bbox 983 2085 1026 2157; x_wconf 92' lang='lat' dir='ltr'><strong>de</strong></span> <span class='ocrx_word' id='word_1_23' title='bbox 1054 2086 1315 2177; x_wconf 78' lang='lat' dir='ltr'><strong>Trzerznya</strong></span> <span class='ocrx_word' id='word_1_24' title='bbox 1341 2086 1427 2175; x_wconf 89' lang='lat' dir='ltr'><strong>sita,</strong></span> <span class='ocrx_word' id='word_1_25' title='bbox 1454 2085 1777 2162; x_wconf 80' lang='lat' dir='ltr'><strong>cuiusllc&#39;ereditas</strong></span> 
     </span>
     <span class='ocr_line' id='line_1_5' title="bbox 224 2196 1778 2297; baseline 0.004 -25"><span class='ocrx_word' id='word_1_26' title='bbox 224 2196 283 2274; x_wconf 88' lang='lat' dir='ltr'><strong>ad</strong></span> <span class='ocrx_word' id='word_1_27' title='bbox 302 2203 480 2280; x_wconf 88' lang='lat' dir='ltr'><strong>civitatem</strong></span> <span class='ocrx_word' id='word_1_28' title='bbox 514 2201 827 2276; x_wconf 83' lang='lat' dir='ltr'><strong>Sandomiriensem</strong></span> <span class='ocrx_word' id='word_1_29' title='bbox 861 2205 963 2296; x_wconf 88' lang='lat' dir='ltr'><strong>pleno</strong></span> <span class='ocrx_word' id='word_1_30' title='bbox 1000 2208 1154 2296; x_wconf 87' lang='lat' dir='ltr'><strong>pertinet</strong></span> <span class='ocrx_word' id='word_1_31' title='bbox 1189 2207 1273 2278; x_wconf 91' lang='lat' dir='ltr'><strong>iure.</strong></span> <span class='ocrx_word' id='word_1_32' title='bbox 1313 2206 1353 2278; x_wconf 91' lang='lat' dir='ltr'><strong>ln</strong></span> <span class='ocrx_word' id='word_1_33' title='bbox 1389 2226 1457 2297; x_wconf 89' lang='lat' dir='ltr'><strong>qua</strong></span> <span class='ocrx_word' id='word_1_34' title='bbox 1483 2211 1565 2279; x_wconf 84' lang='lat' dir='ltr'><strong>sunt</strong></span> <span class='ocrx_word' id='word_1_35' title='bbox 1590 2207 1658 2280; x_wconf 92' lang='lat' dir='ltr'><strong>duo</strong></span> <span class='ocrx_word' id='word_1_36' title='bbox 1685 2208 1778 2279; x_wconf 91' lang='lat' dir='ltr'><strong>lanei</strong></span> 
     </span>
     <span class='ocr_line' id='line_1_6' title="bbox 224 2324 1777 2418; baseline 0.005 -24"><span class='ocrx_word' id='word_1_37' title='bbox 224 2324 475 2416; x_wconf 85' lang='lat' dir='ltr'><strong>amathonales,</strong></span> <span class='ocrx_word' id='word_1_38' title='bbox 502 2324 546 2396; x_wconf 89' lang='lat' dir='ltr'><strong>de</strong></span> <span class='ocrx_word' id='word_1_39' title='bbox 573 2325 698 2416; x_wconf 87' lang='lat' dir='ltr'><strong>quihus</strong></span> <span class='ocrx_word' id='word_1_40' title='bbox 725 2325 873 2399; x_wconf 81' lang='lat' dir='ltr'><strong>solvitur</strong></span> <span class='ocrx_word' id='word_1_41' title='bbox 909 2332 945 2399; x_wconf 88' lang='lat' dir='ltr'><strong>ct</strong></span> <span class='ocrx_word' id='word_1_42' title='bbox 971 2327 1176 2400; x_wconf 79' lang='lat' dir='ltr'>conducitur</span> <span class='ocrx_word' id='word_1_43' title='bbox 1202 2327 1334 2400; x_wconf 87' lang='lat' dir='ltr'><strong>decima</strong></span> <span class='ocrx_word' id='word_1_44' title='bbox 1360 2327 1586 2418; x_wconf 79' lang='lat' dir='ltr'><strong>manipularis</strong></span> <span class='ocrx_word' id='word_1_45' title='bbox 1613 2335 1649 2400; x_wconf 90' lang='lat' dir='ltr'><strong>et</strong></span> <span class='ocrx_word' id='word_1_46' title='bbox 1674 2350 1777 2401; x_wconf 91' lang='lat' dir='ltr'><strong>cana-</strong></span> 
     </span>
     <span class='ocr_line' id='line_1_7' title="bbox 222 2445 1776 2544; baseline 0.003 -29"><span class='ocrx_word' id='word_1_47' title='bbox 222 2445 311 2536; x_wconf 88' lang='lat' dir='ltr'><strong>palis</strong></span> <span class='ocrx_word' id='word_1_48' title='bbox 349 2466 414 2536; x_wconf 91' lang='lat' dir='ltr'><strong>pro</strong></span> <span class='ocrx_word' id='word_1_49' title='bbox 442 2445 911 2544; x_wconf 19' lang='lat' dir='ltr'><strong>episcopuffludlracoviensi,</strong></span> <span class='ocrx_word' id='word_1_50' title='bbox 938 2455 975 2526; x_wconf 88' lang='lat' dir='ltr'><strong>at</strong></span> <span class='ocrx_word' id='word_1_51' title='bbox 1002 2449 1101 2521; x_wconf 87' lang='lat' dir='ltr'><strong>valor</strong></span> <span class='ocrx_word' id='word_1_52' title='bbox 1127 2450 1202 2522; x_wconf 89' lang='lat' dir='ltr'><strong>eius</strong></span> <span class='ocrx_word' id='word_1_53' title='bbox 1229 2449 1435 2521; x_wconf 89' lang='lat' dir='ltr'><strong>aestimatur</strong></span> <span class='ocrx_word' id='word_1_54' title='bbox 1462 2449 1506 2520; x_wconf 90' lang='lat' dir='ltr'><strong>ad</strong></span> <span class='ocrx_word' id='word_1_55' title='bbox 1532 2454 1606 2522; x_wconf 86' lang='lat' dir='ltr'><strong>tres</strong></span> <span class='ocrx_word' id='word_1_56' title='bbox 1633 2471 1776 2522; x_wconf 88' lang='lat' dir='ltr'><strong>marcas.</strong></span> 
     </span>
     <span class='ocr_line' id='line_1_8' title="bbox 201 2565 1776 2661; baseline 0.003 -21"><span class='ocrx_word' id='word_1_57' title='bbox 201 2565 311 2650; x_wconf 54' lang='lat' dir='ltr'><strong>dmm</strong></span> <span class='ocrx_word' id='word_1_58' title='bbox 337 2567 380 2640; x_wconf 91' lang='lat' dir='ltr'><strong>de</strong></span> <span class='ocrx_word' id='word_1_59' title='bbox 407 2567 486 2640; x_wconf 92' lang='lat' dir='ltr'><strong>aliis</strong></span> <span class='ocrx_word' id='word_1_60' title='bbox 512 2567 930 2661; x_wconf 60' lang='lat' dir='ltr'><strong>laneia=,.emethonalihus,</strong></span> <span class='ocrx_word' id='word_1_61' title='bbox 957 2571 1114 2643; x_wconf 83' lang='lat' dir='ltr'><strong>tabernis</strong></span> <span class='ocrx_word' id='word_1_62' title='bbox 1141 2578 1178 2644; x_wconf 89' lang='lat' dir='ltr'><strong>et</strong></span> <span class='ocrx_word' id='word_1_63' title='bbox 1204 2570 1422 2661; x_wconf 86' lang='lat' dir='ltr'><strong>hortulaniis,</strong></span> <span class='ocrx_word' id='word_1_64' title='bbox 1450 2569 1641 2642; x_wconf 84' lang='lat' dir='ltr'><strong>decimatur</strong></span> <span class='ocrx_word' id='word_1_65' title='bbox 1668 2571 1776 2644; x_wconf 83' lang='lat' dir='ltr'><strong>eccle·</strong></span> 
     </span>
     <span class='ocr_line' id='line_1_9' title="bbox 225 2688 663 2784; baseline 0.011 -25"><span class='ocrx_word' id='word_1_66' title='bbox 225 2688 302 2762; x_wconf 88' lang='lat' dir='ltr'><strong>siae</strong></span> <span class='ocrx_word' id='word_1_67' title='bbox 325 2690 362 2760; x_wconf 87' lang='lat' dir='ltr'><strong>in</strong></span> <span class='ocrx_word' id='word_1_68' title='bbox 388 2689 663 2784; x_wconf 83' lang='lat' dir='ltr'><strong>Trzeszuya</strong></span> 
     </span>
    </p>

    <p class='ocr_par' dir='ltr' id='par_1_4' title="bbox 222 2809 1778 3513">
     <span class='ocr_line' id='line_1_10' title="bbox 328 2809 1778 2906; baseline 0.001 -22"><span class='ocrx_word' id='word_1_69' title='bbox 328 2809 671 2905; x_wconf 80' lang='lat' dir='ltr'><strong>Szanzmrowrcaa,</strong></span> <span class='ocrx_word' id='word_1_70' title='bbox 697 2814 780 2890; x_wconf 86' lang='lat' dir='ltr'><strong>villa</strong></span> <span class='ocrx_word' id='word_1_71' title='bbox 816 2814 880 2887; x_wconf 90' lang='lat' dir='ltr'><strong>suh</strong></span> <span class='ocrx_word' id='word_1_72' title='bbox 907 2814 1073 2904; x_wconf 87' lang='lat' dir='ltr'><strong>parochia</strong></span> <span class='ocrx_word' id='word_1_73' title='bbox 1098 2814 1142 2886; x_wconf 89' lang='lat' dir='ltr'><strong>de</strong></span> <span class='ocrx_word' id='word_1_74' title='bbox 1169 2813 1432 2906; x_wconf 83' lang='lat' dir='ltr'><strong>Trzesznya</strong></span> <span class='ocrx_word' id='word_1_75' title='bbox 1459 2814 1544 2905; x_wconf 91' lang='lat' dir='ltr'><strong>sita,</strong></span> <span class='ocrx_word' id='word_1_76' title='bbox 1571 2813 1670 2888; x_wconf 88' lang='lat' dir='ltr'><strong>cuius</strong></span> <span class='ocrx_word' id='word_1_77' title='bbox 1697 2833 1778 2904; x_wconf 90' lang='lat' dir='ltr'><strong>pro-</strong></span> 
     </span>
     <span class='ocr_line' id='line_1_11' title="bbox 222 2932 1775 3028; baseline 0.001 -24"><span class='ocrx_word' id='word_1_78' title='bbox 222 2933 355 3023; x_wconf 89' lang='lat' dir='ltr'><strong>prietas</strong></span> <span class='ocrx_word' id='word_1_79' title='bbox 380 2932 427 3005; x_wconf 91' lang='lat' dir='ltr'><strong>ad</strong></span> <span class='ocrx_word' id='word_1_80' title='bbox 452 2934 718 3008; x_wconf 86' lang='lat' dir='ltr'><strong>vicecustodiam</strong></span> <span class='ocrx_word' id='word_1_81' title='bbox 745 2932 1060 3008; x_wconf 87' lang='lat' dir='ltr'><strong>Sandomiriensem</strong></span> <span class='ocrx_word' id='word_1_82' title='bbox 1087 2937 1249 3028; x_wconf 88' lang='lat' dir='ltr'><strong>pertinet,</strong></span> <span class='ocrx_word' id='word_1_83' title='bbox 1275 2936 1311 3006; x_wconf 93' lang='lat' dir='ltr'><strong>in</strong></span> <span class='ocrx_word' id='word_1_84' title='bbox 1331 2955 1400 3025; x_wconf 87' lang='lat' dir='ltr'><strong>quo</strong></span> <span class='ocrx_word' id='word_1_85' title='bbox 1417 2939 1666 3026; x_wconf 79' lang='lat' dir='ltr'><strong>suntuuacuor</strong></span> <span class='ocrx_word' id='word_1_86' title='bbox 1684 2935 1775 3007; x_wconf 91' lang='lat' dir='ltr'><strong>lanei</strong></span> 
     </span>
     <span class='ocr_line' id='line_1_12' title="bbox 222 3053 1776 3147; baseline 0.002 -24"><span class='ocrx_word' id='word_1_87' title='bbox 222 3053 474 3145; x_wconf 87' lang='lat' dir='ltr'><strong>cmethonales,</strong></span> <span class='ocrx_word' id='word_1_88' title='bbox 498 3055 536 3126; x_wconf 89' lang='lat' dir='ltr'><strong>in</strong></span> <span class='ocrx_word' id='word_1_89' title='bbox 572 3054 744 3127; x_wconf 89' lang='lat' dir='ltr'><strong>solutione</strong></span> <span class='ocrx_word' id='word_1_90' title='bbox 780 3055 931 3127; x_wconf 82' lang='lat' dir='ltr'><strong>decimae</strong></span> <span class='ocrx_word' id='word_1_91' title='bbox 966 3055 1192 3147; x_wconf 82' lang='lat' dir='ltr'><strong>manipularis</strong></span> <span class='ocrx_word' id='word_1_92' title='bbox 1228 3055 1472 3147; x_wconf 80' lang='lat' dir='ltr'><strong>diversificati3</strong></span> <span class='ocrx_word' id='word_1_93' title='bbox 1499 3076 1592 3128; x_wconf 82' lang='lat' dir='ltr'><strong>nam</strong></span> <span class='ocrx_word' id='word_1_94' title='bbox 1613 3057 1656 3128; x_wconf 92' lang='lat' dir='ltr'><strong>de</strong></span> <span class='ocrx_word' id='word_1_95' title='bbox 1683 3058 1776 3146; x_wconf 82' lang='lat' dir='ltr'><strong>agris</strong></span> 
     </span>
     <span class='ocr_line' id='line_1_13' title="bbox 223 3175 1775 3269; baseline 0.004 -25"><span class='ocrx_word' id='word_1_96' title='bbox 223 3175 416 3250; x_wconf 85' lang='lat' dir='ltr'><strong>iacentibus</strong></span> <span class='ocrx_word' id='word_1_97' title='bbox 442 3197 564 3250; x_wconf 83' lang='lat' dir='ltr'><strong>versus</strong></span> <span class='ocrx_word' id='word_1_98' title='bbox 591 3177 708 3250; x_wconf 86' lang='lat' dir='ltr'><strong>villam</strong></span> <span class='ocrx_word' id='word_1_99' title='bbox 736 3177 1009 3269; x_wconf 88' lang='lat' dir='ltr'><strong>Trzesznya,</strong></span> <span class='ocrx_word' id='word_1_100' title='bbox 1035 3178 1184 3269; x_wconf 86' lang='lat' dir='ltr'><strong>percipit</strong></span> <span class='ocrx_word' id='word_1_101' title='bbox 1209 3177 1304 3251; x_wconf 87' lang='lat' dir='ltr'><strong>illam</strong></span> <span class='ocrx_word' id='word_1_102' title='bbox 1331 3178 1476 3251; x_wconf 90' lang='lat' dir='ltr'><strong>ecclesia</strong></span> <span class='ocrx_word' id='word_1_103' title='bbox 1502 3178 1713 3269; x_wconf 87' lang='lat' dir='ltr'><strong>parochialis</strong></span> <span class='ocrx_word' id='word_1_104' title='bbox 1740 3179 1775 3250; x_wconf 93' lang='lat' dir='ltr'><strong>in</strong></span> 
     </span>
     <span class='ocr_line' id='line_1_14' title="bbox 223 3296 1777 3391; baseline 0.001 -23"><span class='ocrx_word' id='word_1_105' title='bbox 223 3296 504 3391; x_wconf 83' lang='lat' dir='ltr'><strong>Trzeszny-a,</strong></span> <span class='ocrx_word' id='word_1_106' title='bbox 529 3298 574 3372; x_wconf 87' lang='lat' dir='ltr'><strong>de</strong></span> <span class='ocrx_word' id='word_1_107' title='bbox 610 3300 705 3390; x_wconf 80' lang='lat' dir='ltr'><strong>agris</strong></span> <span class='ocrx_word' id='word_1_108' title='bbox 738 3320 825 3372; x_wconf 87' lang='lat' dir='ltr'><strong>vero</strong></span> <span class='ocrx_word' id='word_1_109' title='bbox 858 3301 951 3372; x_wconf 88' lang='lat' dir='ltr'><strong>circa</strong></span> <span class='ocrx_word' id='word_1_110' title='bbox 976 3299 1094 3372; x_wconf 86' lang='lat' dir='ltr'><strong>villam</strong></span> <span class='ocrx_word' id='word_1_111' title='bbox 1121 3299 1478 3391; x_wconf 84' lang='lat' dir='ltr'><strong>Zarzylrowicze</strong></span> <span class='ocrx_word' id='word_1_112' title='bbox 1506 3300 1602 3391; x_wconf 89' lang='lat' dir='ltr'><strong>sitis,</strong></span> <span class='ocrx_word' id='word_1_113' title='bbox 1627 3300 1777 3390; x_wconf 89' lang='lat' dir='ltr'><strong>percipit</strong></span> 
     </span>
     <span class='ocr_line' id='line_1_15' title="bbox 222 3420 1775 3513; baseline 0.001 -23"><span class='ocrx_word' id='word_1_114' title='bbox 222 3437 299 3492; x_wconf 88' lang='lat' dir='ltr'><strong>eam</strong></span> <span class='ocrx_word' id='word_1_115' title='bbox 325 3420 643 3512; x_wconf 83' lang='lat' dir='ltr'><strong>vicepraepositura</strong></span> <span class='ocrx_word' id='word_1_116' title='bbox 668 3420 967 3494; x_wconf 84' lang='lat' dir='ltr'><strong>Sandomiriensis.</strong></span> <span class='ocrx_word' id='word_1_117' title='bbox 994 3423 1082 3495; x_wconf 87' lang='lat' dir='ltr'><strong>Item</strong></span> <span class='ocrx_word' id='word_1_118' title='bbox 1109 3423 1144 3494; x_wconf 91' lang='lat' dir='ltr'><strong>in</strong></span> <span class='ocrx_word' id='word_1_119' title='bbox 1172 3421 1291 3494; x_wconf 88' lang='lat' dir='ltr'><strong>eadem</strong></span> <span class='ocrx_word' id='word_1_120' title='bbox 1318 3421 1403 3495; x_wconf 92' lang='lat' dir='ltr'><strong>villa</strong></span> <span class='ocrx_word' id='word_1_121' title='bbox 1429 3426 1483 3494; x_wconf 84' lang='lat' dir='ltr'><strong>est</strong></span> <span class='ocrx_word' id='word_1_122' title='bbox 1500 3421 1677 3513; x_wconf 88' lang='lat' dir='ltr'><strong>praedium</strong></span> <span class='ocrx_word' id='word_1_123' title='bbox 1698 3441 1775 3512; x_wconf 91' lang='lat' dir='ltr'><strong>spe-</strong></span> 
     </span>
    </p>

    <p class='ocr_par' dir='ltr' id='par_1_5' title="bbox 105 3523 1779 3860">
     <span class='ocr_line' id='line_1_16' title="bbox 178 3523 1776 3636; baseline -0.001 -22"><span class='ocrx_word' id='word_1_124' title='bbox 178 3530 181 3534; x_wconf 63' lang='grc'><strong>’</strong></span> <span class='ocrx_word' id='word_1_125' title='bbox 221 3539 310 3614; x_wconf 77' lang='lat' dir='ltr'><strong>urle</strong></span> <span class='ocrx_word' id='word_1_126' title='bbox 343 3523 592 3635; x_wconf 73' lang='lat' dir='ltr'><strong>vioecustodie,</strong></span> <span class='ocrx_word' id='word_1_127' title='bbox 606 3543 662 3614; x_wconf 83' lang='lat' dir='ltr'><strong>de</strong></span> <span class='ocrx_word' id='word_1_128' title='bbox 699 3543 796 3616; x_wconf 90' lang='lat' dir='ltr'><strong>cuius</strong></span> <span class='ocrx_word' id='word_1_129' title='bbox 832 3545 944 3636; x_wconf 79' lang='lat' dir='ltr'><strong>agris,</strong></span> <span class='ocrx_word' id='word_1_130' title='bbox 972 3544 1058 3616; x_wconf 91' lang='lat' dir='ltr'><strong>nulli</strong></span> <span class='ocrx_word' id='word_1_131' title='bbox 1092 3544 1197 3618; x_wconf 86' lang='lat' dir='ltr'><strong>solvit</strong></span> <span class='ocrx_word' id='word_1_132' title='bbox 1223 3544 1390 3616; x_wconf 90' lang='lat' dir='ltr'><strong>decimam</strong></span> <span class='ocrx_word' id='word_1_133' title='bbox 1418 3543 1686 3634; x_wconf 88' lang='lat' dir='ltr'><strong>manipularem,</strong></span> <span class='ocrx_word' id='word_1_134' title='bbox 1714 3543 1776 3614; x_wconf 90' lang='lat' dir='ltr'><strong>sed</strong></span> 
     </span>
     <span class='ocr_line' id='line_1_17' title="bbox 222 3663 1779 3758; baseline 0.001 -24"><span class='ocrx_word' id='word_1_135' title='bbox 222 3681 299 3734; x_wconf 91' lang='lat' dir='ltr'><strong>eam</strong></span> <span class='ocrx_word' id='word_1_136' title='bbox 324 3663 418 3736; x_wconf 86' lang='lat' dir='ltr'><strong>solus</strong></span> <span class='ocrx_word' id='word_1_137' title='bbox 444 3665 613 3758; x_wconf 86' lang='lat' dir='ltr'><strong>percipit,</strong></span> <span class='ocrx_word' id='word_1_138' title='bbox 640 3671 676 3738; x_wconf 90' lang='lat' dir='ltr'><strong>et</strong></span> <span class='ocrx_word' id='word_1_139' title='bbox 702 3666 739 3738; x_wconf 88' lang='lat' dir='ltr'><strong>in</strong></span> <span class='ocrx_word' id='word_1_140' title='bbox 765 3666 929 3740; x_wconf 88' lang='lat' dir='ltr'><strong>horreum</strong></span> <span class='ocrx_word' id='word_1_141' title='bbox 964 3686 1065 3738; x_wconf 89' lang='lat' dir='ltr'><strong>sumn</strong></span> <span class='ocrx_word' id='word_1_142' title='bbox 1092 3665 1237 3740; x_wconf 85' lang='lat' dir='ltr'><strong>inducit.</strong></span> <span class='ocrx_word' id='word_1_143' title='bbox 1278 3666 1366 3739; x_wconf 87' lang='lat' dir='ltr'><strong>Item</strong></span> <span class='ocrx_word' id='word_1_144' title='bbox 1394 3685 1463 3738; x_wconf 91' lang='lat' dir='ltr'><strong>non</strong></span> <span class='ocrx_word' id='word_1_145' title='bbox 1491 3668 1577 3738; x_wconf 87' lang='lat' dir='ltr'><strong>sunt</strong></span> <span class='ocrx_word' id='word_1_146' title='bbox 1604 3665 1779 3753; x_wconf 87' lang='lat' dir='ltr'><strong>tabernae,</strong></span> 
     </span>
     <span class='ocr_line' id='line_1_18' title="bbox 105 3785 654 3860; baseline 0.009 -7"><span class='ocrx_word' id='word_1_147' title='bbox 105 3833 108 3838; x_wconf 81' lang='lat'>·</span> <span class='ocrx_word' id='word_1_148' title='bbox 222 3805 290 3855; x_wconf 90' lang='lat' dir='ltr'><strong>non</strong></span> <span class='ocrx_word' id='word_1_149' title='bbox 317 3792 399 3858; x_wconf 90' lang='lat' dir='ltr'><strong>sunt</strong></span> <span class='ocrx_word' id='word_1_150' title='bbox 423 3785 654 3860; x_wconf 82' lang='lat' dir='ltr'><strong>hortulaniae.</strong></span> 
     </span>
    </p>

    <p class='ocr_par' dir='ltr' id='par_1_6' title="bbox 221 3906 1775 4370">
     <span class='ocr_line' id='line_1_19' title="bbox 326 3906 1775 4002; baseline -0.001 -23"><span class='ocrx_word' id='word_1_151' title='bbox 326 3906 547 3980; x_wconf 84' lang='lat' dir='ltr'><strong>Thelaneum.</strong></span> <span class='ocrx_word' id='word_1_152' title='bbox 581 3907 623 3980; x_wconf 92' lang='lat' dir='ltr'><strong>In</strong></span> <span class='ocrx_word' id='word_1_153' title='bbox 657 3907 814 4002; x_wconf 82' lang='lat' dir='ltr'><strong>praefata</strong></span> <span class='ocrx_word' id='word_1_154' title='bbox 847 3909 932 3981; x_wconf 86' lang='lat' dir='ltr'><strong>villa</strong></span> <span class='ocrx_word' id='word_1_155' title='bbox 966 3909 1234 4001; x_wconf 82' lang='lat' dir='ltr'><strong>Trzesznya</strong></span> <span class='ocrx_word' id='word_1_156' title='bbox 1259 3907 1366 3980; x_wconf 91' lang='lat' dir='ltr'><strong>hahet</strong></span> <span class='ocrx_word' id='word_1_157' title='bbox 1394 3907 1541 3979; x_wconf 89' lang='lat' dir='ltr'><strong>ecclesia</strong></span> <span class='ocrx_word' id='word_1_158' title='bbox 1566 3907 1775 3997; x_wconf 89' lang='lat' dir='ltr'><strong>parochialis</strong></span> 
     </span>
     <span class='ocr_line' id='line_1_20' title="bbox 222 4026 1775 4122; baseline -0.001 -22"><span class='ocrx_word' id='word_1_159' title='bbox 222 4026 266 4100; x_wconf 89' lang='lat' dir='ltr'><strong>de</strong></span> <span class='ocrx_word' id='word_1_160' title='bbox 302 4027 565 4121; x_wconf 85' lang='lat' dir='ltr'><strong>Trzesznya</strong></span> <span class='ocrx_word' id='word_1_161' title='bbox 598 4029 798 4102; x_wconf 83' lang='lat' dir='ltr'><strong>theloneum</strong></span> <span class='ocrx_word' id='word_1_162' title='bbox 833 4035 1039 4122; x_wconf 89' lang='lat' dir='ltr'><strong>perpetuum</strong></span> <span class='ocrx_word' id='word_1_163' title='bbox 1074 4036 1111 4102; x_wconf 91' lang='lat' dir='ltr'><strong>et</strong></span> <span class='ocrx_word' id='word_1_164' title='bbox 1145 4029 1310 4118; x_wconf 90' lang='lat' dir='ltr'><strong>liberum,</strong></span> <span class='ocrx_word' id='word_1_165' title='bbox 1343 4027 1386 4099; x_wconf 89' lang='lat' dir='ltr'><strong>dc</strong></span> <span class='ocrx_word' id='word_1_166' title='bbox 1422 4048 1491 4118; x_wconf 90' lang='lat' dir='ltr'><strong>quo</strong></span> <span class='ocrx_word' id='word_1_167' title='bbox 1518 4047 1632 4099; x_wconf 90' lang='lat' dir='ltr'><strong>secum</strong></span> <span class='ocrx_word' id='word_1_168' title='bbox 1660 4027 1775 4098; x_wconf 89' lang='lat' dir='ltr'><strong>nullus</strong></span> 
     </span>
     <span class='ocr_line' id='line_1_21' title="bbox 221 4148 1775 4244; baseline -0.004 -22"><span class='ocrx_word' id='word_1_169' title='bbox 221 4150 425 4241; x_wconf 73' lang='lat' dir='ltr'><strong>participat,</strong></span> <span class='ocrx_word' id='word_1_170' title='bbox 451 4158 488 4222; x_wconf 90' lang='lat' dir='ltr'><strong>et</strong></span> <span class='ocrx_word' id='word_1_171' title='bbox 523 4149 649 4244; x_wconf 88' lang='lat' dir='ltr'><strong>recipit</strong></span> <span class='ocrx_word' id='word_1_172' title='bbox 683 4152 728 4224; x_wconf 87' lang='lat' dir='ltr'><strong>ab</strong></span> <span class='ocrx_word' id='word_1_173' title='bbox 763 4171 851 4242; x_wconf 90' lang='lat' dir='ltr'><strong>equo</strong></span> <span class='ocrx_word' id='word_1_174' title='bbox 883 4171 947 4242; x_wconf 94' lang='lat' dir='ltr'><strong>per</strong></span> <span class='ocrx_word' id='word_1_175' title='bbox 972 4151 1122 4224; x_wconf 91' lang='lat' dir='ltr'><strong>medium</strong></span> <span class='ocrx_word' id='word_1_176' title='bbox 1149 4171 1327 4241; x_wconf 84' lang='lat' dir='ltr'><strong>grossum,</strong></span> <span class='ocrx_word' id='word_1_177' title='bbox 1354 4149 1435 4220; x_wconf 88' lang='lat' dir='ltr'><strong>item</strong></span> <span class='ocrx_word' id='word_1_178' title='bbox 1463 4169 1485 4218; x_wconf 91' lang='lat' dir='ltr'><strong>a</strong></span> <span class='ocrx_word' id='word_1_179' title='bbox 1510 4148 1599 4220; x_wconf 86' lang='lat' dir='ltr'><strong>bove</strong></span> <span class='ocrx_word' id='word_1_180' title='bbox 1626 4152 1775 4238; x_wconf 84' lang='lat' dir='ltr'><strong>quatuor</strong></span> 
     </span>
     <span class='ocr_line' id='line_1_22' title="bbox 221 4268 1337 4370; baseline 0 -30"><span class='ocrx_word' id='word_1_181' title='bbox 221 4268 391 4362; x_wconf 90' lang='lat' dir='ltr'><strong>denarios,</strong></span> <span class='ocrx_word' id='word_1_182' title='bbox 418 4278 455 4342; x_wconf 92' lang='lat' dir='ltr'><strong>et</strong></span> <span class='ocrx_word' id='word_1_183' title='bbox 480 4277 620 4362; x_wconf 80' lang='lat' dir='ltr'><strong>pontem</strong></span> <span class='ocrx_word' id='word_1_184' title='bbox 646 4272 683 4344; x_wconf 90' lang='lat' dir='ltr'><strong>in</strong></span> <span class='ocrx_word' id='word_1_185' title='bbox 709 4272 821 4344; x_wconf 90' lang='lat' dir='ltr'><strong>altero</strong></span> <span class='ocrx_word' id='word_1_186' title='bbox 847 4272 951 4370; x_wconf 72' lang='lat' dir='ltr'><strong>fluuio</strong></span> <span class='ocrx_word' id='word_1_187' title='bbox 976 4277 1117 4345; x_wconf 86' lang='lat' dir='ltr'><strong>tenetur</strong></span> <span class='ocrx_word' id='word_1_188' title='bbox 1144 4270 1337 4345; x_wconf 83' lang='lat' dir='ltr'><strong>aedificare.</strong></span> 
     </span>
    </p>
   </div>
   <div class='ocr_carea' id='block_1_3' title="bbox 223 4388 1774 4588">
    <p class='ocr_par' dir='ltr' id='par_1_7' title="bbox 223 4388 1774 4588">
     <span class='ocr_line' id='line_1_23' title="bbox 277 4388 1774 4488; baseline 0.002 -30"><span class='ocrx_word' id='word_1_189' title='bbox 277 4453 280 4458; x_wconf 88' lang='lat'>.</span> <span class='ocrx_word' id='word_1_190' title='bbox 326 4391 440 4464; x_wconf 88' lang='lat' dir='ltr'><strong>Villae</strong></span> <span class='ocrx_word' id='word_1_191' title='bbox 466 4393 701 4484; x_wconf 89' lang='lat' dir='ltr'><strong>parochiales:</strong></span> <span class='ocrx_word' id='word_1_192' title='bbox 730 4393 1012 4488; x_wconf 81' lang='lat' dir='ltr'><strong>Trzesnuya,</strong></span> <span class='ocrx_word' id='word_1_193' title='bbox 1039 4392 1332 4486; x_wconf 83' lang='lat' dir='ltr'><strong>Scholnylry,</strong></span> <span class='ocrx_word' id='word_1_194' title='bbox 1357 4391 1649 4483; x_wconf 83' lang='lat' dir='ltr'><strong>Nabrzezye,</strong></span> <span class='ocrx_word' id='word_1_195' title='bbox 1675 4388 1774 4462; x_wconf 80' lang='lat' dir='ltr'><strong>Saa-</strong></span> 
     </span>
     <span class='ocr_line' id='line_1_24' title="bbox 223 4512 1335 4588; baseline 0.004 -7"><span class='ocrx_word' id='word_1_196' title='bbox 223 4512 515 4588; x_wconf 86' lang='lat' dir='ltr'><strong>rzikowicue.</strong></span> <span class='ocrx_word' id='word_1_197' title='bbox 717 4553 720 4558; x_wconf 95' lang='lat'>·</span> <span class='ocrx_word' id='word_1_198' title='bbox 1332 4543 1335 4554; x_wconf 91' lang='lat'><em>·</em></span> 
     </span>
    </p>
   </div>
   <div class='ocr_carea' id='block_1_4' title="bbox 842 4741 1151 4816">
    <p class='ocr_par' dir='ltr' id='par_1_8' title="bbox 842 4741 1151 4816">
     <span class='ocr_line' id='line_1_25' title="bbox 842 4741 1151 4816; baseline 0 -2"><span class='ocrx_word' id='word_1_199' title='bbox 842 4741 1151 4816; x_wconf 80' lang='lat' dir='ltr'><strong>Wranrawrasz.</strong></span> 
     </span>
    </p>
   </div>
   <div class='ocr_carea' id='block_1_5' title="bbox 138 4875 1860 6680">
    <p class='ocr_par' dir='ltr' id='par_1_9' title="bbox 218 4875 1775 5222">
     <span class='ocr_line' id='line_1_26' title="bbox 323 4875 1772 4990; baseline -0.005 -38"><span class='ocrx_word' id='word_1_200' title='bbox 323 4877 419 4952; x_wconf 79' lang='lat' dir='ltr'><strong>Villa</strong></span> <span class='ocrx_word' id='word_1_201' title='bbox 444 4880 578 4952; x_wconf 86' lang='lat' dir='ltr'><strong>hahens</strong></span> <span class='ocrx_word' id='word_1_202' title='bbox 604 4882 705 4990; x_wconf 66' lang='lat' dir='ltr'><strong>ipse</strong></span> <span class='ocrx_word' id='word_1_203' title='bbox 730 4881 909 4954; x_wconf 86' lang='lat' dir='ltr'><strong>ecclesiam</strong></span> <span class='ocrx_word' id='word_1_204' title='bbox 936 4879 1169 4972; x_wconf 66' lang='lat' dir='ltr'><strong>parochialem</strong></span> <span class='ocrx_word' id='word_1_205' title='bbox 1195 4880 1354 4969; x_wconf 83' lang='lat' dir='ltr'><strong>ligneam,</strong></span> <span class='ocrx_word' id='word_1_206' title='bbox 1381 4877 1506 4950; x_wconf 87' lang='lat' dir='ltr'><strong>Sancto</strong></span> <span class='ocrx_word' id='word_1_207' title='bbox 1534 4875 1772 4964; x_wconf 76' lang='lat' dir='ltr'><strong>...dicatam</strong></span> 
     </span>
     <span class='ocr_line' id='line_1_27' title="bbox 221 4987 1774 5093; baseline -0.004 -20"><span class='ocrx_word' id='word_1_208' title='bbox 221 5021 341 5092; x_wconf 48' lang='lat' dir='ltr'><strong>quam,</strong></span> <span class='ocrx_word' id='word_1_209' title='bbox 359 5022 424 5093; x_wconf 92' lang='lat' dir='ltr'><strong>pro</strong></span> <span class='ocrx_word' id='word_1_210' title='bbox 458 4987 636 5092; x_wconf 80' lang='lat' dir='ltr'><strong>praesenti</strong></span> <span class='ocrx_word' id='word_1_211' title='bbox 648 4995 769 5074; x_wconf 75' lang='lat' dir='ltr'><strong>&#39;&#39;lrahet</strong></span> <span class='ocrx_word' id='word_1_212' title='bbox 795 5001 946 5075; x_wconf 87' lang='lat' dir='ltr'><strong>Jacobus</strong></span> <span class='ocrx_word' id='word_1_213' title='bbox 973 5002 1158 5093; x_wconf 71' lang='lat' dir='ltr'><strong>preshpter</strong></span> <span class='ocrx_word' id='word_1_214' title='bbox 1185 5000 1227 5071; x_wconf 91' lang='lat' dir='ltr'><strong>de</strong></span> <span class='ocrx_word' id='word_1_215' title='bbox 1255 5000 1501 5090; x_wconf 75' lang='lat' dir='ltr'><strong>Thaemon,</strong></span> <span class='ocrx_word' id='word_1_216' title='bbox 1527 4997 1624 5069; x_wconf 90' lang='lat' dir='ltr'><strong>cuius</strong></span> <span class='ocrx_word' id='word_1_217' title='bbox 1651 4996 1774 5068; x_wconf 88' lang='lat' dir='ltr'><strong>haeres</strong></span> 
     </span>
     <span class='ocr_line' id='line_1_28' title="bbox 218 5117 1775 5222; baseline -0.004 -27"><span class='ocrx_word' id='word_1_218' title='bbox 218 5120 396 5222; x_wconf 76' lang='lat' dir='ltr'><strong>¹lohannes</strong></span> <span class='ocrx_word' id='word_1_219' title='bbox 426 5122 526 5195; x_wconf 79' lang='lat' dir='ltr'><strong>Felix</strong></span> <span class='ocrx_word' id='word_1_220' title='bbox 560 5122 603 5193; x_wconf 90' lang='lat' dir='ltr'><strong>de</strong></span> <span class='ocrx_word' id='word_1_221' title='bbox 640 5122 864 5195; x_wconf 84' lang='lat' dir='ltr'><strong>Tharnow</strong></span> <span class='ocrx_word' id='word_1_222' title='bbox 898 5122 942 5194; x_wconf 91' lang='lat' dir='ltr'><strong>de</strong></span> <span class='ocrx_word' id='word_1_223' title='bbox 969 5123 1075 5194; x_wconf 90' lang='lat' dir='ltr'><strong>armis</strong></span> <span class='ocrx_word' id='word_1_224' title='bbox 1102 5122 1283 5194; x_wconf 79' lang='lat' dir='ltr'><strong>helina.</strong></span> <span class='ocrx_word' id='word_1_225' title='bbox 1310 5121 1350 5192; x_wconf 88' lang='lat' dir='ltr'><strong>ln</strong></span> <span class='ocrx_word' id='word_1_226' title='bbox 1378 5140 1447 5211; x_wconf 91' lang='lat' dir='ltr'><strong>qua</strong></span> <span class='ocrx_word' id='word_1_227' title='bbox 1473 5123 1555 5192; x_wconf 88' lang='lat' dir='ltr'><strong>sunt</strong></span> <span class='ocrx_word' id='word_1_228' title='bbox 1572 5117 1664 5190; x_wconf 90' lang='lat' dir='ltr'><strong>lanei</strong></span> <span class='ocrx_word' id='word_1_229' title='bbox 1685 5137 1775 5190; x_wconf 90' lang='lat' dir='ltr'><strong>cme-</strong></span> 
     </span>
    </p>

    <p class='ocr_par' dir='ltr' id='par_1_10' title="bbox 138 5235 1860 5956">
     <span class='ocr_line' id='line_1_29' title="bbox 138 5235 1774 5374; baseline -0.004 -58"><span class='ocrx_word' id='word_1_230' title='bbox 138 5244 389 5374; x_wconf 55' lang='lat' dir='ltr'><strong>53J¹⁰¹¹¹l⁰⁸r</strong></span> <span class='ocrx_word' id='word_1_231' title='bbox 414 5245 500 5318; x_wconf 87' lang='lat' dir='ltr'><strong>item</strong></span> <span class='ocrx_word' id='word_1_232' title='bbox 524 5245 701 5336; x_wconf 86' lang='lat' dir='ltr'><strong>tabernae,</strong></span> <span class='ocrx_word' id='word_1_233' title='bbox 728 5244 812 5316; x_wconf 90' lang='lat' dir='ltr'><strong>item</strong></span> <span class='ocrx_word' id='word_1_234' title='bbox 838 5244 1068 5336; x_wconf 88' lang='lat' dir='ltr'><strong>hortulaniae,</strong></span> <span class='ocrx_word' id='word_1_235' title='bbox 1095 5244 1178 5316; x_wconf 87' lang='lat' dir='ltr'><strong>item</strong></span> <span class='ocrx_word' id='word_1_236' title='bbox 1205 5264 1309 5315; x_wconf 89' lang='lat' dir='ltr'><strong>unum</strong></span> <span class='ocrx_word' id='word_1_237' title='bbox 1337 5242 1517 5334; x_wconf 88' lang='lat' dir='ltr'><strong>praedium</strong></span> <span class='ocrx_word' id='word_1_238' title='bbox 1543 5240 1705 5331; x_wconf 83' lang='lat' dir='ltr'><strong>militare,</strong></span> <span class='ocrx_word' id='word_1_239' title='bbox 1729 5235 1774 5310; x_wconf 93' lang='lat' dir='ltr'><strong>de</strong></span> 
     </span>
     <span class='ocr_line' id='line_1_30' title="bbox 220 5361 1774 5456; baseline -0.002 -20"><span class='ocrx_word' id='word_1_240' title='bbox 220 5363 347 5454; x_wconf 78' lang='lat' dir='ltr'><strong>quihus</strong></span> <span class='ocrx_word' id='word_1_241' title='bbox 365 5366 531 5444; x_wconf 86' lang='lat' dir='ltr'><strong>omnihus</strong></span> <span class='ocrx_word' id='word_1_242' title='bbox 565 5365 713 5440; x_wconf 83' lang='lat' dir='ltr'><strong>solvitur</strong></span> <span class='ocrx_word' id='word_1_243' title='bbox 740 5371 776 5439; x_wconf 88' lang='lat' dir='ltr'><strong>et</strong></span> <span class='ocrx_word' id='word_1_244' title='bbox 803 5365 1006 5439; x_wconf 86' lang='lat' dir='ltr'><strong>conducitur</strong></span> <span class='ocrx_word' id='word_1_245' title='bbox 1033 5364 1167 5438; x_wconf 87' lang='lat' dir='ltr'><strong>decima</strong></span> <span class='ocrx_word' id='word_1_246' title='bbox 1192 5363 1419 5456; x_wconf 87' lang='lat' dir='ltr'><strong>manipularis</strong></span> <span class='ocrx_word' id='word_1_247' title='bbox 1445 5368 1482 5436; x_wconf 89' lang='lat' dir='ltr'><strong>et</strong></span> <span class='ocrx_word' id='word_1_248' title='bbox 1508 5361 1684 5455; x_wconf 88' lang='lat' dir='ltr'><strong>canapalis</strong></span> <span class='ocrx_word' id='word_1_249' title='bbox 1710 5380 1774 5452; x_wconf 85' lang='lat' dir='ltr'><strong>pro</strong></span> 
     </span>
     <span class='ocr_line' id='line_1_31' title="bbox 220 5483 1773 5584; baseline -0.002 -27"><span class='ocrx_word' id='word_1_250' title='bbox 220 5483 367 5558; x_wconf 68' lang='lat' dir='ltr'><strong>eulasia</strong></span> <span class='ocrx_word' id='word_1_251' title='bbox 392 5487 428 5558; x_wconf 89' lang='lat' dir='ltr'><strong>in</strong></span> <span class='ocrx_word' id='word_1_252' title='bbox 454 5487 810 5584; x_wconf 83' lang='lat' dir='ltr'><strong>Wyelyawyesz,</strong></span> <span class='ocrx_word' id='word_1_253' title='bbox 836 5494 874 5561; x_wconf 89' lang='lat' dir='ltr'><strong>et</strong></span> <span class='ocrx_word' id='word_1_254' title='bbox 899 5487 998 5561; x_wconf 88' lang='lat' dir='ltr'><strong>valor</strong></span> <span class='ocrx_word' id='word_1_255' title='bbox 1025 5487 1100 5560; x_wconf 88' lang='lat' dir='ltr'><strong>cius</strong></span> <span class='ocrx_word' id='word_1_256' title='bbox 1127 5488 1331 5560; x_wconf 89' lang='lat' dir='ltr'><strong>aestimatur</strong></span> <span class='ocrx_word' id='word_1_257' title='bbox 1349 5486 1393 5558; x_wconf 90' lang='lat' dir='ltr'><strong>ad</strong></span> <span class='ocrx_word' id='word_1_258' title='bbox 1413 5484 1609 5577; x_wconf 91' lang='lat' dir='ltr'><strong>quindecim</strong></span> <span class='ocrx_word' id='word_1_259' title='bbox 1626 5501 1773 5572; x_wconf 89' lang='lat' dir='ltr'><strong>marcas,</strong></span> 
     </span>
     <span class='ocr_line' id='line_1_32' title="bbox 221 5603 1774 5708; baseline -0.001 -33"><span class='ocrx_word' id='word_1_260' title='bbox 221 5603 306 5676; x_wconf 86' lang='lat' dir='ltr'><strong>item</strong></span> <span class='ocrx_word' id='word_1_261' title='bbox 332 5606 486 5708; x_wconf 62' lang='lat' dir='ltr'><strong>,ecclesia</strong></span> <span class='ocrx_word' id='word_1_262' title='bbox 519 5609 555 5680; x_wconf 91' lang='lat' dir='ltr'><strong>in</strong></span> <span class='ocrx_word' id='word_1_263' title='bbox 591 5610 938 5704; x_wconf 81' lang='lat' dir='ltr'><strong>Wyelyawyesz</strong></span> <span class='ocrx_word' id='word_1_264' title='bbox 972 5610 1079 5684; x_wconf 88' lang='lat' dir='ltr'><strong>habet</strong></span> <span class='ocrx_word' id='word_1_265' title='bbox 1114 5610 1149 5682; x_wconf 90' lang='lat' dir='ltr'><strong>in</strong></span> <span class='ocrx_word' id='word_1_266' title='bbox 1176 5610 1296 5684; x_wconf 90' lang='lat' dir='ltr'><strong>eadem</strong></span> <span class='ocrx_word' id='word_1_267' title='bbox 1323 5608 1407 5683; x_wconf 85' lang='lat' dir='ltr'><strong>villa</strong></span> <span class='ocrx_word' id='word_1_268' title='bbox 1433 5629 1538 5699; x_wconf 80' lang='lat' dir='ltr'><strong>agros</strong></span> <span class='ocrx_word' id='word_1_269' title='bbox 1564 5604 1774 5680; x_wconf 87' lang='lat' dir='ltr'><strong>sufficientes</strong></span> 
     </span>
     <span class='ocr_line' id='line_1_33' title="bbox 219 5709 624 5820; baseline 0.015 -22"><span class='ocrx_word' id='word_1_270' title='bbox 219 5709 624 5820; x_wconf 60' lang='lat' dir='ltr'><strong>paulitianorum</strong></span> 
     </span>
     <span class='ocr_line' id='line_1_34' title="bbox 323 5843 1860 5944; baseline -0.003 -23.277"><span class='ocrx_word' id='word_1_271' title='bbox 323 5846 488 5939; x_wconf 81' lang='lat' dir='ltr'><strong>Szouou,</strong></span> <span class='ocrx_word' id='word_1_272' title='bbox 514 5848 599 5922; x_wconf 91' lang='lat' dir='ltr'><strong>villa</strong></span> <span class='ocrx_word' id='word_1_273' title='bbox 623 5852 689 5924; x_wconf 88' lang='lat' dir='ltr'><strong>sub</strong></span> <span class='ocrx_word' id='word_1_274' title='bbox 715 5853 881 5942; x_wconf 90' lang='lat' dir='ltr'><strong>parochia</strong></span> <span class='ocrx_word' id='word_1_275' title='bbox 906 5853 975 5944; x_wconf 76' lang='lat' dir='ltr'><strong>de,</strong></span> <span class='ocrx_word' id='word_1_276' title='bbox 1003 5909 1011 5925; x_wconf 88' lang='lat'><strong>.</strong></span> <span class='ocrx_word' id='word_1_277' title='bbox 1038 5909 1047 5926; x_wconf 91' lang='lat'><strong>.</strong></span> <span class='ocrx_word' id='word_1_278' title='bbox 1074 5854 1170 5926; x_wconf 88' lang='lat' dir='ltr'><strong>cuius</strong></span> <span class='ocrx_word' id='word_1_279' title='bbox 1197 5854 1320 5925; x_wconf 88' lang='lat' dir='ltr'><strong>haeres</strong></span> <span class='ocrx_word' id='word_1_280' title='bbox 1348 5847 1588 5924; x_wconf 90' lang='lat' dir='ltr'><strong>serenissimus</strong></span> <span class='ocrx_word' id='word_1_281' title='bbox 1606 5843 1773 5920; x_wconf 88' lang='lat' dir='ltr'><strong>Poloniae</strong></span> <span class='ocrx_word' id='word_1_282' title='bbox 1858 5912 1860 5916; x_wconf 82' lang='lat'><em>.</em></span> 
     </span>
    </p>

    <p class='ocr_par' dir='ltr' id='par_1_11' title="bbox 178 5955 1775 6065">
     <span class='ocr_line' id='line_1_35' title="bbox 178 5955 1775 6065; baseline -0.005 -17"><span class='ocrx_word' id='word_1_283' title='bbox 178 5964 182 5968; x_wconf 67' lang='grc'><em>’</em></span> <span class='ocrx_word' id='word_1_284' title='bbox 221 5955 284 6048; x_wconf 72' lang='lat' dir='ltr'><strong>rex</strong></span> <span class='ocrx_word' id='word_1_285' title='bbox 310 5975 348 6041; x_wconf 87' lang='lat' dir='ltr'><strong>et</strong></span> <span class='ocrx_word' id='word_1_286' title='bbox 374 5969 543 6060; x_wconf 90' lang='lat' dir='ltr'><strong>princeps.</strong></span> <span class='ocrx_word' id='word_1_287' title='bbox 571 5970 612 6042; x_wconf 90' lang='lat' dir='ltr'><strong>In</strong></span> <span class='ocrx_word' id='word_1_288' title='bbox 639 5991 708 6061; x_wconf 85' lang='lat' dir='ltr'><strong>qua</strong></span> <span class='ocrx_word' id='word_1_289' title='bbox 733 5978 816 6044; x_wconf 86' lang='lat' dir='ltr'><strong>sunt</strong></span> <span class='ocrx_word' id='word_1_290' title='bbox 841 5973 933 6046; x_wconf 88' lang='lat' dir='ltr'><strong>lanei</strong></span> <span class='ocrx_word' id='word_1_291' title='bbox 959 5975 1204 6065; x_wconf 88' lang='lat' dir='ltr'><strong>cmethonales,</strong></span> <span class='ocrx_word' id='word_1_292' title='bbox 1231 5975 1313 6045; x_wconf 87' lang='lat' dir='ltr'><strong>item</strong></span> <span class='ocrx_word' id='word_1_293' title='bbox 1340 5972 1516 6061; x_wconf 89' lang='lat' dir='ltr'><strong>tabernae,</strong></span> <span class='ocrx_word' id='word_1_294' title='bbox 1543 5969 1625 6041; x_wconf 91' lang='lat' dir='ltr'><strong>item</strong></span> <span class='ocrx_word' id='word_1_295' title='bbox 1653 5967 1775 6041; x_wconf 89' lang='lat' dir='ltr'><strong>hortu·</strong></span> 
     </span>
    </p>

    <p class='ocr_par' dir='ltr' id='par_1_12' title="bbox 219 6089 1772 6420">
     <span class='ocr_line' id='line_1_36' title="bbox 221 6089 1772 6184; baseline 0.001 -24"><span class='ocrx_word' id='word_1_296' title='bbox 221 6090 352 6183; x_wconf 92' lang='lat' dir='ltr'><strong>laniae,</strong></span> <span class='ocrx_word' id='word_1_297' title='bbox 379 6090 470 6163; x_wconf 92' lang='lat' dir='ltr'><strong>idem</strong></span> <span class='ocrx_word' id='word_1_298' title='bbox 506 6091 705 6183; x_wconf 90' lang='lat' dir='ltr'><strong>praedium,</strong></span> <span class='ocrx_word' id='word_1_299' title='bbox 718 6093 776 6165; x_wconf 87' lang='lat' dir='ltr'><strong>-de</strong></span> <span class='ocrx_word' id='word_1_300' title='bbox 811 6094 935 6184; x_wconf 88' lang='lat' dir='ltr'><strong>quibus</strong></span> <span class='ocrx_word' id='word_1_301' title='bbox 970 6097 1130 6170; x_wconf 90' lang='lat' dir='ltr'><strong>omnibus</strong></span> <span class='ocrx_word' id='word_1_302' title='bbox 1168 6096 1316 6167; x_wconf 88' lang='lat' dir='ltr'><strong>solvitur</strong></span> <span class='ocrx_word' id='word_1_303' title='bbox 1347 6097 1383 6164; x_wconf 91' lang='lat' dir='ltr'><strong>et</strong></span> <span class='ocrx_word' id='word_1_304' title='bbox 1409 6089 1614 6164; x_wconf 87' lang='lat' dir='ltr'><strong>conducitur</strong></span> <span class='ocrx_word' id='word_1_305' title='bbox 1639 6089 1772 6162; x_wconf 90' lang='lat' dir='ltr'><strong>decima</strong></span> 
     </span>
     <span class='ocr_line' id='line_1_37' title="bbox 219 6211 1770 6307; baseline -0.002 -22"><span class='ocrx_word' id='word_1_306' title='bbox 219 6213 446 6305; x_wconf 89' lang='lat' dir='ltr'><strong>manipularis</strong></span> <span class='ocrx_word' id='word_1_307' title='bbox 480 6219 517 6286; x_wconf 92' lang='lat' dir='ltr'><strong>et</strong></span> <span class='ocrx_word' id='word_1_308' title='bbox 549 6214 726 6306; x_wconf 83' lang='lat' dir='ltr'><strong>canapalis</strong></span> <span class='ocrx_word' id='word_1_309' title='bbox 759 6234 823 6305; x_wconf 93' lang='lat' dir='ltr'><strong>pro</strong></span> <span class='ocrx_word' id='word_1_310' title='bbox 859 6215 1006 6290; x_wconf 87' lang='lat' dir='ltr'><strong>ecclesia</strong></span> <span class='ocrx_word' id='word_1_311' title='bbox 1039 6219 1076 6290; x_wconf 90' lang='lat' dir='ltr'><strong>in</strong></span> <span class='ocrx_word' id='word_1_312' title='bbox 1111 6215 1156 6288; x_wconf 89' lang='lat' dir='ltr'>W</span> <span class='ocrx_word' id='word_1_313' title='bbox 1164 6217 1238 6307; x_wconf 88' lang='lat' dir='ltr'><strong>yel</strong></span> <span class='ocrx_word' id='word_1_314' title='bbox 1246 6218 1546 6306; x_wconf 74' lang='lat' dir='ltr'><strong>yawyesz„ec</strong></span> <span class='ocrx_word' id='word_1_315' title='bbox 1572 6211 1670 6286; x_wconf 82' lang='lat' dir='ltr'><strong>valor</strong></span> <span class='ocrx_word' id='word_1_316' title='bbox 1695 6211 1770 6284; x_wconf 90' lang='lat' dir='ltr'><strong>eius</strong></span> 
     </span>
     <span class='ocr_line' id='line_1_38' title="bbox 221 6335 1291 6420; baseline -0.002 -14"><span class='ocrx_word' id='word_1_317' title='bbox 221 6337 426 6410; x_wconf 86' lang='lat' dir='ltr'><strong>aestimatur</strong></span> <span class='ocrx_word' id='word_1_318' title='bbox 451 6335 498 6409; x_wconf 89' lang='lat' dir='ltr'><strong>ad</strong></span> <span class='ocrx_word' id='word_1_319' title='bbox 524 6392 532 6408; x_wconf 93' lang='lat'><strong>.</strong></span> <span class='ocrx_word' id='word_1_320' title='bbox 559 6390 603 6408; x_wconf 89' lang='lat'><strong>..</strong></span> <span class='ocrx_word' id='word_1_321' title='bbox 772 6405 777 6420; x_wconf 80' lang='grc'><strong>,</strong></span> <span class='ocrx_word' id='word_1_322' title='bbox 1288 6399 1291 6404; x_wconf 91' lang='grc'>.</span> 
     </span>
    </p>

    <p class='ocr_par' dir='ltr' id='par_1_13' title="bbox 218 6456 1773 6680">
     <span class='ocr_line' id='line_1_39' title="bbox 324 6456 1773 6551; baseline -0.003 -21"><span class='ocrx_word' id='word_1_323' title='bbox 324 6458 583 6551; x_wconf 81' lang='lat' dir='ltr'><strong>Saranuraca,</strong></span> <span class='ocrx_word' id='word_1_324' title='bbox 609 6457 704 6531; x_wconf 88' lang='lat' dir='ltr'><strong>villa.</strong></span> <span class='ocrx_word' id='word_1_325' title='bbox 718 6459 784 6534; x_wconf 89' lang='lat' dir='ltr'><strong>sub</strong></span> <span class='ocrx_word' id='word_1_326' title='bbox 810 6456 976 6550; x_wconf 89' lang='lat' dir='ltr'><strong>parochia</strong></span> <span class='ocrx_word' id='word_1_327' title='bbox 1001 6458 1045 6530; x_wconf 89' lang='lat' dir='ltr'><strong>de</strong></span> <span class='ocrx_word' id='word_1_328' title='bbox 1071 6457 1387 6551; x_wconf 83' lang='lat' dir='ltr'><strong>Wyelanyesz</strong></span> <span class='ocrx_word' id='word_1_329' title='bbox 1413 6459 1500 6548; x_wconf 87' lang='lat' dir='ltr'><strong>sita,</strong></span> <span class='ocrx_word' id='word_1_330' title='bbox 1526 6457 1623 6528; x_wconf 89' lang='lat' dir='ltr'><strong>cuius</strong></span> <span class='ocrx_word' id='word_1_331' title='bbox 1650 6457 1773 6527; x_wconf 90' lang='lat' dir='ltr'><strong>haeres</strong></span> 
     </span>
     <span class='ocr_line' id='line_1_40' title="bbox 218 6571 1765 6680; baseline 0.001 -32"><span class='ocrx_word' id='word_1_332' title='bbox 218 6571 396 6662; x_wconf 85' lang='lat' dir='ltr'><strong>Johaunes</strong></span> <span class='ocrx_word' id='word_1_333' title='bbox 429 6579 529 6654; x_wconf 78' lang='lat' dir='ltr'><strong>Felix</strong></span> <span class='ocrx_word' id='word_1_334' title='bbox 563 6571 876 6672; x_wconf 77' lang='lat' dir='ltr'><strong>hharnou&#39;rlry</strong></span> <span class='ocrx_word' id='word_1_335' title='bbox 911 6579 1095 6680; x_wconf 33' lang='lat' dir='ltr'><strong>‹le-,armis</strong></span> <span class='ocrx_word' id='word_1_336' title='bbox 1125 6579 1349 6674; x_wconf 83' lang='lat' dir='ltr'><strong>Lyelywa.</strong></span> <span class='ocrx_word' id='word_1_337' title='bbox 1384 6581 1423 6652; x_wconf 90' lang='lat' dir='ltr'><strong>In</strong></span> <span class='ocrx_word' id='word_1_338' title='bbox 1461 6598 1530 6671; x_wconf 88' lang='lat' dir='ltr'><strong>qua</strong></span> <span class='ocrx_word' id='word_1_339' title='bbox 1565 6577 1765 6651; x_wconf 86' lang='lat' dir='ltr'><strong>sunt-lanei</strong></span> 
     </span>
    </p>
   </div>
   <div class='ocr_carea' id='block_1_6' title="bbox 0 0 2104 8342">
    <p class='ocr_par' dir='ltr' id='par_1_14' title="bbox 0 0 2104 8342">
     <span class='ocr_line' id='line_1_41' title="bbox 0 0 2104 8342; baseline 0 0"><span class='ocrx_word' id='word_1_340' title='bbox 0 0 2104 8342; x_wconf 95' lang='lat' dir='ltr'><strong> </strong></span> 
     </span>
    </p>
   </div>
  </div>
 </body>
</html>
