4200 8342
1763 1627 1810 1699 53

258 1829 510 1919 manipularem
545 1832 581 1900 ct
616 1829 816 1921 canapalem
853 1849 916 1920 pro
953 1831 1098 1903 ecclesia
1123 1831 1257 1902 mediae
1284 1833 1394 1922 partis
1420 1831 1581 1906 Omnium
1607 1831 1812 1915 Sanctorum

259 1951 297 2022 in
324 1949 573 2041 cracovia,
600 1951 698 2022 cuius
734 1951 832 2023 valor
863 1952 908 2022 ad
945 1951 1031 2023 duas
1058 1973 1192 2023 marcas
1219 1954 1432 2025 aestimatur.
1473 1954 1561 2026 Item
1588 1955 1637 2026 ibi
1663 1976 1732 2028 non
1759 1959 1813 2028 est

258 2072 449 2163 praedium,
476 2094 546 2151 nou
572 2076 655 2146 sunt
681 2073 786 2145 ctiam
812 2073 1042 2164 hortulamae,
1069 2094 1180 2165 neque
1206 2075 1449 2147 molendinum.
1837 2075 1845 2089 “

365 2194 535 2284 Bannnn,
562 2194 645 2266 villa
670 2194 734 2275 snb
761 2194 926 2283 parochia
951 2194 994 2265 de
1025 2194 1144 2266 Alba
1169 2195 1377 2267 ecclesia
1403 2171 1481 2286 sit'a,
1499 2197 1596 2269 cuius
1614 2200 1811 2291 proprietas

258 2316 306 2387 ad
326 2315 589 2388 serenissimum
615 2314 779 2387 Poloniae
797 2335 914 2406 regem
933 2316 1096 2406 pertinet,
1115 2316 1150 2387 in
1170 2337 1240 2406 qna
1257 2322 1339 2388 sunt
1356 2317 1449 2388 lanei
1466 2318 1708 2410 emethonoles,
1728 2322 1812 2395 item

259 2457 331 2509 una
365 2436 530 2527 taberna,
554 2420 688 2519 habens
723 2456 845 2527 agros,
872 2435 914 2506 de
942 2436 1067 2528 quibus
1095 2438 1253 2509 omnibus
1280 2437 1426 2509 solvitur
1452 2437 1584 2509 decima
1610 2441 1810 2531 pecunialis,

258 2556 304 2629 de
330 2544 491 2647 quolibet
510 2557 611 2628 laneo
638 2577 702 2648 per
728 2578 789 2628 sex
814 2577 955 2647 grossos
982 2558 1172 2629 communis
1197 2558 1373 2649 pecuniae,
1400 2579 1464 2649 pro
1491 2558 1636 2632 ecclesia
1653 2558 1813 2651 Omnium

259 2677 466 2767 Sanctormp
492 2677 625 2763 mediae
651 2678 763 2769 partis
788 2677 826 2749 in
854 2675 1092 2750 cuaeovia

607 2848 618 2862 ,
707 2858 712 2863 .
933 2797 1131 2873 Poenam.

362 2920 466 3010 lela,
492 2919 637 2999 habens.
652 2920 688 2991 in
709 2940 752 2993 se
779 2919 1013 3011 parochialem
1032 2920 1210 2992 ecelesiam
1226 2921 1377 3011 ligneam
1395 2920 1521 2994 Sancto
1539 2921 1692 2997 Martino
1712 2923 1806 3005 dica-

258 3049 351 3133 tam,
377 3043 475 3114 cuins
504 3043 636 3123 baares
671 3040 812 3115 Marcus
840 3040 883 3113 de
909 3040 1011 3114 domo
1037 3040 1250 3131 Radvan,
1277 3042 1313 3112 in
1341 3064 1409 3133 qua
1435 3046 1516 3115 sunt
1538 3035 1633 3116 lanei
1657 3046 1811 3118 emetha

258 3164 366 3253 nales,
393 3164 477 3235 item
503 3184 573 3233 nna
598 3162 754 3252 taberna,
780 3161 913 3235 habens
939 3182 1045 3235 unum
1072 3162 1210 3235 laneum
1237 3163 1331 3254 agri,
1358 3164 1441 3234 item
1468 3162 1556 3235 dnae
1582 3164 1811 3257 hortulaniae,

259 3285 322 3357 sed
348 3288 418 3357 nbn
443 3284 575 3356 habent
601 3304 715 3375 agros,
743 3284 786 3355 de
814 3284 938 3374 quibus
966 3284 1124 3356 omnibus
1151 3284 1299 3356 solvitur
1321 3284 1454 3356 decima
1470 3285 1659 3375 pecunialis
1679 3286 1813 3377 episeo-
1923 3249 2004 3401 ''j'ssffl'p

258 3428 305 3497 po
332 3405 563 3495 cracoviensi,
589 3404 634 3476 de
661 3404 816 3496 quolibet
841 3403 942 3477 laneo
968 3425 1032 3495 per
1059 3459 1067 3475 .
1094 3459 1102 3475 .
1130 3459 1138 3476 .
1163 3404 1252 3476 Item
1279 3409 1361 3476 sunt
1386 3405 1436 3477 ibi
1460 3406 1531 3477 tria
1556 3405 1698 3497 praedia
1722 3407 1813 3478 mili-
1940 3386 1993 3523 ἕξ..

257 3528 367 3616 taria,
395 3526 438 3598 de
467 3546 617 3616 quorum
643 3525 738 3615 agris
765 3524 957 3597 decimatur
984 3525 1149 3597 ecclesiae
1176 3530 1213 3597 et
1239 3525 1315 3597 eius
1341 3524 1488 3615 plebano
1514 3526 1552 3597 in
1578 3526 1812 3618 Poramba,
1843 3571 1848 3581 ·
1964 3516 1967 3523 ’
1997 3568 2004 3579 -

258 3649 357 3720 cuius
394 3647 492 3720 valor
527 3646 734 3719 aestimatur
767 3645 812 3717 ad
848 3651 998 3736 quatuor
1032 3667 1178 3718 marcas.
1216 3646 1306 3718 Item
1332 3647 1382 3719 ibi
1407 3647 1553 3719 ecclesia
1579 3652 1614 3719 et
1628 3648 1809 3739 ¹plebanus

258 3770 365 3843 babet
383 3769 543 3859 proprios
561 3787 665 3858 agros
683 3772 719 3839 et
740 3771 850 3857 prata,
868 3786 933 3857 pro
951 3788 1014 3839 suc
1032 3788 1098 3839 usu
1116 3773 1152 3840 et
1169 3769 1390 3856 necessitate3
1409 3768 1492 3840 item
1509 3769 1617 3850 habet
1634 3748 1811 3860 piscinam.

362 3891 625 3975 Romanunm,
652 3888 736 3959 villa
770 3887 834 3969 sub
869 3888 1036 3978 parochia
1072 3888 1115 3960 de
1141 3888 1372 3962 Poramba
1403 3890 1491 3980 sita,
1517 3890 1618 3962 cuius
1642 3890 1812 3963 haeredes

257 4012 457 4086 Radwan
491 4009 662 4083 Matthias
698 4015 733 4081 et
768 4009 947 4082 Iohannes
983 4008 1026 4082 de
1061 4004 1167 4081 armis
1201 4010 1417 4101 Radvan,
1444 4010 1481 4082 in
1509 4031 1586 4102 -qna
1612 4017 1693 4083 sunt
1719 4012 1813 4084 lanei

258 4133 504 4222 cmethonales,
529 4132 616 4203 item
641 4131 808 4203 tabernae
834 4136 917 4220 tres,
944 4130 1029 4203 item
1055 4130 1242 4221 hortulani,
1269 4131 1313 4203 de
1340 4131 1464 4222 quibus
1491 4132 1648 4204 omnibns
1667 4133 1814 4205 solvitur

257 4255 391 4328 decima
426 4252 653 4343 manipularis
688 4253 853 4324 ecclesiae
882 4257 917 4323 et
944 4251 1019 4337 eius
1045 4253 1193 4343 plebano
1220 4253 1257 4323 in
1283 4251 1526 4342 Poramba,
1553 4273 1617 4344 pro
1645 4273 1714 4345 qua
1740 4253 1812 4324 sin-

257 4377 350 4468 gulis
385 4375 485 4449 annis
520 4373 690 4466 plebanus
725 4374 830 4446 solvit
857 4372 945 4445 duos
970 4372 1287 4463 florenosvican'is
1313 4373 1491 4458 Ecclesiae
1518 4373 1660 4447 maioris
1687 4373 1813 4447 Gracc-

258 4497 397 4569 viensis.
423 4495 511 4569 Item
538 4501 621 4567 sunt
646 4493 774 4566 ibidem
801 4495 872 4566 tria
896 4493 1051 4587 praedia,
1077 4494 1122 4584 de
1147 4516 1293 4585 qnorum
1309 4495 1405 4585 agris
1424 4494 1571 4567 solvitur
1588 4496 1814 4586 manipularis

260 4618 398 4692 decima
420 4617 568 4711 plebano
596 4617 632 4688 in
658 4615 909 4688 Poramba.

366 4739 796 4828 Pousrnanrsnnwwzn,
822 4737 904 4808 villa
929 4737 995 4810 sub
1021 4736 1188 4828 parochia
1205 4735 1249 4808 de
1266 4735 1493 4809 Poramba
1519 4738 1595 4828 sita,
1615 4738 1711 4810 cuins
1729 4739 1812 4815 hae-

258 4883 315 4935 res
341 4858 493 4932 Michael
520 4859 565 4931 de
589 4858 796 4930 Bunczin
823 4858 866 4929 de
892 4857 1244 4946 armisRadwan,
1271 4858 1308 4929 in
1334 4878 1404 4949 qua
1431 4864 1512 4930 sunt
1539 4857 1631 4929 lanei
1658 4860 1813 4930 cmethc-

259 4984 365 5074 nales,
391 4982 435 5054 de
461 4981 585 5073 quibus
612 4979 746 5051 decima
770 4980 962 5069 pecunialis
998 4979 1147 5051 solvitur
1173 4979 1334 5075 episcopo
1362 4978 1584 5055 cracoviensi
1610 5000 1673 5070 per
1771 5034 1779 5050 .
1806 5035 1814 5050 .

258 5107 524 5197 Itpnnou-est
548 5101 738 5193 praedium,
764 5122 834 5177 non
861 5106 943 5180 sunt
967 5101 1197 5192 hortulaniae,
1224 5120 1336 5191 neque
1363 5101 1518 5173 taberna

352 5216 673 5314 noerunmwna,
699 5221 783 5294 villa
809 5223 874 5295 snb
900 5222 1066 5312 parochia
1092 5221 1388 5303 (Ie-Poramba
1413 5223 1495 5314 sita,
1524 5221 1620 5297 cuius
1646 5222 1814 5303 haerodes
1860 5287 1865 5298 .

259 5349 361 5422 multi
379 5346 511 5419 nobiles
529 5345 572 5417 de
590 5345 696 5416 armis
714 5344 850 5416 Radu
861 5365 913 5415 an
924 5366 944 5414 o
955 5344 1046 5434 wie,
1065 5344 1108 5423 in.
1119 5365 1189 5436 qua
1206 5350 1288 5417 sunt
1305 5344 1396 5415 lanei
1415 5343 1721 5439 cmethouales,de
1739 5345 1816 5436 qui·

258 5473 324 5545 bus
351 5469 497 5543 solvitur
523 5467 658 5539 decima
683 5465 874 5557 pecunialis
901 5466 1062 5556 episcopo
1081 5463 1313 5556 cracoviensi,
1330 5465 1374 5537 de
1394 5465 1548 5556 quolibet
1565 5465 1665 5538 laneo
1684 5484 1746 5555 per
1765 5520 1781 5546 ,.
1809 5521 1816 5536 .

217 5672 222 5685 Ι
257 5595 346 5665 Item
360 5591 467 5663 habet
480 5589 529 5661 ibi
542 5589 710 5679 plebanus
723 5587 859 5667 ratione
873 5607 1017 5678 nemeae,
1024 5586 1175 5658 mediam
1186 5607 1336 5659 marcam
1351 5588 1387 5658 in
1401 5607 1533 5659 summa
1545 5587 1690 5679 singulis
1706 5588 1815 5659 annis·
1883 5624 1885 5631 =

362 5711 538 5799 Vmszn,
557 5710 640 5781 villa
658 5710 722 5782 snb
740 5709 907 5799 parochia
930 5708 972 5780 de
999 5707 1226 5781 Poramba
1252 5709 1334 5799 sita,
1363 5709 1461 5781 cuius
1478 5708 1648 5781 haeredes
1666 5708 1816 5798 praelati

257 5833 428 5907 Matthias
445 5831 622 5904 Radvan
640 5836 678 5902 et
694 5831 871 5903 Iohannes
890 5829 933 5902 de
951 5830 1057 5933 armis
1074 5829 1370 5920 Radwanovie,
1388 5831 1426 5902 in
1444 5851 1512 5920 qna
1525 5835 1606 5902 sunt
1618 5829 1711 5901 lanei
1725 5851 1814 5902 cmc-

256 5955 428 6044 thonales,
444 5953 489 6024 de
506 5951 631 6044 quibus
651 5952 799 6025 solvitur
816 5951 950 6025 decima
972 5952 1199 6043 manipularis
1218 5951 1357 6023 vicariis
1370 5950 1538 6025 eeclesiae
1556 5949 1816 6042 cracoviensis3

258 6075 319 6149 sed
347 6074 515 6167 plebanus
541 6073 635 6164 capit
662 6094 739 6149 eam
764 6074 801 6144 in
828 6078 959 6163 empto,
986 6077 1023 6144 et
1048 6073 1157 6145 solvit
1180 6071 1318 6144 vicariis
1343 6091 1409 6161 pro
1435 6070 1514 6160 ipsa
1539 6070 1626 6144 duos
1653 6071 1812 6145 florenos.

363 6195 552 6286 Vrssorm,
579 6194 664 6267 villa
689 6194 753 6267 sub
780 6194 947 6285 parochia
973 6194 1016 6265 de
1042 6194 1270 6267 Poramba
1296 6192 1374 6282 sita,
1401 6191 1498 6265 cuius
1526 6192 1694 6266 haeredes
1710 6194 1815 6266 multi

258 6320 302 6392 de
328 6319 436 6391 armis
461 6316 814 6405 Radvanorum,
841 6293 877 6386 in
904 6337 973 6408 qna
1008 6320 1091 6387 sunt
1115 6316 1207 6386 lanei
1233 6314 1485 6406 emethonales,
1514 6316 1599 6388 item
1625 6315 1815 6409 hortulani,

258 6442 342 6513 item
369 6439 545 6528 tabernae,
573 6437 615 6510 de
643 6438 769 6528 quibus
787 6437 943 6521 solvitur
970 6437 1111 6509 decima.
1138 6436 1227 6509 Item
1253 6437 1360 6510 habet
1384 6438 1428 6511 de
1454 6437 1613 6529 praelata
1638 6435 1724 6509 villa
1740 6437 1815 6529 ples
1897 6531 1901 6538 Ι

258 6563 370 6637 banus
395 6561 431 6637 iu
458 6560 546 6637 Por
562 6560 690 6633 amba
716 6559 851 6634 ratione
876 6559 1074 6661 messalinum
1092 6578 1278 6657 perunum
1295 6581 1455 6658 possum
1473 6558 1517 6634 de
1535 6556 1689 6654 quolibet
1706 6558 1817 6644 laneo,
