4200 8342
1737 1632 1812 1712 487

261 1843 300 1918 el
324 1833 537 1935 plebano..in
562 1835 825 1938 succisio,
852 1851 891 1918 et
915 1838 1014 1920 ralor
1039 1840 1115 1936 mus
1140 1841 1345 1921 aestimatur
1369 1841 1415 1921 ad
1442 1902 1449 1918 .
1476 1900 1484 1919 .
1511 1898 1520 1919 .
1547 1902 1555 1919 .
1581 1842 1668 1922 itero
1696 1845 1812 1921 estin

262 1966 384 2040 eadem
418 1965 503 2040 villa
535 1968 716 2061 praedium
747 1968 921 2062 militare,
948 1969 992 2043 de
1028 1990 1097 2061 quo
1124 1967 1257 2043 decima
1283 1969 1431 2054 soluitur
1457 1969 1623 2044 ecclesiae
1649 1969 1686 2043 in
1712 1968 1815 2043 San-

261 2089 502 2164 dzischow.

170 2285 174 2290 .
223 2285 226 2290 .
364 2210 569 2304 Oncunwa,
594 2213 679 2285 villa
704 2214 769 2286 snb
795 2214 961 2305 parochia
985 2213 1030 2286 de
1056 2267 1205 2285 .....
1232 2215 1310 2286 sita
1336 2213 1377 2286 In
1404 2235 1473 2305 qua
1498 2219 1580 2287 sunt
1605 2213 1702 2287 lanei
1723 2234 1814 2287 cme-

85 2315 200 2434 μὴ)ᾎῇ
261 2333 439 2425 thonales,
466 2333 510 2405 de
537 2335 662 2425 quibus
694 2334 843 2407 solvitur
868 2342 906 2408 et
932 2335 1137 2408 conducitur
1163 2335 1297 2409 decima
1321 2335 1549 2427 manipularis
1574 2341 1612 2407 et
1638 2335 1814 2428 canapalis

119 2421 157 2560 Ι)
258 2455 423 2527 ecelesiae
450 2462 487 2528 et
512 2455 661 2545 plebano
688 2456 724 2528 iu
751 2455 1009 2530 Strozislra
1038 2456 1128 2530 Item
1160 2463 1215 2530 est
1240 2457 1289 2530 ibi
1315 2457 1496 2549 praedium
1524 2455 1691 2547 militare,
1719 2457 1811 2548 quod

123 2439 205 2690 1
261 2575 410 2650 decimat
435 2577 603 2652 ecclcsim
629 2579 667 2650 in
691 2578 972 2654 Dambrowa.
1296 2669 1302 2676 .

126 2687 192 2808 gri*
365 2699 613 2791 Bnunmmrsu,
639 2700 724 2774 villa
749 2702 814 2774 sub
840 2701 1007 2791 parocbia
1032 2701 1077 2773 de
1104 2755 1112 2771 .
1139 2753 1184 2772 ..
1218 2700 1297 2774 sita
1334 2700 1375 2772 ln
1402 2721 1472 2791 qna
1498 2707 1580 2772 sunt
1606 2699 1697 2772 lanei
1723 2720 1813 2773 cme-

258 2820 428 2912 tbonales,
454 2822 498 2893 de
524 2822 650 2913 quibus
675 2823 845 2896 medietas
870 2822 974 2896 villae
1000 2822 1106 2895 solvit
1131 2823 1280 2915 plebano
1306 2823 1343 2894 in
1369 2821 1620 2895 Stroaiska
1645 2821 1813 2894 decimam

258 2942 517 3034 manipularem,
543 2949 581 3016 et
605 2929 775 3017 medietas
801 2944 1026 3036 pecunialem,
1052 2943 1157 3018 etde
1185 2944 1341 3035 quolibet
1367 2943 1469 3016 laneo
1487 2942 1637 3017 solvitur
1653 2963 1717 3035 per
1735 2947 1813 3015 octo

259 3084 411 3153 grossos.
1297 3087 1300 3094 ’
1555 3143 1558 3148 ,

361 3185 596 3277 Damascus,
623 3186 707 3258 villa
729 3241 736 3257 .
764 3242 772 3258 .
799 3242 807 3259 .
834 3243 842 3260 .
869 3188 1037 3260 medietas
1064 3186 1168 3259 villae
1195 3186 1300 3259 solvit
1327 3184 1475 3277 plebano
1501 3185 1539 3257 in
1565 3184 1814 3258 Stroziska

257 3306 426 3378 decimam
460 3307 731 3400 manipularem,
759 3314 795 3381 et
821 3309 989 3382 medietas
1015 3308 1248 3401 pecunialem‚
1276 3306 1422 3398 quilibet
1448 3306 1492 3380 de
1517 3307 1618 3380 laneo
1644 3326 1707 3398 per
1734 3312 1812 3378 octo

116 3525 119 3530 Ι
257 3448 408 3516 grossos.
434 3429 522 3502 Item
550 3436 605 3501 est
631 3429 812 3521 praedium
838 3431 990 3502 militare
1016 3429 1052 3502 iu
1081 3430 1202 3504 eadem
1228 3428 1327 3521 villo,
1355 3428 1447 3520 quod
1474 3427 1622 3501 decimat
1648 3429 1813 3500 ecclesiae

97 3531 128 3552 ”’
257 3550 393 3622 eteius
427 3551 575 3642 plebano
611 3552 646 3624 in
683 3539 929 3646 Trczyana
991 3587 996 3596 ·

106 3737 124 3772 1,)
163 3645 196 3680 ’“
359 3671 583 3764 lacerans,
609 3672 694 3746 villa
727 3674 860 3748 babens
891 3675 927 3747 iu
954 3695 992 3747 se
1015 3674 1201 3764 ¹ecclesiam
1228 3671 1461 3765 parochialem
1488 3671 1658 3762 ligneam,
1684 3668 1811 3744 Sancto

85 3775 88 3780 ’
186 3797 194 3806 ’
255 3790 446 3866 laurentio
471 3795 803 3885 martyridioatam.
829 3795 870 3868 ln
897 3817 966 3886 qua
991 3802 1075 3868 sunt
1100 3796 1192 3869 lanei
1218 3794 1461 3885 cmetbonales,
1487 3793 1531 3866 de
1558 3793 1684 3885 quibus
1701 3792 1810 3864 onmi-

142 4009 145 4018 .
256 3914 321 3986 bus
348 3916 509 3989 solvitur·
522 3916 656 3990 decima
681 3917 872 4007 pecunialis
898 3917 1063 3990 ecclesiae
1089 3918 1125 3988 in
1153 3916 1410 4007 Stroziska,
1438 3916 1585 4007 quilibet
1611 3915 1749 3987 cmetbo
1767 3913 1810 3984 de

255 4035 357 4110 laneo
384 4059 447 4128 per
473 4045 552 4110 octo
579 4059 732 4129 grossos.

357 4143 610 4252 Zwunozrczs,
639 4161 723 4234 uilla
748 4161 813 4233 sub
839 4160 1007 4251 parocbia
1031 4160 1075 4233 de
1102 4159 1364 4236 Noczlrowa
1389 4159 1467 4250 sita,
1494 4156 1592 4230 cuius
1614 4156 1811 4249 proprietas

118 4297 141 4310 ··
256 4280 302 4351 ad
328 4281 592 4355 castellanatum
622 4281 938 4356 Sandomiriensem
973 4282 1134 4373 pertinet
1172 4281 1214 4353 ln
1241 4301 1311 4372 qua
1336 4286 1419 4353 sunt
1443 4279 1537 4352 lanei
1562 4276 1807 4366 cmetbonales,

257 4401 453 4493 dequibus
488 4404 636 4477 solvitur
672 4403 805 4478 decima
830 4405 1020 4496 pecunialis
1046 4402 1212 4478 ecclesiae
1239 4404 1275 4475 in
1302 4401 1570 4493 stromata,
1595 4400 1741 4492 quilibet
1767 4397 1811 4469 de

254 4521 355 4597 laneo
382 4545 446 4617 per
470 4524 650 4600 fertonem.
1057 4521 1066 4538 '

359 4644 591 4720 Wunucznnr
627 4647 711 4720 villa
736 4648 801 4720 snb
827 4647 993 4739 parocbia
1017 4648 1062 4720 de
1089 4646 1348 4720 Noczkowa
1373 4646 1459 4738 mla,
1486 4644 1583 4718 cuins
1610 4643 1807 4736 proprietas

254 4765 300 4838 ad
325 4767 588 4841 castellanatum
623 4767 937 4842 Sandomiricnsem
974 4770 1136 4860 pertinet
1175 4769 1216 4840 ln
1244 4789 1313 4859 qua
1339 4773 1422 4840 sunt
1447 4766 1538 4840 lanei
1565 4764 1808 4852 cmetbonales,

254 4886 298 4961 de
324 4890 449 4981 quibus
486 4890 633 4964 solvitur
668 4889 802 4963 decima
828 4890 1020 4982 pecunialis
1046 4890 1210 4963 ecclesiae
1236 4890 1280 4960 in.
1299 4886 1567 4977 Stroziska,
1594 4883 1740 4994 quilibet
1763 4883 1809 4988 de

252 5007 353 5083 laneo
379 5031 443 5103 per
468 5009 648 5085 fertonem.
757 5065 764 5076 .

357 5132 600 5224 BrszramczA,
627 5131 710 5206 villa
736 5132 801 5205 sub
828 5132 994 5223 parochia
1021 5131 1064 5204 de
1091 5131 1346 5205 Noczlrowa
1372 5130 1458 5221 sita,
1485 5128 1583 5201 cuius
1608 5127 1805 5221 proprietas

254 5252 299 5325 ad
325 5254 589 5327 castellanetam
623 5253 937 5327 Sandomirieusem
973 5244 1135 5347 pertinet
1175 5254 1215 5326 ln
1243 5275 1312 5344 qua
1337 5259 1419 5327 sunt
1445 5252 1537 5323 lanei
1564 5249 1809 5337 cmetbonales,

253 5373 297 5447 de
324 5377 447 5468 quibus
474 5376 622 5452 solvitur
648 5374 783 5450 decima
806 5376 997 5470 pecunialia
1022 5397 1088 5470 pro
1114 5375 1261 5450 ecclesia
1286 5376 1323 5449 in
1349 5373 1601 5466 Stroziska,
1628 5367 1681 5447 de'
1699 5372 1809 5466 quoli-

251 5496 312 5570 bet
338 5497 437 5571 lanco
463 5518 527 5590 per
553 5499 732 5574 fertonem.
902 5595 905 5600 ι

946 5620 1116 5696 ΖΔΒΖΟΠι

355 5738 453 5814 Villa
485 5741 619 5815 habens
654 5743 690 5816 in
727 5763 765 5816 se
800 5744 979 5818 ecclesiam
1013 5742 1249 5846 parochialem
1284 5741 1453 5833 ligneam,
1479 5738 1606 5812 Sancto
1637 5734 1807 5808 Clementi

251 5859 413 5951 dicatam,
439 5862 536 5934 cuins
560 5864 688 5938 haeres
712 5865 850 5938 ratione
866 5866 988 5940 uxoria
1005 5863 1200 5939 stanislaus
1219 5860 1556 5950 Thanczinsky.
1579 5845 1622 5929 In
1640 5861 1808 5948 quaeum

251 5988 403 6073 quatuor
429 6002 507 6055 cnm
533 5983 647 6056 medio
673 5984 766 6058 lanei
792 5987 1037 6080 cmetbonales,
1059 5987 1103 6060 de
1122 5987 1247 6087 quibus
1265 5983 1414 6057 solvitur
1431 5979 1565 6052 decium
1582 5977 1807 6071 manipularis

250 6111 289 6177 et
314 6104 488 6196 canapalis
515 6104 645 6178 decano
671 6104 904 6199 &moriensi
929 6110 1028 6185 cuius
1055 6108 1154 6182 valor
1178 6107 1225 6183 ad
1252 6109 1403 6197 quatuor
1428 6121 1563 6176 mareas
1580 6101 1803 6190 aestimatum

252 6226 335 6298 item
362 6225 406 6300 dc
432 6226 511 6300 aliis
537 6227 689 6320 quinque
714 6227 825 6302 laneis
850 6229 1127 6322 cmetbonalibns
1153 6225 1316 6300 eiusdem
1333 6224 1452 6317 uillae·
1473 6223 1607 6297 decimu
1622 6221 1805 6304 fortunalis

250 6368 315 6437 pro
341 6348 629 6422 decano...ltem
655 6353 710 6422 est
734 6350 786 6422 ibi
810 6349 1094 6441 praebendarius,
1120 6349 1252 6421 babens
1280 6367 1385 6422 unum
1411 6347 1559 6437 laneum,
1586 6363 1687 6437 quem
1713 6344 1807 6418 solus

245 6469 343 6562 ,colit
368 6470 413 6544 de
439 6493 509 6564 quo
535 6471 653 6546 reddit
677 6470 810 6546 decano
836 6471 1018 6544 decimam.
1039 6470 1129 6544 Item
1154 6476 1210 6545 eat
1234 6470 1286 6544 ibi
1313 6489 1417 6542 unum
1444 6468 1623 6560 praedium
1646 6467 1807 6558 militare,
1964 6539 1969 6547 ,

247 6589 291 6662 de
317 6591 418 6666 cuius
441 6594 538 6686 agria
558 6594 763 6690 ,caunum
781 6592 948 6670 wdecim
973 6591 1104 6667 ibidem
1130 6591 1168 6668 in
1189 6589 1388 6674 Zaazoru
