4200 8342
1730 1629 1800 1698 117

372 1831 595 1921 PrazcsoW,
621 1832 704 1903 uilla
731 1834 795 1904 sub
822 1833 987 1922 parochia
1014 1834 1057 1902 de
1083 1832 1116 1903 N
1124 1852 1278 1923 yegow
1286 1853 1392 1923 yecz
1420 1833 1503 1921 sita,
1531 1833 1629 1905 cuins
1655 1834 1813 1924 proprie-

256 1958 314 2024 tas
342 1952 386 2023 ad
414 1952 678 2024 castellanatum
706 1952 968 2024 Cracoviensem
1003 1953 1164 2042 pertinet.
1202 1953 1248 2023 ,In
1276 1975 1344 2042 qua
1380 1959 1461 2024 sunt
1488 1958 1565 2025 octo
1595 1954 1692 2025 lanei
1719 1975 1809 2026 cmc·

257 2073 437 2163 thonales‚
466 2072 662 2164 dequibus
689 2073 836 2145 solvitur
863 2079 899 2144 et
926 2072 1129 2145 conducitur
1164 2073 1297 2143 decima
1322 2072 1547 2163 manipularis
1578 2078 1616 2149 ct
1640 2075 1815 2165 cenapolis

257 2215 325 2284 pro
357 2194 493 2265 vicaria
526 2180 745 2284 praebendae
772 2193 1027 2283 Craeoviensis,
1063 2214 1151 2286 quae
1186 2200 1330 2265 vocatur
1356 2194 1627 2284 Roszeyowska,
1655 2201 1691 2267 et
1716 2196 1814 2268 valor

257 2314 335 2387 9199
361 2314 570 2397 aestimatur
596 2314 641 2384 ad
667 2314 791 2405 viginti
818 2334 962 2386 marcas.
983 2313 1087 2386 1199]-
1104 2335 1173 2385 non
1200 2320 1255 2385 est
1281 2312 1477 2404 praedium,
1505 2334 1616 2404 neque
1643 2315 1809 2387 molendi-

257 2448 351 2525 num;
379 2456 449 2506 non
475 2434 705 2524 domnanae,
731 2455 843 2525 neque
868 2436 1046 2507 tabernae.
1174 2484 1178 2491 ‚
1686 2496 1688 2501 .

363 2554 679 2644 Prnzcnowuucz,
706 2554 790 2633 villa
804 2556 879 2628 suh
907 2556 1073 2646 parochia
1100 2554 1142 2625 de
1165 2554 1479 2646 Nyegowyecz
1507 2555 1581 2645 sita,
1609 2556 1704 2628 cuius
1732 2578 1811 2646 pro-

259 2676 395 2768 prietas
432 2676 478 2747 ad
504 2675 761 2749 serenissimum
787 2676 952 2752 Poloniae
987 2696 1103 2766 regem
1141 2676 1302 2765 pertinet.
1345 2677 1386 2746 ln
1414 2694 1483 2767 qna
1518 2673 1600 2748 su'nt
1626 2675 1694 2749 duo
1724 2678 1814 2748 lanei

204 2776 207 2780 ’
260 2796 507 2887 enethonalea,
533 2797 618 2869 item
636 2816 714 2868 una
740 2797 886 2869 taberna
910 2797 1042 2869 habens
1070 2817 1185 2886 agros,
1211 2796 1294 2868 item
1322 2796 1411 2868 duae
1436 2785 1657 2870 hortulaniae
1684 2799 1813 2869 hahen-

261 2923 315 2991 tes
342 2938 465 3008 agros,
492 2905 575 2989 item
602 2916 836 3004 molendinum
862 2917 994 2990 habens
1021 2937 1142 3006 agros,
1178 2916 1221 2988 de
1251 2916 1376 3008 quihus
1413 2918 1571 2990 omnibus
1608 2918 1754 2999 solvitur
1780 2924 1817 2989 et

262 3037 467 3111 conducitur
502 3037 636 3108 decima
670 3036 895 3128 manipularis
922 3044 958 3108 et
983 3038 1160 3128 canapalis
1194 3059 1258 3128 pro
1285 3037 1415 3110 vicaria
1439 3014 1660 3127 praebendae
1687 3038 1814 3111 Gracu-

261 3157 401 3247 riensis,
430 3178 518 3248 quac
544 3161 688 3230 vocatur
705 3157 969 3248 Roszeyowska,
996 3163 1033 3228 et
1058 3158 1157 3228 valor
1183 3158 1257 3232 eius
1284 3158 1490 3231 aestimatur
1515 3158 1559 3229 ad
1577 3178 1639 3230 sex
1665 3180 1809 3231 marcas.

365 3278 495 3350 Sanan
521 3277 684 3368 Wom,
724 3278 807 3349 villa
833 3278 898 3349 enh
924 3278 1091 3367 parochia
1117 3278 1281 3351 ecclesiae
1316 3278 1360 3350 de
1396 3278 1430 3353 N
1438 3256 1711 3371 yegowyecz
1747 3280 1816 3352 sita

264 3399 363 3471 onius
390 3400 514 3472 haeres
533 3450 649 3469 .....
1023 3410 1026 3415 ’
1429 3462 1431 3467 ,
1567 3382 1585 3462 s

371 3518 620 3611 denncznnn,
655 3519 739 3592 villa
775 3519 839 3593 sub
865 3519 1032 3609 parochia
1058 3520 1101 3592 dc
1134 3520 1168 3591 N
1175 3539 1449 3611 ycgowyooa
1485 3521 1554 3592 sita
1597 3521 1701 3593 cuius·
1728 3522 1809 3594 hae·

263 3662 320 3715 res
339 3694 454 3712 .....
970 3661 972 3664 ⁴
1036 3698 1039 3705 s

368 3761 662 3852 Jaaoscaowm,
688 3759 770 3831 villa
795 3761 860 3833 suh
887 3761 1052 3850 parochia
1088 3761 1131 3833 de
1163 3760 1474 3852 Nyegowyecz
1510 3761 1578 3833 sita
1613 3762 1709 3834 cuius
1736 3763 1818 3834 hae-

264 3903 321 3956 res
339 3934 455 3955 .....
1133 3903 1136 3909 ’
1674 3942 1681 3953 ,

368 4002 674 4092 DamnaowrczA,
702 4001 785 4074 villa
811 4001 875 4073 suh
902 4000 1074 4092 parochia.
1093 4001 1136 4072 de
1163 4000 1473 4094 Npegowyecz
1500 4001 1569 4073 sita
1604 4003 1701 4075 cuius
1726 4003 1809 4075 hae·

265 4143 321 4197 res
340 4178 454 4194 .....
527 4166 530 4173 =
583 4190 586 4195 ,
922 4183 925 4189 ,

369 4244 531 4335 Usczru-
551 4245 636 4317 villa
662 4246 726 4317 suh
753 4245 919 4335 parochia
945 4244 988 4316 (19
1015 4244 1330 4335 Nyegowyeoz
1356 4244 1425 4315 sita
1472 4244 1569 4316 cuius
1595 4246 1797 4317 haeres...

277 4412 280 4417 -
368 4366 528 4461 Remis,
562 4367 645 4438 villa
680 4367 744 4440 sub
770 4366 935 4456 parochia
970 4365 1136 4437 ecclesiae
1172 4364 1215 4437 dc
1248 4364 1283 4436 N
1291 4384 1344 4457 ye
1352 4386 1568 4457 gouyecz
1605 4367 1673 4438 sita
1716 4367 1813 4438 cuius

267 4490 391 4560 haeres
410 4541 524 4557 .....
587 4514 590 4522 ·
1013 4506 1016 4511 ·
1494 4549 1498 4555 .

353 4606 627 4697 Onosrsown,
663 4607 747 4681 villa
772 4607 837 4678 sub
864 4607 1031 4696 parochia
1063 4605 1106 4679 (19
1147 4606 1462 4697 Nyegowyecz
1497 4607 1566 4679 sita
1608 4608 1706 4680 cuius
1740 4610 1822 4680 hae-

270 4750 325 4801 res
344 4782 461 4799 .....

372 4849 669 4940 lepusculorum,
696 4849 779 4921 villa
805 4840 871 4921 suh
896 4848 1063 4938 parochia
1089 4847 1132 4918 de
1157 4848 1473 4938 Nyegowyecz
1507 4849 1577 4919 sita
1611 4849 1707 4919 cuins
1734 4850 1817 4920 hae·

273 4990 327 5043 res
345 5025 461 5041 .....
563 5003 586 5020 .
1123 5038 1126 5044 .

375 5091 605 5181 limosana,
628 5068 725 5162 ¹villa
745 5092 815 5163 snb
841 5089 1006 5180 parochia
1031 5089 1076 5160 de
1112 5088 1425 5181 Nyegowyecz
1453 5090 1522 5161 sita
1567 5090 1664 5161 cuius
1697 5091 1820 5162 haeres

374 5290 755 5424 Kaanoscnowrcza,
789 5332 873 5403 villa
899 5332 964 5403 suh
991 5332 1156 5422 parochia
1181 5332 1226 5403 de
1262 5331 1579 5443 llye'gowyecz
1610 5332 1680 5404 sita
1723 5333 1820 5403 cuius

276 5455 398 5528 haeres
418 5507 532 5525 .....
656 5504 659 5509 «

347 5575 655 5665 -Nrnoowrnca,
682 5574 765 5645 villa
792 5575 855 5645 sub
882 5572 1048 5663 parochia
1075 5574 1118 5645 de
1144 5574 1177 5646 N
1187 5586 1463 5666 yegowyocz
1500 5575 1570 5646 sita
1615 5575 1712 5646 cuius
1739 5574 1824 5645 hae·

276 5718 328 5768 res
347 5750 463 5767 .....
755 5750 757 5754 .
872 5718 876 5727 ’

377 5817 650 5908 Nauaron,
673 5816 770 5889 uilla
797 5817 860 5889 suh
887 5816 1055 5907 parochia
1080 5816 1123 5887 de
1150 5793 1466 5906 Nyogowyecz
1503 5816 1571 5887 sita
1615 5814 1712 5885 cuius
1738 5815 1821 5886 hae·

276 5960 328 6012 ms
348 5992 463 6010 .....
1107 5952 1110 5961 .

377 6058 704 6153 Mnascnowrczs,
731 6057 814 6130 villa
832 6056 896 6137 sub
914 6057 1082 6148 parochia
1108 6056 1150 6133 dc
1176 6057 1492 6148 Nyegowyecz
1520 6056 1589 6128 sita
1624 6056 1722 6129 cuius
1740 6059 1823 6129 hae-

279 6200 330 6253 res
349 6234 464 6251 .....
573 6233 580 6239 -
808 6246 813 6257 ,

380 6301 738 6392 Nuuznnuowrczu‚
775 6301 858 6372 villa
895 6301 959 6374 sub
986 6299 1152 6391 parochia
1187 6298 1230 6370 de
1267 6298 1300 6370 N
1308 6318 1462 6390 ycgow
1470 6320 1580 6392 yecz
1616 6300 1683 6372 sita
1726 6300 1823 6372 cuius

280 6421 399 6495 haeres
401 6472 533 6493 ......

379 6543 567 6634 Lirenas,
593 6541 677 6616 villa
704 6543 768 6615 snb
795 6542 960 6633 parochia
987 6542 1030 6616 (19
1057 6492 1369 6641 Nyegowyecz
1396 6543 1465 6620 sita
1500 6542 1597 6622 ouius
1623 6542 1824 6618 haeren...
1885 6602 1889 6611 .
