4200 8342
318 1622 394 1697 240

318 1831 443 1921 quibus
478 1829 636 1901 omnibus
673 1828 821 1901 solvitur
855 1828 988 1900 decima
1024 1823 1249 1919 manipularis
1285 1832 1322 1899 et
1357 1823 1534 1918 cauapalis
1568 1845 1634 1918 pro
1669 1823 1852 1915 episcopam

318 1949 557 2039 Gracoviensi;
584 1951 667 2020 item
694 1955 748 2020 est
774 1949 823 2020 ibi
851 1948 1016 2020 scoltetus
1042 1948 1175 2020 habens
1202 1947 1290 2020 duos
1315 1946 1446 2029 laneos,
1460 1946 1505 2019 de
1531 1947 1647 2038 agris,
1673 1945 1718 2017 de
1744 1945 1853 2036 quibus

316 2068 421 2142 solvit
446 2090 511 2160 pro
538 2069 670 2141 decima
696 2068 843 2160 plebano
872 2069 907 2139 in
934 2066 1124 2140 Ozobow
1151 2089 1257 2140 unum
1283 2066 1453 2145 lamonem
1487 2065 1641 2139 latorum
1666 2085 1854 2156 grossorum

314 2189 552 2279 Pragensium.

427 2310 719 2399 anmoomczu,
755 2310 838 2381 villa
869 2309 934 2381 sub
969 2309 1136 2400 parocbia
1170 2309 1215 2382 de
1249 2307 1439 2381 Ozclrow
1473 2308 1561 2398 sita,
1606 2307 1708 2379 cuius
1743 2306 1855 2378 haeres

316 2429 493 2502 Jobaunes
528 2429 880 2521 Philiponszky
907 2429 949 2500 de
976 2430 1084 2513 armis
1111 2427 1289 2502 Szarza
1323 2429 1365 2500 In
1391 2450 1461 2520 qua
1487 2433 1569 2500 sunt
1595 2427 1691 2499 lanei
1717 2422 1858 2498 amatha

317 2550 431 2640 nalcs,
459 2552 542 2622 itam
568 2556 641 2621 tres
667 2550 905 2640 hortulaniae‚
933 2550 1024 2625 ,item
1055 2550 1221 2622 tabernae
1246 2571 1316 2622 uon
1343 2555 1442 2640 sunt,
1476 2548 1675 2639 dequibus
1710 2547 1858 2619 omnibus

316 2673 465 2745 solvitur
490 2677 527 2743 et
552 2670 756 2743 conducitur
782 2670 916 2743 decima
940 2670 1167 2761 manipularis
1194 2676 1231 2743 et
1256 2671 1431 2762 canapalis
1466 2669 1632 2741 ecclesiae
1658 2674 1697 2740 et
1722 2667 1859 2759 plebano

317 2792 352 2863 in
379 2791 577 2882 duchon,
603 2798 640 2863 et
665 2791 763 2863 valor
789 2791 863 2861 eius
890 2791 1095 2863 aestimatur
1112 2789 1157 2863 ad
1175 2791 1322 2863 sedecim
1350 2810 1495 2863 marcas.
1520 2789 1611 2861 Item
1637 2794 1695 2861 est
1721 2788 1771 2860 ibi
1795 2808 1859 2859 mo

250 2930 253 2937 ·
312 2891 492 2984 'londinum
518 2913 649 2983 babens
667 2931 779 3002 agros,
807 2910 994 3002 dequibus
1021 2911 1113 2982 cedit
1129 2911 1277 3001 plebano
1299 2911 1337 2983 ia
1359 2910 1528 2984 Ozcbow
1554 2909 1707 2998 decima3
1733 2908 1859 2981 ratione

316 3033 413 3104 ouius
439 3033 541 3105 villae
568 3038 604 3103 et
630 3031 784 3103 decimae
809 3029 987 3103 Jobannes
1021 3030 1310 3122 Philipowsk
1318 3053 1341 3123 y
1376 3032 1501 3103 haeres
1527 3029 1732 3122 praedictae
1757 3027 1859 3116 abac

316 3159 371 3224 est
397 3154 501 3224 etiam
527 3158 696 3243 patronus
723 3150 889 3224 ecclesiae
915 3152 951 3222 in
979 3150 1178 3224 Gzchow.

419 3273 638 3363 Dauszuow,
665 3268 749 3343 villa
767 3272 831 3343 sub
849 3272 1014 3363 parochia
1041 3272 1084 3344 de
1111 3270 1227 3344 Ozch
1240 3293 1302 3346 ow
1329 3274 1414 3363 sita,
1441 3272 1538 3349 cuius
1559 3272 1692 3344 haeres
1718 3269 1860 3344 Jacobm

316 3392 656 3483 Druszkowsky
683 3390 726 3461 de
753 3370 859 3462 armis
886 3390 1094 3481 Nowina,
1130 3392 1266 3463 ratione
1301 3392 1399 3464 cuius
1425 3392 1612 3464 villae'est
1637 3390 1784 3482 quintus
1807 3410 1860 3480 pa-

317 3518 449 3584 tronus.
474 3511 516 3583 In
543 3533 613 3602 qua
638 3517 720 3582 sunt
737 3511 829 3582 lanei
848 3511 1101 3602 cmetbonales‚
1127 3513 1211 3584 item
1228 3513 1300 3585 tria
1316 3512 1483 3585 militaria
1507 3512 1652 3602 praedia
1670 3515 1709 3582 et
1725 3510 1861 3583 totidem

318 3633 477 3722 patroni,
504 3632 671 3703 babentes
698 3632 856 3722 quintum
881 3631 994 3704 locum
1021 3633 1286 3724 praesentandi,
1313 3633 1357 3704 de
1384 3633 1508 3724 quibus
1534 3632 1698 3705 omnibus
1724 3629 1861 3703 solvitur

317 3757 354 3823 et
380 3751 583 3826 conducitur
618 3752 752 3827 decima
786 3751 1012 3843 manipularis
1047 3758 1085 3825 et
1116 3754 1294 3844 canapalis
1328 3754 1493 3826 ecclesiae
1527 3754 1563 3825 in
1599 3752 1800 3841 Gaabow,
1832 3755 1861 3821 et

317 3873 415 3944 valor
441 3874 515 3945 eius
541 3874 744 3945 aestimatur
770 3873 814 3944 ad
840 3873 964 3964 viginti
990 3894 1134 3945 marcas.
1710 3872 1717 3881 '

429 3995 516 4067 Item
552 3995 588 4065 in
623 3993 780 4085 praefato
816 3993 943 4085 oppido
988 3992 1177 4066 Gzcbow
1221 3993 1425 4067 fraternitas
1465 3993 1595 4066 Beatos
1631 3992 1773 4066 Mariae
1807 3991 1861 4063 dat

316 4112 463 4204 plebano
490 4116 667 4187 aunuatim
693 4115 790 4187 -duas
816 4135 970 4205 marcas,
1005 4114 1171 4187 solvendo
1207 4135 1272 4204 pro
1307 4114 1522 4206 quibuslibet
1553 4119 1706 4206 quatuor
1736 4119 1861 4204 tempo

315 4233 423 4305 ribus
438 4233 587 4305 mediam
612 4252 782 4325 mmcam,
810 4239 846 4305 et
863 4234 1030 4324 plebanus
1048 4238 1189 4306 tenetur
1215 4232 1371 4324 quolibet
1394 4233 1541 4306 sabatho
1567 4239 1713 4305 cantare
1731 4232 1861 4304 missam

317 4354 360 4424 de
386 4335 498 4426 Beata
522 4336 677 4444 Virgine.
1377 4339 1380 4345 ’

419 4474 765 4567 Pnanrssowrczu‚
800 4476 884 4548 villa
909 4478 974 4549 sub
1001 4478 1168 4568 parocbia
1203 4477 1246 4549 de
1273 4475 1460 4550 Ozohow
1487 4477 1572 4567 sita,
1610 4475 1711 4548 ouius
1745 4476 1860 4548 baares

317 4595 440 4686 Spitko
467 4595 790 4687 Melstbiasky
821 4597 863 4668 de
890 4598 995 4669 armis
1030 4598 1181 4691 Ialywa.
1216 4598 1257 4669 In
1285 4619 1353 4689 qua
1379 4603 1461 4670 sunt
1495 4596 1586 4669 lanei
1622 4597 1861 4703 emetbonales

316 4719 399 4788 item
434 4719 582 4791 taberna
617 4737 686 4789 una
722 4718 852 4790 babens
889 4739 1012 4809 agros,
1047 4720 1131 4791 item
1168 4719 1387 4791 hortulaniae
1422 4718 1591 4795 babentes
1626 4739 1753 4809 agros,
1788 4718 1859 4790 item

314 4840 493 4930 praedium
521 4840 652 4912 bonum
678 4840 846 4930 militare,
873 4840 1061 4931 dequibus
1088 4840 1247 4912 omnibus
1275 4841 1422 4913 solvitur
1448 4845 1485 4912 et
1502 4839 1710 4911 conducitur
1736 4840 1861 4911 decima

315 4963 540 5052 manipularis
566 4967 603 5034 et
628 4962 804 5052 canapalis
840 4960 1005 5033 ecclesias
1032 4968 1069 5033 et
1095 4962 1242 5051 plebano
1270 4962 1305 5032 in
1333 4960 1531 5052 (lachana,
1562 4960 1661 5032 cuius
1700 4961 1799 5033 valor
1823 4957 1859 5031 ad

315 5083 494 5155 duodecim
521 5104 664 5155 marcas.

418 5205 748 5295 Donusaowrczn‚
783 5204 867 5277 villa
902 5205 966 5277 sub
993 5204 1159 5294 parochia
1192 5204 1356 5276 ecclesiae
1392 5203 1436 5275 de
1462 5202 1607 5276 Cachow
1643 5202 1733 5293 sita,
1770 5204 1857 5275 cuius

312 5306 439 5395 'haeres
467 5324 592 5414 Spitko
619 5325 662 5394 de
688 5324 926 5417 Melsthyu
955 5326 997 5397 de
1024 5326 1130 5397 armis
1156 5325 1349 5417 Lelywa
1384 5323 1424 5396 In
1452 5344 1521 5414 qua
1547 5329 1630 5394 sunt
1656 5323 1750 5395 lanei
1778 5345 1857 5395 cmc·

314 5446 491 5535 chorales,
519 5446 602 5516 item
630 5445 777 5517 taberna
802 5467 872 5517 una
898 5447 1029 5518 babens
1056 5467 1178 5537 agros,
1204 5447 1288 5517 item
1315 5445 1532 5517 hortulaniae
1558 5444 1730 5516 habentes
1757 5465 1858 5535 agros,

315 5569 398 5638 item
425 5566 606 5658 praedium
632 5567 757 5641 bonum
785 5566 937 5639 militare
956 5568 1089 5640 habens
1116 5589 1218 5659 agros
1246 5566 1474 5656 sufficientes,
1500 5565 1689 5656 dequibus
1710 5568 1859 5639 omnibus

315 5690 462 5762 solvitur
488 5694 525 5760 et
550 5688 754 5760 conducitur
779 5688 913 5759 decima
939 5690 1164 5781 manipularis
1182 5693 1218 5760 ct
1236 5688 1411 5779 canapalis
1430 5687 1595 5759 ecclesiae
1614 5688 1649 5757 iu
1669 5686 1859 5772 ezebon,

314 5820 351 5883 et
378 5812 476 5883 valor
502 5811 577 5882 eius
603 5810 806 5883 aestimatur
833 5809 877 5880 ad
904 5810 1084 5882 duodecim
1112 5830 1255 5881 marcas.
1282 5808 1397 5881 Villae
1422 5807 1657 5900 parochiales:
1694 5807 1859 5900 Oppidum

315 5933 513 6024 Czchow,
538 5930 733 6020 Jurkow,
769 5930 914 6021 Roda,
949 5929 1304 6021 Philipowicze,
1339 5929 1602 6020 Dr-uaakow,
1628 5927 1860 6001 Phalisao

315 6074 473 6147 wycze,
495 6050 865 6127 Domaslowicze.

419 6175 505 6245 ltom
532 6175 568 6244 iu
595 6175 714 6246 eodem
742 6175 869 6264 oppido
898 6171 1085 6246 Gzchow
1113 6181 1195 6246 sunt
1222 6174 1290 6245 duo
1308 6172 1452 6245 altaria:
1479 6192 1586 6244 uuum
1611 6171 1768 6265 quinque
1795 6172 1861 6246 val·

316 6316 434 6364 nerum
464 6293 602 6363 Domini
630 6295 740 6364 nostri
767 6294 852 6364 Jssu
871 6292 1002 6365 Christi
1021 6294 1143 6364 honori
1163 6294 1333 6383 dicatum,
1360 6301 1397 6366 et
1422 6314 1486 6384 per
1503 6291 1662 6366 Marcum
1681 6295 1862 6386 plebanum

314 6416 349 6484 in
378 6415 566 6486 Czcbou
602 6413 749 6484 nobilem
782 6416 824 6485 de
852 6415 952 6485 domo
981 6415 1038 6504 qui
1067 6413 1228 6485 deferunt
1253 6434 1392 6486 cervum
1419 6435 1484 6504 pro
1510 6413 1662 6505 insigni·¹
1684 6412 1864 6488 fundatum

316 6539 353 6603 et
378 6534 553 6622 dotatum3
589 6534 687 6605 cuius
722 6541 890 6626 patronus
925 6537 1048 6607 unicus
1074 6541 1112 6607 et
1136 6535 1283 6611 collator
1317 6537 1486 6627 plebanus
1515 6535 1559 6615 de
1587 6534 1778 6615 Gzcbow
1804 6557 1864 6630 pro
