4200 8342
1734 1645 1805 1716 115

259 1840 294 1905 et
328 1835 530 1923 hortulanis
565 1836 732 1907 habentes
769 1858 889 1927 segma,
928 1838 970 1909 de
1006 1840 1130 1929 quibus
1166 1843 1325 1913 omnibus
1361 1845 1509 1916 solvitur
1545 1853 1581 1917 et
1608 1850 1812 1923 conducitur

258 1955 392 2026 decima
418 1955 643 2046 manipularis
671 1963 708 2028 et
734 1960 909 2048 canapalis
936 1981 1001 2049 pro
1029 1961 1270 2034 mansionariis
1297 1965 1462 2037 ecclesiae
1481 1966 1745 2060 cracoviensis,
1772 1978 1810 2043 et

260 2075 360 2146 valor
385 2076 461 2146 eius
489 2076 693 2152 aestimatur
718 2079 763 2150 ad
791 2080 941 2169 quinque
969 2102 1113 2152 marcas.
1139 2082 1225 2155 Item
1245 2085 1384 2156 esttibi
1399 2087 1579 2215 praedium
1602 2091 1809 2182 coenobiale,

260 2196 353 2286 quod
379 2196 423 2267 de
449 2197 544 2286 agris
572 2198 726 2269 eiusdem
753 2200 846 2271 tollit
872 2221 936 2289 pro
963 2221 1001 2273 se
1028 2201 1205 2273 decimam.

364 2314 505 2407 Cannu,
532 2323 639 2407 snpra
663 2317 830 2390 Rabam
858 2324 898 2391 ut
920 2341 1044 2411 supra,
1071 2322 1177 2392 habet
1194 2323 1288 2394 ultra
1305 2323 1456 2396 decimas
1475 2329 1783 2418 suprascriptas:
1772 2352 1810 2402 ιι
1903 2326 1923 2387 ’-

260 2434 514 2527 Gyerczycze
541 2437 709 2510 decimam
726 2440 976 2529 manipularem
1003 2441 1155 2512 omnium
1182 2444 1399 2514 emethonum
1423 2450 1556 2535 etpost
1573 2453 1688 2518 certos
1705 2470 1809 2539 agros
1840 2420 1843 2427 ¹

258 2557 463 2647 praediales‚
491 2557 619 2631 valoris
646 2580 768 2631 novem
794 2581 1000 2651 marcarum,
1025 2568 1061 2633 ιι
1079 2585 1122 2633 ex
1149 2564 1322 2669 aliquibus
1348 2565 1442 2654 agris
1468 2567 1603 2656 praedii
1630 2567 1749 2641 datur
1765 2570 1809 2640 ad

259 2678 457 2750 Bebowa
481 2654 640 2767 plebano
666 2679 707 2749 ln
734 2679 1105 2773 Wlosthcwycze
1132 2664 1266 2754 decima
1290 2684 1515 2774 manipularis
1542 2688 1694 2759 omnium
1720 2710 1810 2760 eme-

258 2799 422 2869 thanum
430 2797 558 2870 valoris
584 2799 691 2870 trium
718 2818 922 2872 marcarum
949 2802 992 2872 lu
1015 2803 1373 2894 Dambrowycza
1398 2856 1565 2876 .......
1592 2808 1809 2881 emethonum
1948 2792 1950 2795 ⁵

260 2917 393 2991 decima
419 2919 525 2990 trium
551 2938 745 2990 marcarum
771 2921 912 2992 valoris.
939 2922 980 2992 ln
1006 2921 1235 3013 Buczyna.
1251 2912 1385 3012 praedii
1411 2931 1448 2996 et
1470 2928 1689 2997 emethonum
1715 2929 1809 2999 valo·

260 3040 308 3110 ris
336 3038 484 3112 duarum
510 3059 770 3128 sexagenamm.
813 3041 854 3111 ln
886 3041 1294 3132 Nyeschkowycze
1329 3042 1504 3115 Maiori
1540 3046 1674 3116 decima
1698 3047 1808 3120 tetius

260 3159 372 3248 villae,
401 3159 530 3231 valoris
549 3180 608 3230 sex
626 3167 828 3231 marcarum.
854 3162 894 3231 ln
909 3161 1324 3254 ‘Nyeschkowycze
1351 3164 1524 3236 Minori
1551 3165 1683 3236 decima
1700 3168 1809 3238 mani·

259 3279 391 3370 pularis
410 3282 526 3351 curiae
544 3285 582 3352 et
599 3281 751 3352 omnium
778 3281 978 3372 incolarum,
1004 3283 1134 3354 valoris
1152 3284 1258 3354 trium
1276 3304 1480 3366 marcarum.
1507 3285 1595 3356 Item
1612 3286 1648 3355 in
1667 3287 1807 3378 Byer-

259 3401 587 3491 nasclrowycze
622 3401 731 3472 totius
759 3402 861 3472 villae
893 3400 1026 3477 decima
1051 3405 1158 3474 trium
1185 3424 1378 3501 marcarum
1406 3405 1543 3477 valoris.
1568 3406 1675 3477 xItem
1710 3406 1804 3497 Sye-

259 3520 411 3611 dlecz,
449 3520 582 3594 decima
617 3522 777 3601 omnium
804 3523 995 3594 incolarum
1014 3530 1067 3596 et
1103 3529 1277 3596 certorum
1312 3546 1475 3615 agrorum
1511 3526 1645 3615 curiae,
1679 3527 1809 3599 valoris

260 3642 413 3733 quinque
440 3662 644 3732 marcarum,
672 3649 708 3713 ιι
721 3660 789 3713 ιι
803 3643 907 3714 certis
934 3645 1055 3734 paucis
1073 3646 1167 3734 agris
1184 3645 1321 3735 praedii
1346 3645 1438 3717 tollit
1459 3645 1627 3735 plebanus
1653 3647 1810 3736 in⁴Nye·

258 3764 494 3853 polemicze.
521 3763 562 3833 ln
584 3763 885 3855 Xanschnycze
912 3764 1045 3836 decima
1072 3766 1198 3855 curiae,
1225 3766 1353 3836 valoris
1377 3767 1522 3839 duarum
1539 3788 1746 3856 marcarum,
1774 3773 1810 3838 et

259 3886 479 3956 amethouum
506 3885 599 3974 capit
624 3884 774 3974 vicarius
802 3884 846 3955 ad
874 3892 1025 3958 castrum
1054 3885 1290 3957 Cracoriense.
1317 3886 1357 3956 ln
1377 3885 1652 3978 Stradomya
1678 3886 1810 3959 decima

259 4006 386 4095 ιιιιιι,
413 4005 542 4078 valoris
566 4007 670 4077 unius
689 4024 900 4094 sexagmae.
931 4006 1315 4096 De·Targowisko
1343 3987 1473 4078 novem
1492 4027 1673 4078 mensurae
1700 4006 1808 4096 siligi-

256 4127 312 4198 nis
329 4132 367 4197 et
384 4126 531 4197 totidem
555 4147 695 4216 arenae,
723 4130 871 4216 quatuor
888 4126 981 4197 lanei
998 4127 1048 4199 ibi
1066 4131 1149 4197 sunt
1161 4127 1300 4198 deserti.
1327 4127 1380 4197 De
1408 4124 1529 4198 Grab
1539 4144 1626 4217 yna
1653 4127 1807 4218 quinque

229 4305 236 4317 .
258 4268 442 4319 mensurae
468 4247 616 4337 siliginis
643 4253 679 4317 et
705 4247 858 4345 totidem·
878 4267 1007 4335 avenae
1035 4253 1076 4318 ιιΙ
1097 4247 1328 4338 quadraginta
1353 4247 1467 4336 grossi
1492 4247 1725 4336 pecuniarum.
1765 4247 1806 4317 ln

260 4368 633 4458 Laschkowycze
653 4368 782 4441 wdecem
804 4369 918 4459 grossi
937 4367 1210 4440 columbationis.
1236 4367 1278 4438 ln
1305 4365 1653 4458 Grodlrowycze
1680 4367 1808 4438 duode-

261 4489 336 4559 cim.
362 4489 403 4559 ln
431 4489 912 4581 Xanschnyczcnosem
937 4489 1061 4579 grossi,
1089 4492 1125 4558 et
1146 4481 1437 4560 molendinator’es
1465 4487 1605 4563 solvunt
1625 4508 1692 4558 sex
1709 4508 1808 4577 gros-

260 4630 318 4681 sos
345 4609 620 4681 columbatiouis.
715 4640 726 4661 ·
1134 4683 1140 4690 ,
1802 4624 1805 4631 ·

363 4730 455 4801 Item
481 4751 598 4803 omnes
634 4731 737 4802 villae
774 4731 1031 4821 suprascriptae
1068 4735 1148 4800 suut
1183 4730 1248 4800 sub
1280 4728 1446 4818 parochia
1472 4729 1508 4798 in
1535 4727 1700 4807 Chelmq

366 4849 454 4921 ltem
480 4850 517 4920 in
552 4849 919 4942 Nyeprzeschna
946 4851 1010 4922 sub
1033 4848 1203 4939 parochia
1229 4848 1272 4918 de
1305 4845 1515 4919 Sobolow
1542 4845 1675 4916 decima
1700 4840 1809 4915 mani-

262 4970 394 5061 pularis
421 4970 548 5043 valoris
575 4972 723 5043 duarum
748 4992 944 5051 marcarum
971 4970 1016 5042 ad
1042 4971 1165 5041 minus.

777 5164 781 5169 .
817 5091 996 5167 Ozrnzroz
1023 5091 1111 5163 alias
1138 5088 1255 5161 Gonu

363 5212 458 5284 Villa
482 5213 614 5285 habens
640 5214 677 5284 in
692 5233 741 5285 se
766 5213 1001 5304 parochialem
1027 5211 1206 5282 ecclesiam
1233 5210 1392 5299 ligneam·
1409 5208 1535 5280 Sancto
1648 5207 1808 5297 dicatam,

262 5332 357 5403 cuins
393 5333 589 5422 proprietas
621 5332 665 5403 ad
691 5310 954 5403 monasterium⁴
974 5330 1209 5402 Ozirziczense
1245 5328 1405 5419 pertinet.
1450 5328 1490 5397 ln
1524 5348 1593 5418 qua
1628 5332 1710 5398 sunt
1741 5326 1808 5398 duo

262 5452 351 5524 lanei
378 5453 630 5543 emethonales,
665 5454 748 5523 item
774 5453 973 5541 tabemae‚.
995 5452 1081 5522 item
1106 5450 1343 5538 hortulaniae‚
1369 5448 1414 5519 de
1440 5448 1567 5539 quibus
1594 5446 1742 5519 solvitur
1769 5453 1805 5517 ιι

264 5568 468 5646 ιοιιιιιιιι
482 5574 615 5647 decima
628 5575 853 5664 manipularis
868 5579 903 5644 et
917 5572 1092 5662 canapalis
1109 5592 1174 5662 pro
1185 5625 1208 5640 ..
1218 5625 1225 5641 .
1236 5624 1244 5640 .
1257 5571 1345 5642 Item
1355 5569 1550 5659 praedium3
1568 5570 1650 5640 item
1665 5569 1811 5638 ecclesia

265 5694 368 5769 habet
395 5695 445 5765 ibi
473 5696 633 5785 proprios
652 5716 755 5786 agros
781 5695 911 5766 liberos
930 5700 967 5764 et
983 5700 1087 5784 prata
1104 5714 1168 5782 pro
1187 5713 1249 5765 suo
1268 5713 1350 5781 usu,
1376 5691 1519 5782 praedio
1538 5695 1574 5761 et
1592 5688 1810 5760 necessitate.

362 5814 653 5906 Poanznnczrm
690 5816 773 5886 villa
799 5816 863 5887 sub
889 5815 1055 5905 parochia
1080 5813 1123 5884 de
1152 5811 1275 5885 Gora
1301 5813 1384 5902 sita,
1421 5813 1517 5882 cuius
1544 5810 1739 5899 proprietas
1766 5807 1810 5877 ad

262 5937 509 6008 monasterium
535 5936 780 6027 Gzyrziczense
805 5937 965 6026 pertinet.
992 5935 1033 6007 lu
1052 5954 1120 6026 qua
1143 5939 1223 6005 sunt
1240 5933 1308 6004 duo
1335 5934 1428 6004 lanei
1454 5930 1697 6019 ιιιιιιιοιιιιι,
1724 5929 1809 6000 item

262 6059 436 6146 tabernae,
463 6058 548 6129 item
572 6036 810 6148 ιιοιιιιιιιιιι,Ι
829 6057 872 6128 de
891 6057 1015 6148 quibus
1039 6040 1200 6128 omnibus
1228 6055 1376 6126 solvitur
1393 6058 1429 6123 et
1446 6051 1651 6126 conducitur
1678 6050 1824 6123 decima·

261 6179 486 6269 manipularis
512 6184 554 6255 et.
573 6180 749 6270 canapalis
774 6199 837 6269 pro
864 6160 1075 6250 monasterio
1103 6174 1329 6268 Gzyrzicensi,
1357 6179 1393 6245 et
1422 6172 1519 6244 valor
1547 6172 1591 6243 ad
1618 6177 1692 6243 tres
1718 6193 1810 6243 mar-

262 6301 445 6372 caaltem
469 6300 651 6390 praedium
676 6301 884 6373 coenobiale.

365 6421 663 6512 Αιιιιιιοιιιιιι,
690 6423 785 6498 villa
800 6423 864 6494 sub
891 6421 1055 6513 parochia
1082 6419 1125 6490 de
1152 6416 1346 6490 Gorat
1299 6418 1385 6507 sit,a
1421 6417 1517 6489 cuius
1544 6415 1739 6507 proprietas
1766 6415 1811 6488 ad

265 6543 508 6617 monasterium
536 6542 760 6640 (izprziceusc
786 6544 949 6638 pertinet
983 6541 1023 6616 Iu
1042 6562 1112 6635 qua
1138 6546 1237 6671 sunt·
1246 6539 1318 6614 duo
1340 6538 1436 6656 lanei
1459 6558 1531 6612 crue
1533 6537 1701 6629 thonales,
1727 6537 1811 6616 item
