4200 8342
249 1318 534 1415 manipularem
559 1316 666 1395 soluit
691 1316 857 1395 eeclesiae
878 1328 917 1395 et
932 1318 1081 1415 plebano
1105 1320 1139 1395 in
1158 1316 1405 1413 Poramblra3
1431 1320 1513 1395 item
1542 1320 1644 1397 villae
1661 1324 1838 1417 praelatae

247 1444 485 1519 mallones
515 1442 657 1519 uoluunt
700 1444 988 1519 columbotionem
1023 1452 1062 1519 et
1096 1446 1275 1519 denarium
1317 1444 1432 1519 Sancti
1469 1444 1566 1518 Petri
1604 1446 1768 1519 eeclesiae
1803 1448 1839 1519 in

249 1564 560 1659 Purambka,
595 1572 633 1639 et
656 1564 810 1639 moene
832 1586 909 1659 -pro
935 1566 1083 1649 ecclesia
1117 1568 1157 1641 in¹
1188 1566 1466 1659 Perambba,
1502 1588 1607 1641 anam
1642 1588 1839 1642 mensuram

256 1676 437 1779 siliginis
461 1692 499 1761 ct
523 1688 628 1763 aliam
653 1678 794 1762 arenae.
842 1688 845 1693 ’
1176 1710 1178 1717 ·

386 1808 626 1901 anonszno,
652 1810 736 1882 villa
762 1812 827 1883 sub
853 1811 1019 1902 parocbia
1045 1810 1089 1882 de
1114 1808 1375 1882 Parambka
1401 1810 1486 1902 sita,
1521 1811 1618 1883 curius
1644 1810 1841 1904 proprietas

268 1918 324 2003 ad
355 1932 596 2023 episcopatum
622 1930 887 2004 cracoviensem
914 1934 1077 2023 pertinet.
1104 1932 1144 2003 ln
1172 1953 1241 2024 qua
1267 1938 1348 2004 sunt
1375 1939 1451 2005 octo
1478 1933 1569 2005 lanei
1597 1933 1840 2023 cmetbonales,

269 2052 366 2125 item
394 2073 465 2151 una
489 2052 651 2127 scoltetia
676 2054 809 2125 babens
836 2054 922 2126 duos
949 2054 1069 2125 laneos
1096 2074 1281 2144 agrorum,
1310 2054 1393 2125 itern
1420 2075 1491 2125 una
1516 2055 1680 2145 taberna,
1707 2055 1840 2126 babens

279 2192 392 2263 agros
427 2174 582 2247 eiusdem
619 2175 816 2265 scoltetiae,
852 2182 889 2247 et
920 2176 963 2246 de
989 2175 1100 2263 laneis
1135 2175 1272 2266 quidem
1306 2175 1597 2267 ornetlronalibus,
1634 2166 1782 2248 solvitur
1808 2182 1843 2246 et

284 2294 494 2369 conducitur
535 2296 669 2369 decima
712 2296 937 2387 manipularis
969 2302 1004 2367 et
1048 2296 1222 2388 canapalis
1257 2318 1322 2387 pro
1359 2298 1559 2389 episcopatu
1603 2296 1843 2385 Cracoviensi,

283 2416 385 2487 cuins
419 2416 518 2489 udor
553 2418 759 2489 aestimatur
793 2418 838 2490 ad
874 2424 953 2491 octo
986 2438 1139 2490 marcas:
1184 2419 1267 2490 item
1303 2418 1346 2490 de
1382 2418 1476 2509 agris
1511 2419 1691 2491 scoltetiae
1727 2424 1763 2490 et
1796 2418 1839 2488 de

283 2536 380 2627 agria
415 2538 583 2611 tabernac
619 2539 839 2632 scoltetialis,
887 2540 1036 2613 solvitur
1072 2540 1205 2612 decima
1240 2541 1343 2612 etiam
1376 2540 1603 2631 manipularis
1630 2540 1779 2632 plebano
1808 2546 1844 2609 et

285 2658 454 2731 eeclesiae
479 2658 515 2731 in
542 2658 791 2732 Paramika:
818 2662 902 2733 item
929 2662 1129 2734 cmetbones
1148 2666 1184 2733 ot
1201 2662 1333 2734 incolae
1350 2660 1530 2754 praefatae
1556 2662 1684 2752 villae,
1706 2660 1844 2733 solvunt

285 2778 577 2853 columbationem
603 2788 640 2853 et
666 2781 847 2855 denarium
882 2782 1002 2855 Sancti
1028 2782 1125 2855 Petri
1162 2783 1326 2855 ecclesiae
1353 2784 1389 2855 in
1415 2781 1638 2856 Parambk
1651 2804 1690 2876 a,
1717 2789 1753 2854 et
1779 2804 1843 2874 pro

285 2920 430 2992 mmmm,
446 2918 549 2973 unam
567 2922 762 2975 mensuram
782 2904 930 2994 siliginis
947 2911 984 2976 et
1000 2925 1103 2976 naam
1119 2924 1257 2995 avenae,
1277 2927 1340 2996 pro
1359 2905 1504 2977 ecclesia
1521 2906 1557 2977 in
1575 2904 1801 2976 Parambk
1815 2926 1844 2975 a.

390 3000 673 3116 Nuapi'urnnzn,
700 3026 785 3098 rilla
810 3028 874 3099 sub
901 3028 1068 3118 parocbia
1094 3028 1137 3099 de
1164 3002 1394 3099 Parambka
1420 3027 1497 3117 sita,
1526 3027 1623 3098 curius
1649 3026 1845 3118 proprietas

293 3142 338 3215 ad
365 3142 550 3241 dominum,
569 3144 799 3238 Spitblronem
835 3147 1172 3239 Melstbynsky
1199 3154 1341 3240 spectat,
1368 3149 1411 3220 de
1438 3148 1543 3235 armis
1571 3147 1762 3240 Lelyua.
1805 3146 1845 3216 ln

289 3286 358 3357 qua
373 3272 457 3339 sant
481 3266 647 3341 lanei...
665 3274 703 3341 et
719 3290 789 3341 una
815 3270 980 3360 taberna3
999 3270 1178 3361 praedium
1207 3270 1356 3341 nullum:
1375 3269 1541 3341 decimam
1569 3268 1663 3340 tollit
1689 3268 1847 3341 dominus

289 3386 474 3477 episcopus
508 3388 765 3482 Gracoriensis,
802 3392 906 3464 solvit
941 3391 1089 3483 plebano
1124 3392 1160 3462 in
1197 3390 1458 3464 Pora'mblra
1493 3391 1536 3462 de
1573 3391 1727 3481 qrrolibet
1762 3410 1846 3481 agro
1939 3376 1945 3387 ¹

287 3508 382 3579 culto
410 3530 515 3582 unum
542 3512 723 3585 claretum
749 3512 898 3603 siliginis
925 3520 962 3584 et
987 3533 1092 3584 unum
1121 3532 1252 3585 avenae
1283 3531 1467 3585 mensurae
1503 3512 1735 3584 Bocbncusis:
1763 3511 1845 3581 item

289 3633 527 3723 suprascripta
560 3634 707 3706 ecclesia
739 3635 847 3708 babet
882 3656 986 3707 unam
1012 3636 1213 3726 tabernam,
1250 3654 1338 3726 quae
1374 3638 1518 3706 vocatur
1552 3632 1714 3706 Uruan
1726 3620 1847 3735 pecz3

289 3750 329 3823 de
355 3774 429 3843 qua
454 3754 603 3831 soluitur
628 3755 778 3847 plebano
813 3776 936 3829 census
963 3778 1098 3861 annuas
1126 3777 1197 3829 una
1222 3777 1426 3847 senagena3.
1443 3756 1585 3846 insuper
1613 3754 1702 3826 idern
1729 3755 1846 3826 taber-

289 3878 391 3947 nator
423 3894 486 3967 per
510 3896 569 3967 se,
602 3878 657 3950 rel
685 3898 749 3969 per
775 3878 898 3969 aliurn,
924 3878 1105 3951 falcastrat
1140 3880 1288 3972 plebano
1321 3878 1582 3969 quatuordecim
1610 3877 1703 3965 dies,
1738 3875 1845 3947 babet

288 3997 394 4069 mam
409 3996 496 4069 duas
510 3998 735 4091 hortulanias,
761 4002 844 4071 itera
863 4022 966 4092 agros
983 4021 1048 4092 pro
1068 4000 1149 4073 dote
1167 4009 1203 4073 et
1217 4002 1364 4073 tabema
1383 4000 1520 4090 liberae,
1548 4000 1631 4070 item
1650 4002 1752 4088 prata
1769 3996 1847 4085 tria,

283 4114 369 4190 item
399 4118 594 4209 piscinulae
621 4128 763 4211 septem,
790 4142 916 4213 gayum
935 4144 978 4195 ex
997 4127 1144 4213 utraque
1171 4128 1282 4213 parte,
1310 4121 1474 4194 videlicet
1501 4120 1576 4211 agri
1605 4124 1641 4191 et
1667 4124 1848 4209 pratorum

285 4244 374 4329 poet
393 4239 520 4331 domm,
546 4242 709 4314 similiter
721 4248 802 4334 post
815 4264 918 4333 agros
933 4250 969 4315 et.
986 4252 1105 4336 prata,
1122 4238 1203 4336 post
1215 4246 1403 4333 tabernam,
1431 4264 1540 4333 usque
1554 4240 1598 4312 ad
1613 4260 1769 4329 campum
1797 4238 1849 4309 di-

280 4366 382 4433 ctum
410 4357 654 4455 Grabaniny
679 4384 757 4435 sesa
783 4366 1041 4456 protendentia,
1069 4370 1106 4437 et
1127 4386 1170 4436 ex
1197 4371 1299 4457 parte
1326 4366 1395 4437 alia
1419 4363 1589 4455 usquead
1613 4382 1717 4451 agros
1744 4359 1848 4431 villae
1989 4452 1991 4457 Ι

271 4476 426 4573 {nysae
450 4502 550 4571 gara
575 4484 698 4557 dietae.
729 4484 825 4558 'l'axa
852 4487 928 4558 eius
954 4490 1009 4556 est
1036 4486 1080 4557 ad
1108 4486 1256 4558 mediam
1284 4506 1435 4558 marcam
1472 4484 1617 4575 argenti,
1650 4478 1848 4573 petronales

275 4602 396 4675 solvit
423 4604 574 4696 quinque
599 4624 750 4697 grossos.
776 4606 889 4679 Huius
916 4612 1032 4680 rector
1058 4607 1243 4680 modernus
1276 4614 1331 4680 est
1358 4606 1582 4680 Bernhardus
1618 4604 1847 4678 Morauus

274 4722 330 4797 de
357 4722 526 4797 Rodiis
551 4728 754 4819 psalterista
782 4728 1030 4803 Gracoviensis.
1708 4708 1710 4713 ⁵

949 4850 1200 4925 Jnnownrnr.

395 4964 492 5044 villa
516 4970 650 5046 babens
676 4972 712 5044 in
739 4992 778 5047 aa
803 4974 983 5047 ecclesiam
1018 4974 1252 5067 parochialem
1291 4974 1439 5065 ligneam
1467 4973 1595 5046 Sancto
1615 5027 1729 5044 .....
1756 4971 1848 5041 dica-

279 5100 375 5184 tam,
401 5094 499 5166 cuius
524 5096 722 5187 proprietas
748 5094 791 5167 ad
810 5097 1069 5170 serenissimum
1095 5096 1261 5169 Poloniae
1287 5117 1405 5188 regem
1433 5096 1595 5187 pertinet.
1621 5095 1661 5165 ln
1681 5114 1749 5184 qna
1766 5098 1848 5163 sunt

284 5214 384 5285 lanei
411 5214 654 5307 emetbonales,
680 5217 723 5288 de
750 5219 875 5309 quibus
902 5218 1060 5290 omnibus
1079 5218 1227 5290 solvitur
1245 5217 1378 5289 decima
1404 5216 1605 5308 pecunialis,
1631 5214 1673 5284 de
1693 5208 1848 5302 quolibet

287 5335 394 5407 laneo
419 5356 484 5427 per
509 5320 614 5411 anum
640 5336 808 5410 fertonem
835 5339 983 5412 latomm
1010 5361 1210 5431 grossorum
1230 5340 1391 5430 episcopo
1414 5334 1655 5422 cracoviensi3
1683 5334 1765 5403 item
1792 5337 1846 5402 est

290 5458 342 5530 ibi
355 5479 464 5531 unum
481 5460 659 5551 praedium
682 5462 824 5552 regium,
843 5462 886 5533 de
900 5462 998 5533 cuius
1017 5462 1111 5551 agris
1131 5461 1279 5532 solvitur
1293 5460 1424 5530 decima
1443 5455 1669 5547 manipularis
1683 5453 1847 5525 ecclesiae

291 5586 329 5653 ct
354 5580 433 5653 eiua
457 5582 607 5673 plebano
634 5582 669 5655 in
695 5582 720 5655 J
728 5582 992 5674 adownyky,
1019 5584 1117 5654 cuius
1134 5582 1233 5655 valor
1251 5580 1455 5652 aestimatur
1473 5579 1516 5650 ad
1537 5583 1687 5668 quatuor
1704 5594 1845 5646 marcas.

425 5704 429 5711 “
982 5702 1167 5775 Gnarum.

391 5822 493 5898 'Villa
518 5825 653 5898 babens
679 5827 716 5897 in
743 5846 781 5897 se
807 5824 1039 5917 parochialem
1068 5824 1247 5897 ecelesiam
1274 5844 1339 5913 per
1357 5876 1493 5893 ......
1520 5826 1696 5893 cantorem
1724 5816 1850 5889 Graea-

292 5946 448 6021 vicusem
462 5968 574 6020 -muro
602 5948 741 6040 lapidee
776 5951 1009 6021 constructam
1044 5953 1080 6018 et
1106 5945 1329 6035 fabricatam,
1365 5930 1463 6016 curius
1491 5943 1658 6015 haeredes
1686 5940 1850 6012 Nicotaus

295 6076 332 6143 ct
355 6068 536 6143 dobaunes
562 6067 852 6161 Gnoyinsczi
879 6070 1014 6142 nobiles
1040 6069 1084 6141 de
1102 6069 1207 6141 armis
1234 6066 1535 6156 Cancroram,
1564 6066 1622 6156 qni
1641 6068 1722 6136 sum
1739 6062 1850 6135 eccle-
