4200 8342
260 1630 307 1703 la

256 1839 433 1928 tabernae,
459 1835 542 1907 item
569 1831 796 1925 hortulaniae,
824 1832 867 1905 de
893 1833 1018 1925 quibus
1045 1831 1204 1905 omnibus
1229 1829 1378 1905 solvitur
1395 1835 1432 1904 et
1450 1828 1658 1903 conducitur
1675 1827 1805 1900 decima

260 1958 484 2048 manipularis
511 1963 547 2029 et
573 1956 766 2048 canapalis3
793 1955 961 2027 medietas
980 1960 1095 2029 autem
1114 1954 1183 2025 alia
1201 1954 1304 2026 uillae
1322 1953 1475 2045 pertinet
1492 1953 1536 2024 ad
1555 1948 1807 2027 Gozdzecz·

257 2080 337 2171 sky
365 2079 408 2150 de
435 2078 536 2150 domo
562 2077 759 2168 Dolywa
794 2077 884 2149 Item
909 2081 964 2148 est
989 2077 1039 2148 ibi
1065 2074 1246 2166 praedium
1274 2074 1492 2167 coenobiale,
1518 2075 1604 2145 itero
1628 2072 1806 2165 praedium

254 2200 423 2290 militare3
449 2201 533 2271 item
559 2199 602 2271 de
629 2199 788 2271 omnibus
815 2199 909 2288 agris
937 2197 1210 2270 cmethonalihus
1227 2197 1377 2270 solvitur
1394 2200 1431 2268 et
1446 2195 1654 2268 conducitur
1674 2194 1803 2266 decima

261 2320 487 2413 manipularis
514 2324 550 2391 et
576 2320 760 2410 canapalis.
775 2374 783 2388 .
801 2374 809 2390 .
828 2373 836 2389 .

364 2441 499 2530 Suoon,
525 2439 611 2512 nilla
637 2441 701 2512 sub
727 2439 894 2530 parochia
919 2438 1085 2511 ecclesiae
1112 2438 1155 2510 de
1182 2438 1468 2530 Andraeyou
1494 2436 1574 2528 sita,
1600 2437 1701 2508 cuius
1726 2456 1804 2526 pro·

255 2564 386 2655 prietas
412 2562 457 2632 ad
483 2560 728 2632 monasterium
754 2558 1033 2631 Andrzeoviense
1060 2560 1221 2651 pertinet,¹
1248 2560 1284 2630 in
1303 2580 1372 2650 qua
1389 2563 1471 2630 sunt
1494 2557 1803 2630 laneicmethona·

256 2684 318 2774 les,
345 2684 429 2754 item
440 2756 443 2765 ,
455 2682 629 2771 tabernae,
656 2683 740 2752 item
756 2680 986 2770 hortulaniae,
1003 2679 1047 2752 de
1066 2681 1191 2771 quibus
1209 2680 1368 2754 omnibus
1386 2664 1539 2773 solvitur}
1551 2666 1809 2785 annotantur

258 2797 392 2876 decima
427 2802 651 2893 manipularis
686 2807 721 2873 et
746 2802 921 2892 canapalis
947 2822 1011 2891 pro
1038 2802 1249 2875 monasterio
1277 2798 1685 2892 Andrzeovientl,²'c11ius
1699 2799 1808 2871 ¹valor

260 2926 464 2996 aestimatur
490 2924 535 2995 ad
562 2978 570 2993 .
597 2978 604 2994 .
631 2946 658 3012 .’;
684 2923 768 2996 item
795 2921 974 3013 praedium
1000 2922 1060 2995 ibi.
1620 2988 1623 2993 .

361 3045 581 3134 Panaenum,
608 3043 690 3115 villa
716 3045 780 3116 sub
806 3044 972 3135 parochia
999 3043 1041 3115 16
1068 3043 1356 3136 Andrzeyom
1382 3044 1461 3134 sita,
1487 3043 1585 3115 cuius
1611 3043 1808 3133 proprietas

257 3168 302 3238 ad
327 3166 574 3240 monasterium
602 3164 884 3239 Andrzeoviense
910 3165 1072 3256 pertinet,
1099 3165 1135 3235 in
1162 3187 1231 3255 qua
1257 3168 1338 3241 sunt
1355 3165 1446 3236 lanei
1458 3134 1709 3254 'cmethonales
1727 3164 1809 3261 item

258 3287 456 3376 hortulani,
482 3287 565 3357 item
599 3286 763 3374 taberna,
780 3284 833 3356 -de
870 3285 994 3375 quibus
1022 3285 1180 3357 omnibus
1208 3285 1357 3357 solvitur
1382 3290 1419 3357 61
1445 3284 1650 3358 conducitur
1674 3265 1809 3357 decima

260 3406 485 3497 manipularis
512 3412 549 3479 et
574 3405 748 3497 canapalis
783 3406 991 3478 monasterio
1018 3405 1372 3517 dodrzeoviensi,-ot
1397 3405 1497 3479 valor
1521 3406 1597 3477 eius
1624 3404 1670 3478 ad
1696 3461 1706 3477 .
1731 3461 1740 3476 .
1766 3460 1809 3477 ..

260 3549 395 3600 marcas
423 3526 647 3616 aestimatur3
674 3526 756 3596 item
783 3526 832 3597 ibi
858 3526 1046 3616 praedium.
1093 3518 1101 3527 ”
1701 3536 1703 3541 ·

365 3647 564 3738 Cznczow,
591 3646 674 3718 villa
711 3647 774 3718 sub
811 3647 977 3737 parochia
1012 3647 1177 3720 ecclesiae
1212 3647 1255 3719 de
1291 3646 1577 3740 Andrzeyow
1602 3648 1683 3739 situ,
1711 3651 1806 3720 66166

258 3767 528 3861 6666616166,.-61
554 3767 801 3840 monasterium
830 3767 1112 3841 Andrzeoviense
1136 3769 1308 3859 pertinet,
1335 3771 1370 3840 in
1398 3789 1467 3859 qua
1492 3768 1589 3841 lanei
1610 3770 1808 3841 cmethoua-

256 3890 317 3980 les,
342 3890 427 3961 item
452 3888 638 3979 hortulani,
665 3889 761 3961 item-
774 3888 950 3980 tabernae,
977 3888 1020 3960 de
1047 3888 1172 3980 quibus
1198 3889 1357 3961 omnibus
1384 3889 1532 3962 solvitur
1549 3894 1586 3961 et
1603 3889 1806 3961 conducitur

258 4011 391 4082 decima
418 4010 645 4102 manipularis
672 4015 709 4082 61
735 4010 911 4100 canapalis
928 4031 993 4101 pro
1011 4011 1223 4084 monasterio
1241 4010 1535 4141 Andrzeouipnsm
1548 4035 1551 4042 ·
1562 4016 1598 4083 et
1615 4011 1716 4084 valor
1731 4013 1806 4083 eius

258 4134 461 4205 aestimatur
488 4132 533 4204 ad
560 4186 568 4203 .
594 4186 602 4202 .
628 4155 653 4223 .;
679 4132 762 4203 item
789 4131 998 4223 praedium?

360 4254 620 4342 Vronnuunoz,
646 4252 730 4343 nilla
755 4253 819 4324 sub
846 4253 1011 4344 parochia
1029 4253 1072 4324 de
1091 4252 1371 4346 Andrzeyow
1397 4254 1475 4345 sita,
1494 4254 1591 4325 cuius
1608 4255 1805 4346 proprietas

258 4373 301 4444 ad
328 4373 573 4444 monasterium
600 4371 881 4445 Andrzeoviense
908 4375 1069 4464 pertinet,
1096 4375 1131 4446 in
1160 4396 1228 4466 qua
1254 4353 1704 4467 666116661666611666166,
1722 4377 1805 4446 item

258 4493 444 4584 hortulani,
472 4494 555 4564 item
580 4493 765 4585 tabernae,
792 4493 835 4564 de
862 4495 986 4584 quibus
1014 4495 1173 4567 omnibus
1205 4495 1416 4569 solvitur-et
1442 4495 1647 4572 conducitur
1672 4494 1810 4571 1661161Ι

257 4613 482 4704 manipularis
517 4619 553 4686 61
580 4613 753 4703 canapalis
789 4615 999 4687 monastario
1032 4614 1326 4709 Andrzeovie'nsi,
1353 4617 1451 4690 cuius
1477 4618 1575 4689 valor
1601 4618 1805 4690 aestimatur

258 4735 302 4806 ao
329 4790 336 4806 .
364 4789 372 4805 .
399 4757 426 4824 .;
452 4735 535 4829 nem
561 4734 751 4825 praecium.
965 4833 968 4837 ⁸
1191 4740 1195 4749 ·
1617 4709 1649 4761 ’“

360 4855 554 4947 Lasznow,
582 4855 666 4927 villa
691 4856 755 4927 sub
768 4876 771 4883 ’
782 4857 947 4946 parochia
965 4856 1130 4929 ecclesiae
1148 4857 1191 4929 de
1209 4857 1361 4931 Andrz
1372 4879 1497 4950 eyow
1513 4861 1591 4951 sita,
1610 4861 1709 4932 cuius
1726 4881 1806 4951 pro·

257 4978 388 5067 prietas
415 4977 458 5048 ad
485 4975 680 5068 praefatum
707 4978 955 5050 monasterium
981 4978 1262 5050 Andrzeoviense
1288 4982 1449 5073 pertinet,
1477 4982 1512 5053 16
1540 5002 1609 5072 qua
1632 4986 1807 5053 6666661

257 5098 348 5168 16661
376 5097 716 5188 cmethonales,sed
746 5097 993 5170 monasterium
1020 5106 1165 5190 propter
1191 5102 1486 5192 propinquitatem
1512 5102 1579 5173 loci
1606 5108 1642 5174 61
1668 5104 1806 5175 uberta·

257 5223 328 5289 tem
355 5221 525 5307 agrorum,
553 5218 719 5308 depositis
747 5221 994 5311 cmethonibus,
1021 5241 1140 5292 omnes
1167 5242 1271 5310 agros
1297 5223 1401 5294 villae
1426 5223 1605 5314 praefatae
1640 5225 1677 5295 in
1704 5245 1803 5314 prae·

258 5337 353 5408 dium
380 5343 417 5409 et
442 5339 629 5428 grangiam¹
650 5338 795 5429 redegit,
822 5341 858 5410 in
885 5340 944 5411 illo
972 5362 1108 5431 quoque
1134 5343 1277 5432 praedio
1304 5342 1465 5416 foventur
1481 5345 1590 5416 multa
1607 5365 1743 5436 pecora
1761 5345 1806 5416 cd

257 5479 339 5529 6666
366 5443 567 5531 monasterii
594 5461 799 5550 necessaria,
829 5460 871 5531 de
897 5463 992 5550 agris
1019 5463 1109 5534 enim
1135 5463 1270 5554 praedii
1297 5465 1450 5536 eiusdem
1478 5487 1546 5539 non
1574 5467 1679 5539 solvit
1705 5466 1807 5538 alicui

257 5580 436 5670 decimam,
463 5579 523 5651 661
551 5600 627 5651 eam
651 5601 717 5670 pro
745 5601 782 5682 66
808 5580 901 5652 161111
926 5588 963 5653 61
988 5583 1025 5654 16
1052 5584 1218 5656 horreum
1246 5607 1344 5657 suum
1373 5586 1514 5659 inducit
1625 5603 1627 5607 ’
1871 5572 1873 5576 ’

982 5700 1098 5776 (16166.

359 5822 461 5914 Villa,
488 5845 576 5915 quae
602 5824 709 5897 habet
736 5822 915 5895 ecclesiam
942 5824 1091 5915 ligneam
1120 5881 1127 5897 .
1155 5882 1162 5898 .
1189 5882 1197 5898 .
1303 5840 1306 5845 ·

933 5944 1133 6018 Wonrozn.

359 6305 463 6398 Villa,
492 6326 579 6399 quae
605 6308 713 6380 habet
739 6310 918 6382 eeclesiam
945 6310 1104 6402 ligneam,
1133 6315 1167 6383 in
1194 6314 1360 6385 honorem
1379 6313 1532 6385 Sanctae
1559 6313 1806 6406 Margarethae

262 6429 407 6518 virginis
422 6429 593 6519 dicatam,
621 6429 718 6500 cuius
744 6430 868 6502 haeres
896 6440 983 6503 est.
1011 6490 1019 6503 .
1047 6489 1054 6504 .
1838 6435 1842 6445 '
