4200 8342
348 1642 423 1717 384

349 1869 452 1941 agros
478 1845 671 1940 praedIales
708 1844 824 1918 domui
852 1845 1051 1935 contignos,
1094 1844 1179 1916 item
1205 1844 1311 1917 habet
1345 1844 1546 1935 tabernam,
1585 1844 1773 1917 habentem
1800 1866 1894 1936 agr—
1916 1886 1955 1943 q,

349 1992 414 2062 pro
442 1990 506 2043 sua
531 1967 756 2059 proprietate,
786 1986 873 2058 quac
901 1966 1005 2038 solet
1030 1986 1095 2056 pro
1119 1986 1225 2038 censu
1251 1966 1415 2038 ecclesiae
1434 1972 1470 2038 et
1487 1966 1635 2057 plebano
1651 1966 1743 2039 duas
1760 1988 1943 2061 marra,

453 2088 665 2161 Mnonzowr
691 2087 833 2178 Maron,
859 2087 942 2159 villa
978 2087 1042 2159 sub
1074 2087 1240 2177 parochia
1275 2086 1318 2159 de
1344 2087 1520 2161 Minori
1547 2086 1800 2161 Mlodzowi
1825 2090 1929 2197 εἰη

354 2213 453 2285 cuius
471 2211 596 2284 haeres
613 2209 792 2283 Johannes
819 2208 863 2281 dc
888 2208 1234 2300 Knroszwanlry
1261 2208 1304 2281 de
1331 2209 1432 2282 domo
1459 2209 1645 2283 Boszae.
1671 2209 1714 2280 In
1733 2230 1803 2302 qua
1823 2230 1926 2291 sume

348 2333 507 2407 undecim
534 2353 612 2405 curn
639 2332 751 2404 medio
777 2331 869 2403 lanei
896 2330 1138 2421 cmetbonales,
1164 2332 1249 2404 item
1274 2332 1423 2404 taberna
1440 2351 1509 2404 una
1527 2331 1659 2403 hebens
1677 2351 1793 2421 agros,
1819 2333 1909 2407 item

348 2456 439 2528 duae
465 2453 685 2527 hortulaniac
720 2452 887 2524 babentes
914 2471 1019 2542 agros
1054 2452 1305 2542 cmetbonales,
1344 2451 1539 2543 dequibus
1567 2451 1729 2525 omnibns
1756 2448 1933 2527 solvito(

356 2581 393 2648 et
418 2575 622 2648 conducitur
657 2573 790 2646 decima
823 2572 1049 2664 manipularis
1085 2578 1122 2646 et
1152 2572 1328 2665 canapalis
1362 2594 1426 2664 pro
1462 2572 1662 2663 praebenda
1697 2571 1884 2667 Keleaiensi,
1963 2562 1996 2703 ‘3

350 2718 440 2789 quae
466 2696 595 2770 dicitur
621 2694 914 2786 Sydlowyeczska,
941 2699 978 2766 et
995 2695 1094 2766 valor
1119 2697 1195 2793 eius
1213 2695 1418 2768 aestimatur
1435 2694 1617 2768 addacem
1643 2714 1790 2767 marcas.
1815 2694 1887 2767 lten
1994 2780 1995 2785 Ν

349 2825 404 2891 est
437 2819 487 2891 ibi
514 2817 695 2909 praedium
720 2816 859 2890 unicum
894 2816 1063 2906 militare,
1099 2822 1136 2889 ot
1161 2817 1251 2890 dnae
1277 2816 1505 2906 hortulanIae,
1532 2816 1703 2889 babentes
1730 2836 1834 2908 agros
1856 2838 1892 2889 eu

347 2939 502 3032 praedio,
528 2938 573 3010 de
599 2939 723 3029 quibus
750 2938 897 3010 solvitur
924 2937 1057 3010 decima
1083 2938 1309 3029 manipularis
1336 2958 1399 3029 pro
1417 2937 1564 3010 ecclesia
1583 2936 1707 3011 Sancti
1723 2938 1896 3011 humenti

348 3062 384 3133 in
411 3060 676 3149 Micbalow‚
704 3058 801 3132 cuins
828 3060 926 3133 valor
953 3059 998 3131 ad
1024 3080 1128 3131 unam
1155 3079 1305 3139 marcam
1332 3060 1544 3132 aestimatur.

453 3183 672 3271 Brnuczow,
698 3181 781 3253 villa
807 3182 872 3253 sub
899 3181 1063 3271 parochia
1089 3181 1255 3253 ccclesiae
1281 3181 1325 3253 dc
1352 3179 1521 3253 Ghotel
1548 3181 1624 3271 sita,
1651 3180 1753 3253 cuius
1782 3181 1900 3253 haeres

348 3305 526 3377 lohannes
553 3300 785 3393 Obulyecz
812 3301 855 3373 dc
882 3301 983 3374 domo
1010 3300 1331 3375 Odrowanscb
1357 3302 1398 3372 In
1426 3306 1774 3393 quasuntsoxcum
1792 3301 1902 3373 medio

353 3425 445 3496 lanei
472 3425 722 3514 emethonales,
749 3425 831 3496 item
857 3444 928 3495 una
953 3423 1102 3496 taberna
1126 3423 1259 3496 habens
1274 3444 1398 3515 ,agros
1427 3423 1470 3496 de
1497 3423 1621 3514 quibus
1648 3422 1813 3496 omnibus
1839 3422 1905 3495 sol·

350 3549 446 3620 uitur
473 3550 509 3619 et
534 3546 738 3619 conducitur
765 3545 898 3617 decima
923 3545 1150 3635 manipularis
1167 3551 1204 3619 et
1218 3546 1393 3637 canapalis
1419 3566 1483 3636 pro
1510 3545 1669 3617 custodia
1696 3543 1905 3635 Visliaiensi

352 3674 389 3740 et
414 3669 513 3741 valor
540 3669 615 3740 eius
642 3666 847 3741 aestImatur
873 3666 917 3738 ad
945 3685 1005 3738 sex
1031 3687 1175 3739 marcas.
1215 3668 1303 3740 Item
1329 3667 1366 3739 in
1394 3666 1514 3739 eadem
1540 3686 1610 3739 nou
1637 3672 1721 3738 sunt
1748 3666 1906 3739 hortula-

353 3791 440 3860 niae.
467 3789 553 3862 Item
581 3788 618 3861 in
644 3788 763 3861 eadem
790 3788 874 3860 villa
900 3792 955 3860 est
979 3788 1161 3876 praedium
1187 3789 1346 3879 militare,
1374 3788 1416 3861 do
1435 3788 1533 3861 cuius
1559 3788 1654 3879 agris
1680 3787 1820 3861 decima
1846 3788 1905 3859 ab·

351 3915 483 3983 straeta
517 3915 572 3984 est
602 3910 646 3982 ab
673 3910 818 3982 eeclesia
852 3911 888 3981 in
923 3908 1109 4000 Ghotol,
1149 3910 1193 3983 ad
1230 3931 1333 4001 qnam
1368 3911 1550 4001 spectabat
1583 3915 1621 3982 et
1655 3914 1796 4000 spectat
1831 3910 1904 3981 iure

349 4033 551 4123 parochiali,
579 4038 615 4105 et
642 4032 790 4104 solvitur
816 4033 981 4115 ecclesiae
1007 4034 1044 4105 in
1071 4032 1111 4105 M
1118 4032 1314 4106 iehalow
1346 4052 1410 4123 per
1436 4032 1708 4123 usurpationem,
1735 4036 1776 4105 et
1802 4030 1904 4105 datur

351 4176 440 4227 unus
465 4154 555 4227 forto
581 4175 645 4245 pro
672 4175 723 4227 ea.

449 4275 576 4365 LIPNO‚
591 4276 673 4347 villa
691 4277 754 4348 sub
774 4274 939 4367 parochia
956 4274 1121 4348 ecclesiae
1136 4276 1179 4347 de
1181 4328 1226 4346 .....
1244 4276 1321 4349 alta.
1347 4276 1388 4347 ln
1406 4296 1475 4366 qna
1494 4279 1576 4347 sunt
1591 4275 1683 4347 lanei
1701 4276 1901 4348 emethona·
1972 4328 1996 4343 .

348 4399 417 4485 les,
445 4397 527 4468 item
555 4397 702 4469 taberna
720 4451 834 4487 .....
859 4398 944 4469 item
970 4396 1147 4469 hortulani
1166 4416 1173 4467 .·
1191 4452 1199 4468 .
1218 4452 1253 4487 .,
1281 4397 1324 4470 de
1351 4397 1475 4488 quibus
1502 4397 1661 4469 omnibus
1689 4397 1842 4471 solvitur
1867 4402 1902 4469 et
1953 4412 1996 4479 ,1

351 4516 554 4589 conducitur
589 4516 723 4588 decima
757 4517 982 4608 manipularis
1009 4523 1045 4588 ot
1072 4517 1248 4608 canapalis
1282 4538 1346 4609 pro
1382 4517 1528 4590 eeclesia
1562 4518 1599 4589 in
1638 4518 1901 4607 Micbalow‚
1939 4578 1974 4615 ε

347 4645 385 4713 et
411 4640 509 4712 valor
535 4639 609 4711 eius
637 4640 842 4711 aestimatur
869 4639 913 4710 ad
941 4638 1092 4729 quinque
1118 4660 1262 4730 marcas,
1289 4640 1372 4713 item
1398 4639 1591 4732 praedium.

450 4761 565 4834 Villae
592 4762 824 4853 parochiales:
851 4761 1097 4833 Micbalow
1115 4814 1229 4832 .....

935 4883 1150 4957 Mnonzowr
1176 4883 1314 4956 Mruon.

449 5006 544 5078 Villa
569 5006 703 5079 habens
729 5005 962 5098 parochialem
989 5006 1169 5079 eeclesiam
1195 5007 1232 5077 iu
1259 5026 1306 5096 se,
1333 5004 1440 5077 Sanot
1458 5056 1568 5075 .....
1596 5002 1770 5094 dicatam,
1789 5006 1996 5077 enims

346 5129 515 5199 haeredes
540 5128 720 5201 lohannes
746 5133 783 5199 et
808 5127 1000 5200 Stanislaus
1026 5128 1070 5200 de
1098 5129 1203 5200 armis
1230 5126 1536 5217 Bippennium
1560 5129 1596 5197 et
1620 5124 1728 5197 iidem
1756 5126 1996 5217 patroni-„³

346 5250 386 5318 In
414 5270 483 5338 qua
509 5254 590 5321 sunt
616 5250 683 5320 duo
711 5250 802 5321 lanei
829 5249 1072 5339 emethonales,
1099 5250 1287 5340 dequibus
1314 5249 1463 5321 solvitur
1479 5252 1516 5319 et
1534 5247 1741 5319 conducitur
1768 5246 1991 5321 decima-

348 5369 574 5458 manipularis
609 5375 647 5441 et
681 5371 862 5460 canapabs
892 5392 955 5461 pro
991 5371 1191 5463 praebenda
1224 5370 1439 5459 Kolcziensi,
1478 5388 1567 5459 quae
1601 5373 1749 5441 vocatur
1793 5368 1985 5442 Sidlo--

346 5490 535 5579 wycczslra,
562 5495 599 5561 et
616 5491 714 5562 valon
741 5491 816 5562 eius
842 5493 1045 5565 aestimatur
1073 5492 1117 5564 ad
1143 5492 1230 5565 duas
1256 5510 1400 5565 marcas.
1427 5490 1514 5562 Item
1541 5494 1623 5563 snnt
1645 5490 1696 5562 ibi
1723 5494 1799 5562 tres
1827 5511 1977 5564 eumz

347 5610 462 5683 medio
489 5610 589 5700 leuel,
616 5613 699 5684 item
728 5618 809 5685 sunt
836 5613 884 5685 ibi
902 5614 962 5685 alii
990 5620 1063 5686 tres
1086 5635 1163 5686 cum
1191 5613 1303 5686 medio
1330 5612 1422 5685 lanei
1448 5611 1693 5701 cmethonales,
1721 5611 1808 5684 item
1826 5606 1974 5704 agri

348 5733 572 5805 tabernarum
591 5739 627 5805 ct
645 5733 935 5826 hortulaniarum,
962 5735 1045 5808 item
1072 5734 1252 5826 praedium
1271 5755 1377 5807 unum
1400 5732 1558 5822 militare,
1585 5730 1682 5805 etde
1700 5730 1774 5804 illis
1793 5734 1909 5805 omni-

346 5856 411 5928 bns
437 5855 584 5929 solvitur
610 5861 647 5928 ct
674 5854 881 5928 conducitur
915 5857 1049 5929 decima
1075 5856 1299 5948 manipularIs
1326 5860 1363 5929 et
1389 5854 1565 5946 canapalis
1600 5873 1665 5945 pro
1692 5852 1845 5927 eeclesia
1871 5864 1922 5928 et

345 5978 492 6067 plebano
519 5978 555 6049 iu
583 5978 849 6067 Mlodzowi,
876 5983 912 6050 et
938 5978 1037 6051 valor
1063 5980 1137 6052 cius
1164 5979 1368 6051 aestimatur
1394 5975 1439 6049 ad
1466 5977 1616 6068 quinque
1637 5994 1786 6049 marcas
1815 5976 1922 6051 Item

348 6099 456 6171 habet
481 6120 603 6190 agrum
629 6120 693 6190 pro
720 6100 863 6189 praedio
891 6122 954 6172 sno
980 6102 1166 6192 plebanus,
1207 6101 1335 6175 bonum
1362 6105 1399 6173 et
1424 6096 1647 6188 foecundum,
1683 6097 1746 6188 qui
1773 6097 1912 6172 dialtnr

344 6220 525 6293 Valana
551 6219 691 6312 Gora,
717 6242 788 6293 una
810 6242 887 6294 cum
904 6223 1023 6312 pratis.
1049 6223 1139 6295 Item
1156 6222 1264 6296 babet
1290 6221 1471 6295 tabernam
1497 6219 1686 6312 propriam,
1711 6218 1914 6295 habentem

345 6363 457 6435 agros,
485 6363 572 6435 quae
598 6343 703 6417 solvit
729 6342 781 6414 illi
807 6363 870 6434 pro
898 6365 1003 6417 censu
1024 6364 1144 6451 ¹annuo
1163 6399 1277 6415 .....
1696 6362 1700 6371 ·

445 6467 663 6557 Bnnmczrn,
690 6464 774 6538 villa
801 6468 865 6540 sub
892 6467 1059 6558 parochia
1084 6466 1129 6569 do
1156 6465 1403 6543 Mlodzowi
1428 6450 1605 6537 Minori
1639 6463 1718 6537 sita
1766 6464 1810 6537 ln
1836 6485 1907 6559 qua

344 6593 425 6661 sunt
450 6588 543 6667 lanei
569 6590 814 6685 cmetbonales,
840 6591 924 6667 item
950 6592 1127 6685 tabernae,
1154 6590 1238 6665 item
1264 6589 1493 6683 hortulaniae,
1520 6584 1715 6683 dequibus
1743 6588 1905 6679 omnibus
