4200 8342
1508 1766 1511 1773 .
1637 1668 1710 1745 aaa

175 1868 206 1951 u'
233 1876 492 1951 serenissimum
527 1874 692 1950 Poloniae
727 1895 843 1968 rogem
875 1874 1036 1967 pertinet.
1072 1873 1111 1947 ln
1140 1897 1208 1967 qua
1235 1882 1317 1947 suut
1343 1882 1415 1948 tres
1441 1876 1533 1948 lanei
1560 1879 1713 1950 cmetho-

175 1999 270 2090 iales,
297 2000 492 2089 dequibus
518 1999 666 2071 solvitur
693 1999 825 2069 decima
858 1998 1046 2087 pecunialis
1073 1998 1267 2087 perunum
1294 1997 1462 2069 fertonem
1490 1997 1534 2069 de
1561 2000 1715 2089 quolibet

175 2138 274 2215 queo,
300 2120 467 2192 ecclesiae
493 2124 530 2190 et
555 2118 702 2209 plebano
717 2121 766 2189 ‘iu
792 2119 1000 2209 Zrzanczyn
1027 2122 1064 2189 et
1088 2118 1297 2209 proveniunt
1323 2124 1396 2191 tres
1422 2119 1585 2192 fertones.

268 2240 524 2332 anrszczum
551 2241 635 2313 villa
661 2241 725 2312 sub
752 2240 918 2329 parocbia
944 2234 1036 2309 da'J
1046 2239 1172 2310 asael
1200 2241 1286 2330 sita,
1322 2240 1419 2311 euius
1446 2241 1643 2330 proprietas
1671 2237 1715 2310 ad

175 2360 425 2432 serenissimum
445 2361 609 2434 Poloniae
627 2380 742 2451 regem
762 2361 922 2451 pertinet.
940 2360 979 2429 Iu
995 2380 1064 2450 qua
1081 2365 1162 2430 aurit
1175 2360 1266 2430 lanei
1281 2359 1521 2450 emethonales‚
1540 2359 1715 2449 dequibus

175 2474 315 2567 olqit‘ur
339 2482 528 2572 pecunialis
564 2482 714 2571 decima,
750 2481 792 2552 de
820 2482 973 2572 quolibet
998 2481 1099 2552 laneo
1126 2499 1319 2570 perunum
1355 2479 1524 2552 lemanem
1551 2479 1715 2551 ecclesiae

175 2598 516 2693 n-Zrzanczyn3
551 2603 633 2673 item
660 2606 715 2672 est
740 2601 789 2673 ibi
818 2601 978 2672 scoltetia
1005 2600 1136 2671 habens
1162 2599 1249 2671 duos
1275 2600 1403 2691 laneos,
1431 2601 1474 2672 de
1502 2600 1628 2693 quibus
1655 2599 1715 2669 de·

175 2718 315 2793 amatur
341 2722 507 2794 ecclesiae
532 2724 569 2793 in
595 2722 619 2794 J
627 2743 704 2794 aaz
712 2722 786 2814 yel
813 2722 1003 2813 manipulo,
1031 2728 1067 2792 et
1094 2721 1240 2812 quilibet
1265 2723 1401 2793 cmetlro
1420 2723 1463 2794 de
1480 2722 1581 2793 laneo
1609 2740 1715 2793 unum

175 2840 310 2913 :horum
334 2842 492 2934 siliginis.
519 2898 553 2914 ..
572 2899 606 2915 ..
1596 2852 1600 2865 '

269 2961 508 3054 ursanum,
534 2964 618 3036 villa
643 2964 707 3035 sub
734 2963 899 3055 parochia
929 2962 972 3034 do
1007 2940 1165 3034 Ja'szel
1201 2963 1287 3053 sita,
1322 2962 1419 3033 cuias
1446 2962 1643 3053 proprietas
1670 2959 1717 3032 ad

175 3084 424 3155 serenissimum
440 3173 443 3183 Ι
459 3084 624 3158 Poloniae
659 3106 776 3176 rogem
811 3085 972 3176 pertinet.
1007 3084 1048 3153 In
1076 3104 1144 3175 qua
1169 3090 1250 3155 suut
1275 3084 1368 3154 lanei
1394 3082 1645 3172 emethonales‚
1672 3083 1716 3155 de

175 3204 292 3293 quibus
318 3206 478 3277 omuibus
504 3206 652 3278 solvitur
678 3214 714 3278 et
741 3206 943 3277 conducitur
970 3205 1103 3275 decima
1138 3205 1362 3294 manipularis
1389 3209 1425 3275 et
1451 3205 1627 3294 canapalis
1653 3223 1717 3295 pro

175 3322 314 3403 ecclesia
339 3332 376 3397 et
401 3326 475 3397 eius
501 3327 648 3417 plebano
676 3327 710 3397 in
737 3326 945 3416 Zrzauczyu
972 3333 1009 3396 et
1027 3325 1125 3397 valor
1143 3325 1217 3395 eius
1244 3326 1448 3396 aestimatur
1475 3324 1520 3395 ad
1538 3379 1546 3393 .
1565 3378 1599 3393 ..
1630 3324 1715 3394 item

175 3448 219 3515 est
245 3445 295 3517 ibi
323 3446 484 3518 scoltetia
502 3448 640 3519 habens
667 3447 754 3519 duos
781 3446 908 3536 laneca,
936 3446 979 3516 de
1007 3447 1132 3536 quibus
1159 3445 1292 3516 decima
1318 3444 1544 3536 manipularis
1571 3444 1720 3516 solvitur

175 3562 334 3636 acclesiae
370 3566 405 3637 in
441 3566 647 3657 Jaszyel:
683 3569 765 3638 item
802 3567 948 3656 quilibet
992 3567 1128 3639 cmetho
1164 3566 1208 3637 de
1243 3565 1343 3637 laneo
1379 3572 1521 3638 leuetur
1556 3565 1719 3649 ecclesiae

175 3684 302 3757 solvere
330 3706 435 3758 unam
462 3687 605 3759 chorum
632 3688 780 3779 siliginis
806 3688 843 3758 in
870 3687 1072 3779 Jaszyel.
1699 3700 1701 3705 '

271 3804 454 3898 Gomara,
480 3808 563 3879 villa
588 3810 653 3880 sub
679 3809 846 3901 parochia
871 3807 1037 3880 ecclesiae
1064 3809 1107 3879 de
1134 3807 1157 3879 J
1163 3808 1275 3879 aszel
1303 3807 1388 3895 sita,
1426 3807 1523 3877 cuius
1550 3798 1720 3879 haeredes

175 3924 363 3998 ltabislaus
389 3934 425 3998 et
451 3926 622 4018 Georgius
647 3929 805 4018 germani
833 3929 876 3999 de
903 3928 1009 3999 armis
1028 3982 1142 3997 .....
1179 3927 1219 3998 Iu
1247 3946 1315 4017 qua
1341 3933 1422 3997 sunt
1448 3926 1539 3997 lanei
1567 3918 1720 3997 cmetbo·

175 4046 281 4137 mles,
309 4048 392 4118 item
429 4049 609 4139 praedium
644 4050 813 4139 militare,
849 4049 1044 4139 dequibus
1080 4048 1238 4120 omnibus
1274 4047 1420 4119 solvitur
1455 4050 1492 4119 et
1517 4045 1722 4118 conducitur

175 4166 303 4239 lecima
328 4169 554 4258 manipularis
571 4176 608 4241 et
625 4171 800 4260 canapalis
828 4190 892 4260 pro
918 4170 1064 4241 ecclesia
1090 4170 1125 4239 in
1152 4167 1431 4258 Zrzanczyno‚
1458 4172 1495 4238 et
1521 4166 1619 4238 valor
1645 4167 1720 4237 cius

175 4288 376 4360 estimatur
401 4291 445 4361 ad
465 4344 597 4381 ......
633 4293 715 4362 item
742 4295 797 4362 est
823 4291 871 4361 ibi
898 4290 992 4362 aliud
1028 4289 1210 4380 praedium
1246 4288 1414 4377 militare,
1450 4287 1493 4357 de
1520 4308 1588 4379 quo
1615 4292 1651 4357 et
1678 4283 1721 4356 de

175 4408 343 4501 liquibus
369 4411 463 4500 agris
490 4411 774 4503 amecbonalibus,
801 4411 905 4482 datur
932 4411 1065 4482 decima
1090 4410 1316 4501 manipularis
1335 4407 1499 4479 ecclesiae
1517 4406 1553 4477 in
1571 4406 1594 4478 J
1600 4406 1722 4494 asael,

175 4536 200 4603 rt*
227 4531 333 4603 valor
367 4531 513 4603 eiusad
532 4586 646 4603 .....
672 4553 807 4604 marcas
843 4533 1067 4624 aestimatur,
1102 4533 1185 4603 item
1214 4531 1360 4621 quilibet
1386 4514 1532 4601 cmetho¹
1550 4528 1593 4600 de
1620 4528 1720 4599 laneo

175 4652 258 4725 olet
284 4652 452 4726 eeclesiae
478 4653 522 4728 de
548 4652 707 4725 Jaszel
734 4655 869 4726 solvere
896 4675 1000 4725 unum
1028 4654 1172 4726 chorum
1199 4651 1356 4742 siliginis.

273 4771 494 4865 &aarum
530 4775 613 4845 villa
647 4775 778 4846 habens
813 4775 994 4846 ecclesiam
1029 4773 1261 4864 parochialem
1296 4773 1330 4842 iu
1358 4790 1396 4841 se
1423 4770 1589 4859 ligneam,
1626 4768 1723 4837 cuius

175 4914 367 4967 meam
385 4893 907 4987 dedomoWyberschtou.
933 4896 1057 4988 Inqua
1074 4900 1155 4968 sunt
1180 4889 1529 4978 laueiomethouales‚
1556 4888 1639 4958 item
1666 4891 1720 4956 ta-

175 5026 319 5107 lemne,
345 5018 429 5089 item
455 5017 683 5108 hortulaniae,
711 5017 897 5107 dequibus
924 5016 1092 5107 omuibus,
1119 5015 1267 5088 solvitur
1293 5018 1330 5083 et
1356 5008 1572 5081 conducitur
1589 5007 1724 5078 decima

175 5118 398 5228 nanipularis
424 5143 461 5209 et
487 5139 660 5230 canapalis
688 5138 853 5211 ccclesiae
881 5139 915 5208 in
943 5136 1198 5227 Zrzanczyn²
1229 5140 1266 5206 et
1292 5130 1391 5205 valor
1417 5129 1491 5201 eius
1518 5123 1723 5200 aestimatur

175 5258 212 5331 td
232 5312 351 5328 .....
355 5281 371 5347 ,3
405 5259 492 5330 item
518 5265 573 5330 est
599 5258 647 5329 ibi
672 5259 851 5350 praedium
879 5258 1077 5349 antiquum,
1104 5256 1147 5329 de
1174 5256 1271 5326 cuius
1298 5253 1392 5343 agris
1419 5250 1565 5323 solvitur
1592 5248 1725 5320 decima

175 5377 399 5470 manipularis
425 5378 590 5451 ecclesiae
617 5378 744 5450 ibidem
771 5380 807 5450 in
834 5378 1088 5469 Sehcbnya.

181 5538 191 5547 ·
276 5497 439 5592 lassas,
475 5502 639 5592 oppidum
674 5501 807 5573 habens
832 5501 869 5570 in
897 5520 935 5571 se
961 5498 1148 5572 ecclesiam·
1176 5494 1427 5588 parochialem,
1463 5491 1569 5565 Sanct
1587 5546 1617 5560 ..
1638 5544 1645 5559 .
1664 5545 1671 5558 .
1690 5532 1725 5559 ..-

175 5620 342 5712 beatam
376 5623 474 5695 caius
509 5622 633 5695 haeres
669 5620 910 5693 serenissimus
930 5602 1110 5690 ·Poloniae
1145 5638 1226 5707 rex,
1261 5617 1359 5691 cuius
1394 5614 1552 5687 consules
1588 5615 1624 5682 et
1650 5614 1725 5680 tota

175 5743 420 5834 communitas,
446 5744 546 5815 aunis
574 5742 718 5833 siugulis
745 5742 880 5814 solvere
906 5745 1045 5812 tenetur
1072 5739 1237 5810 ecclesiae
1265 5742 1301 5807 et
1326 5735 1475 5826 plebano
1488 5734 1535 5821 ,in
1563 5730 1725 5800 Zrzan-

175 5884 281 5955 czyn
308 5864 382 5935 tres
407 5862 571 5954 fertones
597 5863 733 5935 ratione
761 5861 974 5953 quorundam
1002 5880 1178 5951 agrorum,
1206 5859 1241 5927 in
1261 5857 1384 5947 quibus
1403 5850 1580 5945 civcsjpsi
1598 5848 1726 5918 habent

175 5966 305 6074 homos,
331 5984 368 6055 iu
392 5984 519 6077 quibu's
546 5986 726 6079 plantatur
751 5982 921 6074 humulus,
949 5982 1007 6072 qui
1035 5981 1109 6071 agri
1136 5977 1330 6049 reddebant
1356 5973 1521 6044 decimam
1548 5966 1725 6059 praelatae

175 6104 342 6177 acclesiae
365 6105 404 6176 in
430 6105 719 6195 Zrzanczyn,
746 6100 846 6197 quad
862 6112 925 6193 per
950 6099 1147 6173 huiusmodi
1179 6105 1253 6169 tres
1279 6094 1433 6164 fertones
1458 6095 1674 6181 repensatur.

277 6223 499 6316 Pomanus,
534 6226 617 6315 uilla
644 6226 707 6297 sub
738 6224 904 6315 parochio
930 6223 973 6294 de
992 6274 1132 6291 ......
1159 6218 1244 6308 sita,
1281 6216 1377 6285 cuius
1404 6214 1527 6284 haeres
1547 6263 1660 6280 .....
1687 6205 1728 6276 Iu

175 6340 241 6439 β
266 6350 351 6418 runt
374 6346 468 6418 lanei
503 6346 754 6435 cmethona'lc's‚
790 6346 874 6416 item
910 6344 1096 6431 tabernac,
1132 6339 1216 6409 item
1251 6335 1488 6424 hortulanus,
1525 6331 1568 6402 de
1604 6329 1729 6421 quihus

175 6466 334 6539 omnibus
360 6468 510 6540 soluitur
535 6472 572 6541 et
598 6466 802 6539 conducitur
828 6465 961 6536 decima
988 6460 1212 6552 manipularis
1240 6465 1276 6531 et
1303 6456 1481 6547 canapalis
1508 6450 1675 6523 ecclesiae
1693 6450 1729 6520 iu

175 6580 463 6679 Z'raancayn,
488 6588 577 6660 item·
598 6587 780 6678 praedium
806 6591 861 6659 cst
886 6586 952 6676 ibi,
980 6582 1024 6655 de
1050 6582 1147 6655 cuius
1176 6582 1270 6673 agris
1297 6578 1489 6695 deprimatur
1514 6591 1578 6664 pro
1598 6628 1606 6643 .
1625 6627 1633 6643 .
1652 6626 1686 6643 ..
