4200 8342
229 1577 311 1648 570-

227 1787 350 1856 haeres
376 1782 554 1854 Johannes
581 1780 624 1852 de
651 1783 757 1853 armis
783 1782 807 1854 J
815 1783 1147 1873 astrzamhczy.
1172 1783 1214 1854 In
1237 1803 1308 1873 qna
1327 1787 1409 1853 sunt
1424 1782 1518 1853 lanei
1536 1782 1779 1871 emethonales,

229 1907 311 1976 item
340 1924 444 1975 unum
471 1903 651 1993 praedium
668 1904 856 1993 militare,
884 1903 1079 1993 dequibus
1106 1904 1264 1976 omnibus
1291 1902 1436 1975 soluitur
1462 1903 1596 1975 decima
1622 1903 1780 1993 manipu-

230 2026 314 2097 laris
351 2045 415 2117 pro
450 2025 693 2115 monasterio,
717 2030 753 2096 et
787 2024 955 2102 tratribus
981 2024 1129 2097 Sanctae
1156 2024 1277 2098 Crucis
1303 2023 1436 2097 Calui
1460 2024 1654 2116 Montis,
1680 2024 1780 2098 cuius

110 2241 116 2252 ,
231 2148 328 2221 valor
353 2147 399 2219 ad
426 2153 576 2238 quatuor
602 2167 736 2219 marcas
763 2147 975 2218 aestimatur.
1106 2171 1108 2175 ·

334 2268 611 2358 Brnn1u1,·uillu
637 2269 702 2341 sub
729 2267 894 2359 parochia
920 2268 964 2340 de
990 2267 1360 2358 WanueInycm,
1388 2267 1487 2340 cuius
1513 2266 1680 2340 haeredes
1706 2269 1780 2340 An-

229 2391 331 2462 dreas
358 2396 396 2462 et
421 2390 548 2462 Petrus
573 2389 729 2479 germani
757 2388 800 2461 de
826 2389 933 2460 armis
959 2388 1143 2480 Prnssy.
1183 2389 1223 2460 ln
1251 2410 1320 2480 qna
1345 2388 1437 2462 lanei
1464 2388 1708 2478 emethouales‚
1735 2387 1807 2460 de·

231 2511 356 2602 quibus
392 2510 551 2581 omnibus
586 2509 733 2581 solvitur
765 2516 802 2582 et
827 2508 1032 2582 conducitur
1058 2509 1192 2581 decima
1218 2509 1462 2601 manipularis,
1488 2529 1553 2599 pro
1579 2509 1780 2600 praeposito

233 2636 270 2704 et
296 2631 442 2703 ecclesia
467 2631 503 2702 in
529 2630 889 2722 Wanwelnyaza,
915 2630 1013 2701 euius
1041 2631 1140 2702 valor
1166 2631 1370 2703 aestimatur
1396 2631 1440 2704 ad
1468 2630 1555 2703 duaa
1581 2649 1728 2702 marcas.

334 2752 522 2824 Dznwcza
558 2772 678 2841 noan,
705 2751 789 2823 uilla
824 2753 888 2824 suh
923 2752 1090 2843 parochia
1125 2751 1168 2824 de
1194 2752 1546 2844 Wauwelnyeza
1571 2751 1660 2842 sita,¹
1682 2751 1781 2824 euius

231 2874 427 2966 proprietas
462 2873 506 2944 ad
533 2873 769 2965 praepositum
804 2873 847 2945 de
873 2871 1229 2965 Wanwelnycza·
1250 2874 1419 2964 pertinet,
1445 2874 1480 2945 in
1509 2893 1579 2964 qua
1603 2894 1672 2946 non
1699 2878 1782 2946 suut

234 2997 452 3086 emethones,
487 3015 598 3086 neque
637 2994 872 3085 nummariae,
899 2995 960 3067 aed
986 3002 1042 3067 est
1068 3015 1174 3067 unum
1200 2994 1380 3085 praedium
1407 2994 1561 3067 eiusdem
1588 2993 1782 3086 praepositi

229 3118 273 3188 de
307 3116 676 3208 Wanwelnycza,
711 3116 756 3188 ad
791 3115 877 3188 duos
912 3116 966 3187 vel
993 3121 1066 3189 tres
1092 3117 1211 3189 laneos
1238 3117 1474 3207 aestimatum,
1501 3136 1583 3190 eum.
1604 3116 1717 3207 pratis
1743 3122 1782 3188 et

233 3240 311 3312 aliis
338 3240 585 3329 correquisitis,
614 3233 809 3328 dequibus
836 3237 1003 3310 decimam
1022 3293 1029 3308 .
1048 3292 1056 3308 .
1075 3293 1083 3307 .
1101 3238 1197 3310 Haec
1224 3244 1340 3311 autem
1368 3238 1452 3310 villa
1477 3237 1559 3309 olim
1585 3237 1783 3328 pertinebat

229 3362 273 3432 ad
301 3362 548 3450 monasterium
585 3359 912 3448 Szeczeehovieuse,
939 3359 1000 3431 sed
1037 3359 1190 3432 alienata
1215 3364 1280 3450 est,
1306 3359 1476 3432 incertum
1503 3357 1692 3450 quomodo,
1718 3362 1782 3430 aut

232 3502 276 3553 ex
303 3502 371 3571 qua
397 3501 509 3570 causa,
536 3501 558 3550 a
584 3480 794 3553 monasterio
822 3478 988 3570 praelato.
1779 3550 1797 3562 ,

334 3602 631 3690 Pronnowrczs,
659 3600 744 3671 uilla
768 3601 833 3673 sub
868 3600 1036 3704 parochia
1062 3600 1228 3706 ecclesiae
1254 3601 1298 3672 de
1324 3600 1675 3691 Wanweluyeza
1701 3600 1781 3691 sita

236 3723 332 3794 euius
356 3722 527 3793 haeredes
538 3721 634 3792 ...de
652 3720 879 3793 armisona
904 3720 944 3793 Iu
964 3742 1033 3812 qua
1050 3727 1133 3794 sunt
1150 3721 1241 3794 lanei
1260 3723 1504 3811 emethonales,
1522 3722 1606 3794 item
1622 3723 1781 3812 taberna,

234 3845 317 3914 item
349 3841 526 3913 hortulani
561 3841 728 3933 hahentes
756 3862 877 3932 agros,
904 3841 1211 3932 itempraedium,
1238 3843 1434 3934 dequibus
1461 3842 1620 3914 omnihus
1646 3848 1683 3913 et
1708 3842 1780 3913 siu·

228 3964 319 4053 gulis
354 3962 500 4057 solvitur
535 3968 572 4034 et
608 3962 811 4035 conducitur
846 3962 980 4034 decima
1016 3963 1241 4054 manipularis
1267 3969 1304 4034 et
1330 3963 1524 4053 campalis,
1551 3961 1723 4042 ecclesiae
1743 3967 1782 4034 et

230 4084 428 4174 praeposito
469 4084 505 4155 in
532 4082 909 4175 Wanweluycza,
944 4090 983 4156 et
1010 4062 1116 4156 sralor
1156 4085 1230 4155 eius
1266 4084 1470 4155 aestimatur
1504 4082 1550 4155 ad
1585 4080 1812 4175 quindecim·

229 4225 373 4277 marcas.
633 4183 638 4192 ¹

910 4325 1104 4398 Bnumcza.

330 4444 503 4535 Oppidum
539 4445 670 4516 habens
708 4446 743 4516 in
779 4459 818 4517 at
852 4446 1033 4519 ecelesiam
1069 4447 1235 4537 ligneam,
1263 4445 1489 4520 Conversioni
1524 4447 1643 4519 Sancti
1678 4443 1781 4518 Pauli

226 4563 388 4659 Apostoli
406 4566 566 4655 dicatam,
594 4567 700 4637 emus*
717 4566 842 4638 haeres
868 4567 1046 4640 lohannes
1073 4569 1323 4661 Pileczshy
1350 4570 1394 4640 de
1419 4575 1525 4640 armis
1552 4567 1779 4660 Lelywaa.

330 4687 597 4776 Knnsaurczn,
625 4687 708 4759 villa
734 4688 798 4759 sub
826 4688 990 4779 parochia
1016 4689 1060 4761 de
1087 4689 1303 4761 Belzicze
1330 4691 1415 4779 sita,
1441 4690 1540 4766 cuius
1567 4689 1691 4762 haeres
1715 4688 1780 4762 do·

227 4810 364 4882 hannes
390 4809 734 4901 Pilye·ezs'hy....

334 4919 564 5004 (inhnmanum
591 4929 776 5003 Aunnnau
830 4985 838 5000 .
891 4983 899 5001 .
952 4984 960 5001 .
1013 4985 1021 5001 .

331 5054 663 5125 Wrnncnowuana
688 5051 912 5124 Mrcrranara
966 5105 974 5121 .
1026 5106 1033 5123 .
1088 5107 1096 5123 .
1149 5099 1196 5124 ,‚

926 5172 1079 5246 cohow.
1168 5237 1172 5245 .

332 5292 505 5383 Oppidum
532 5293 663 5365 hahens
690 5293 726 5363 in
753 5313 791 5364 se
817 5293 1049 5383 parochialem
1077 5293 1256 5396 ecclesiam
1282 5292 1450 5383 ligneam,
1476 5292 1604 5365 Sancto
1631 5292 1782 5385 Aegialo

228 5416 386 5504 dicatam,
414 5414 510 5485 cuius
538 5414 661 5485 haeres
688 5412 865 5498 Johannes
892 5412 1130 5487 Zbansszlr
1139 5437 1161 5506 y
1188 5413 1231 5485 de
1258 5414 1364 5486 armis
1392 5414 1425 5486 N
1433 5414 1606 5487 alauez.
1641 5414 1682 5485 Iu
1710 5435 1780 5505 quo
1823 5467 1850 5502 a

228 5541 309 5607 sunt
336 5536 436 5607 lanei
472 5533 740 5625 oppidanorum,
769 5535 964 5625 dequibus
991 5535 1150 5608 omnihus
1177 5535 1325 5608 soluitur
1351 5535 1620 5609 etcouducitnr
1645 5535 1783 5609 decima

227 5656 461 5749 manipularis,
481 5676 544 5746 pro
572 5657 775 5754 episcopatu
801 5655 1032 5747 Gracovieusi,
1059 5656 1157 5728 euius
1184 5656 1282 5728 valor
1305 5657 1510 5729 aestimatur
1527 5655 1572 5730 ad
1586 5649 1669 5730 octo
1686 5677 1781 5731 mar·

227 5800 292 5851 cas.
332 5780 420 5849 Item
456 5783 510 5849 est
545 5778 604 5850 ihi.
628 5800 737 5850 nnum-
759 5779 942 5869 praedium
963 5777 1273 5874 militare...1tem
1300 5778 1348 5850 ihi
1376 5779 1585 5852 ecclesia-et
1610 5779 1780 5871 plebanus

227 5902 332 5971 habat
359 5899 519 5989 proprios
547 5919 649 5989 agros
676 5905 714 5971 et
739 5906 849 5990 prata,
877 5920 941 5990 pro
969 5920 1031 5972 sno
1059 5920 1124 5970 usu
1151 5905 1189 5972 et
1214 5899 1432 5974 necessitate.

330 6019 493 6110 Pnosnr,
521 6019 604 6091 villa
631 6021 696 6093 suh
723 6021 888 6111 parochia
914 6020 957 6093 de
984 6019 1146 6108 Ouron
1172 6022 1249 6112 sita
1276 6022 1373 6093 cuius
1399 6020 1597 6112 proprietas
1623 6019 1779 6094 eiusdem

227 6127 478 6233 Grrrowshy
505 6142 549 6213 de
576 6142 682 6212 armis
709 6141 920 6214 Nalancz.
945 6142 986 6213 ln
1014 6162 1084 6234 qua
1110 6147 1191 6216 sunt
1215 6143 1308 6215 lanei
1327 6142 1570 6232 emethonules,
1588 6141 1779 6233 dequibus

226 6265 383 6338 omnibus
411 6265 557 6335 solvitur
584 6269 620 6335 ot
646 6264 849 6336 courducitur
875 6263 1009 6337 decima
1034 6263 1262 6354 manipularis
1289 6270 1326 6336 at
1352 6263 1536 6355 canapelia,
1563 6279 1627 6355 pro
1656 6281 1778 6344 mona·

227 6387 334 6458 sterio
362 6387 505 6458 Sanctae
534 6385 654 6457 Crucis
682 6385 815 6458 Calvi
842 6386 1028 6476 Montis,
1056 6386 1152 6459 cuius
1179 6387 1278 6460 valor
1305 6386 1351 6457 ad
1378 6405 1599 6458 sermarcas
1615 6385 1780 6458 aestima·

226 6511 293 6578 tur.
320 6508 407 6578 Item
434 6509 492 6580 ihi·
509 6513 563 6582 est
590 6508 768 6601 praedium
796 6528 902 6581 unum
929 6507 1090 6599 militare,
1117 6506 1160 6581 de
1187 6509 1285 6582 cuius
1311 6506 1406 6600 agris
1424 6504 1673 6580 decimatum..
