4200 8342
311 1682 314 1691 '
332 1668 407 1743 280

307 1878 425 1971 ¹agris
452 1896 514 1965 per
542 1893 787 1965 quemcumque
821 1872 1065 1942 courseminatis
1091 1871 1301 1959 generaliter
1328 1872 1507 1960 omnibus,
1544 1871 1647 1944 datur
1675 1878 1714 1942 et
1740 1868 1893 1940 solvitur

331 1997 463 2068 decima
489 1993 714 2084 manipularis
741 1993 888 2083 plebano
915 1993 950 2067 iu
978 1990 1274 2081 Golaczyeze.

433 2116 650 2206 Knoouwu,
678 2115 761 2186 villa
787 2114 851 2185 suh
879 2113 1044 2203 parochia
1072 2114 1115 2184 de
1142 2114 1381 2203 Brzyszky
1409 2113 1484 2184 sita.
1522 2114 1562 2183 lu
1581 2133 1650 2203 qua
1676 2118 1734 2185 est
1762 2113 1892 2184 scolte-

328 2244 386 2310 tus
412 2238 543 2309 habens
576 2257 699 2326 agroS,
735 2236 929 2326 dequibus
966 2235 1099 2306 decima
1133 2236 1267 2323 integre
1303 2235 1450 2306 solvitur
1474 2234 1711 2325 manipularis
1739 2233 1889 2325 plebano

328 2361 364 2429 in
391 2359 701 2448 Kolaozyaze3
729 2358 811 2428 item
839 2359 874 2427 in
901 2356 1021 2428 eadem
1048 2357 1132 2427 villa
1158 2362 1213 2428 est
1238 2357 1404 2445 taberna,
1431 2357 1562 2428 hahens
1590 2378 1715 2446 agros,
1744 2354 1788 2427 de
1814 2358 1887 2446 qui—

328 2479 393 2551 bus
410 2479 559 2577 solvitur
573 2479 706 2551 decima
718 2478 943 2568 manipularis
957 2477 1106 2567 plebano
1124 2478 1158 2547 in
1177 2476 1349 2548 Kolacz
1359 2497 1482 2566 yoze3
1500 2477 1582 2547 item
1600 2476 1715 2548 eidem
1736 2476 1880 2567 plebano

328 2600 485 2672 indicto
513 2584 796 2689 Golaozyeze
824 2599 956 2671 decima
988 2599 1212 2689 manipularis
1239 2598 1282 2669 de
1310 2604 1459 2688 quatuor
1486 2599 1580 2688 agris
1606 2598 1877 2669 emethoualihns

264 2730 267 2735 '
329 2722 365 2792 in
384 2722 477 2792 dicta
502 2721 738 2810 Klodawa,
766 2721 913 2792 solvitur
938 2725 976 2792 et
998 2719 1201 2791 coruluoitur
1225 2720 1262 2789 in
1280 2719 1446 2791 horreum
1472 2740 1536 2810 per
1562 2720 1748 2809 plehauum
1770 2718 1876 2808 slepa·

329 2845 460 2929 tatum;
496 2841 538 2912 de
564 2842 707 2931 reliquis
743 2862 826 2912 vero
853 2841 948 2930 agris
975 2839 1268 2929 emethonalibus‚
1304 2840 1473 2930 quisunt
1507 2840 1601 2912 ultra
1632 2840 1772 2911 alveum
1799 2839 1878 2909 alias

330 2959 542 3056 rzeezpszlro,
570 2963 768 3053 antiquum,
796 2961 928 3033 decima
954 2961 1179 3051 manipularis
1205 2962 1369 3051 provenit
1393 2960 1542 3051 plebano
1570 2961 1605 3032 ih
1632 2961 1879 3053 Brzyszka.

948 3083 1260 3155 Wu‘ruuowuczu.

431 3203 524 3275 Villa
551 3203 681 3275 habeus
718 3204 753 3274 iu
780 3224 818 3274 se
845 3205 1078 3293 parochialem
1114 3203 1292 3274 ecelesiam
1322 3203 1428 3275 Sanct
1452 3258 1566 3272 .....
1594 3202 1759 3292 dicatam,
1788 3203 1881 3273 ouius

325 3326 522 3415 proprietas
537 3325 582 3395 ad
600 3324 863 3397 castellanetam
877 3326 1190 3397 Saudomirienseur
1209 3327 1370 3414 pertinet,
1385 3326 1485 3398 ouius
1504 3342 1594 3396 nuno
1612 3329 1731 3396 rector
1748 3330 1788 3395 et
1814 3325 1883 3415 ple-

312 3446 438 3519 xbanus
464 3446 641 3519 Johanues
668 3447 711 3518 de
739 3501 836 3516 .....
864 3449 1064 3541 presbyter,
1091 3448 1149 3538 qui
1168 3467 1232 3537 pro
1250 3447 1331 3519 dote
1350 3468 1414 3519 sua
1430 3447 1537 3519 hahet
1555 3447 1664 3518 honos
1682 3467 1791 3536 agros
1811 3500 1884 3516 ....

987 3570 1228 3640 anazuucza,

890 5267 1094 5340 Zouosuau
1126 5287 1322 5348 murrona.-

423 5384 517 5455 Villa
553 5386 684 5456 hahens
719 5388 755 5456 in
787 5408 824 5457 se
860 5389 1092 5477 parochialem
1128 5389 1308 5459 ecclesiam
1344 5389 1511 5480 ligneam,
1548 5390 1674 5461 Sancto
1709 5389 1872 5461 Andreae

320 5504 489 5594 Apostolo
508 5505 668 5594 dicatam,
696 5509 792 5578 ouius
811 5509 934 5580 haeres
961 5510 1107 5600 Spithel(
1135 5508 1158 5582 J
1169 5510 1428 5581 aroslawsk
1436 5534 1460 5602 y
1485 5511 1649 5583 dedomo
1676 5511 1872 5603 Italy-wa.

318 5626 358 5699 ln
387 5648 455 5717 qua
481 5631 562 5714 sunt
588 5629 733 5716 triginta
768 5636 916 5718 quatuor
943 5632 1035 5702 lanei
1062 5630 1314 5720 emethonales,
1342 5632 1385 5702 de
1412 5634 1536 5723 quihus
1563 5632 1710 5704 solvitur
1740 5632 1874 5705 decima

313 5749 506 5839 pecunialis
541 5768 605 5839 per
639 5771 743 5820 unum
777 5751 948 5823 fertonem
983 5753 1134 5824 latorum
1168 5773 1368 5843 grossorum
1404 5753 1447 5823 (le
1479 5754 1633 5843 quolibet
1658 5752 1781 5842 laneo,
1809 5775 1872 5843 pro

317 5869 790 5960 episcopat11.Cracovieusi;
817 5872 900 5943 item
927 5878 981 5943 est
1009 5873 1058 5944 ihi
1085 5852 1263 5964 scoltetia,
1289 5873 1422 5945 hahens
1449 5874 1535 5945 duos
1563 5873 1700 5964 laneos,
1724 5872 1772 5945 de
1798 5876 1873 5965 qui·

316 5990 380 6061 bus
400 5990 565 6062 decimam
580 5992 729 6081 solvit...;
745 5993 826 6063 item
850 5993 995 6064 ecclesia
1009 5999 1044 6065 et
1064 5995 1232 6084 plebanus
1251 5995 1358 6067 hahet
1375 5995 1424 6067 ibi
1442 5995 1603 6086 proprios
1620 6014 1725 6085 agros
1742 5981 1873 6068 liberos

316 6116 352 6182 et
377 6119 488 6200 prata,
515 6133 578 6202 pro
605 6134 667 6184 suo
695 6134 760 6186 usu
786 6120 822 6184 et
849 6115 1065 6186 necessitato.
1126 6106 1149 6141 ’·

305 6269 308 6276 ⁷
419 6233 621 6304 Zouoauau
656 6254 774 6323 sous,
811 6235 894 6305 villa
928 6236 993 6306 sub
1019 6236 1185 6327 parochia
1219 6237 1263 6308 de
1291 6236 1498 6328 Antiqua
1523 6238 1767 6331 Zglobyon
1793 6240 1873 6327 sita,

314 6354 412 6425 euius
439 6355 563 6425 haeres
589 6352 681 6424 idem
713 6354 860 6444 Spithek
885 6356 1216 6448 Jaroslawshy.
1260 6359 1301 6429 In
1320 6379 1389 6449 qua
1406 6364 1488 6431 suut
1512 6360 1637 6450 viginti
1653 6360 1750 6433 lanei
1777 6382 1868 6431 cure-

315 6473 474 6545 thonales
501 6480 537 6545 et
563 6479 642 6546 octo
670 6476 804 6566 virgae,
831 6482 868 6549 et
852 6478 928 6549 tole
948 6478 1102 6569 quolibet
1087 6478 1227 6551 tlanoo
1255 6479 1403 6552 solvitur
1430 6480 1564 6565 damma
1589 6481 1783 6573 peclinialis
1809 6501 1871 6621 per

314 6590 483 6668 lantonem
509 6596 659 6673 latorum
685 6618 888 6693 grossorum
911 6616 978 6692 pro
1004 6601 1219 6694 episcopatu·
1233 6599 1466 6695 (iramviemi
1555 6620 1581 6692 ᾖ
1650 6652 1657 6665 ·
