4200 8342
293 1593 366 1666 266

284 1822 348 1891 pro
376 1801 488 1871 altera
515 1804 628 1871 antem
664 1796 842 1888 Bagdal
879 1816 955 1868 curu
982 1793 1159 1868 iratiibns.
1192 1795 1233 1867 In
1261 1816 1329 1885 qua
1355 1801 1442 1872 sunt,
1470 1794 1561 1866 lanei
1597 1793 1840 1886 emetbonales,
1962 1887 1969 1910 Β

286 1921 330 1994 de
357 1921 480 2012 quibus
507 1919 654 1991 solvitur
681 1918 814 1991 decima
840 1916 1030 2008 pecunialis
1058 1937 1121 2007 pro
1149 1916 1311 2007 episcopo
1337 1914 1579 2007 cracoviensi,
1615 1916 1659 1989 de
1686 1916 1841 2009 quolibet

287 2042 386 2115 laneo
414 2062 477 2132 per·
495 2094 609 2111 .....
636 2041 723 2111 Item
750 2040 888 2112 solvunt
913 2038 1061 2129 plebano
1087 2061 1156 2134 sep,
1183 2038 1226 2109 de
1254 2037 1408 2129 quolibet
1435 2037 1535 2110 laneo
1563 2058 1626 2128 per
1644 2093 1652 2109 .
1671 2093 1708 2128 ..,
1725 2093 1733 2110 .
1751 2019 1868 2110 rtem·

284 2163 464 2254 praedium
500 2182 607 2234 unum
642 2166 698 2233 est
723 2161 791 2251 ibi,
826 2161 869 2233 de
897 2182 964 2251 quo
992 2160 1125 2232 decima
1159 2159 1263 2231 datur
1299 2158 1490 2250 plebano
1480 2181 1516 2231 ιιι
1543 2158 1731 2249 Zlotlra3
1756 2162 1840 2233 item

284 2285 390 2357 habet
417 2284 586 2375 plebanus
612 2282 772 2375 proprios
799 2303 903 2372 agros
930 2286 967 2353 et
992 2287 1105 2374 prata,
1132 2302 1195 2372 pro
1223 2302 1286 2353 suo
1313 2303 1378 2354 usu
1405 2285 1442 2353 ct
1467 2281 1685 2412 necessitate.
1797 2366 1801 2374 ,

921 2402 1207 2504 Zwvaazrnuvrr.
1286 2471 1288 2476 .

389 2526 483 2598 Villa
508 2525 640 2598 habens
668 2524 849 2597 ecclesiam
873 2523 1108 2615 parochialem
1140 2524 1326 2615 ligneam
1317 2547 1353 2596 ιιι
1380 2543 1435 2615 se,
1463 2524 1560 2597 cuius
1586 2463 1754 2597 haeredes
1779 2523 1840 2596 Ja-

285 2649 392 2721 cobus
420 2653 455 2720 et
486 2647 636 2719 Zalrlilra
671 2645 1090 2738 Mycdzigorzsczy
1126 2645 1169 2717 ιι
1205 2646 1305 2719 domo
1341 2646 1658 2750 Bippennium.
1694 2644 1734 2717 ln
1771 2667 1839 2737 qua

286 2777 368 2844 suut
394 2769 485 2842 lanei
512 2768 748 2843 cmetbonales
751 2820 918 2839 .......

817 2888 1032 2974 Purrnrrnrrn
1059 2907 1309 2962 nurscoenrrs.

389 3013 485 3084 villa
519 3012 650 3097 habens
686 3012 723 3084 in
758 3032 796 3084 se
828 3010 1009 3084 ecclesiam
1043 3011 1277 3102 parochialem
1312 3010 1480 3102 ligneam,
1518 3011 1644 3084 Sancto
1674 3010 1842 3083 ¹Andreae

163 3213 166 3218 ,
285 3135 455 3238 Apostolo
484 3135 650 3225 dicatam,
678 3134 775 3220 cuius
803 3133 998 3223 proprietas
1016 3133 1062 3205 ad
1080 3133 1278 3224 episcopum
1306 3131 1569 3226 cracoviensem
1597 3132 1757 3224 pertinet,
1783 3132 1842 3222 qui

286 3264 341 3330 est
368 3258 460 3330 illios
487 3257 652 3328 ecclesiae
679 3255 802 3342 urricus
829 3255 977 3340 collator
1003 3259 1041 3326 et
1067 3260 1246 3344 patronus.
1272 3254 1312 3326 Iu
1341 3275 1410 3345 qua
1436 3259 1519 3326 sunt
1546 3254 1725 3326 duodecim
1752 3253 1842 3325 lanei

287 3378 541 3470 emethorrales,
577 3377 773 3468 dequibus
808 3381 843 3449 et
874 3398 942 3449 uno
979 3375 1182 3466 scoltetioli,
1218 3376 1367 3448 soluitur
1402 3381 1439 3448 et
1474 3375 1678 3449 conducitur
1711 3378 1845 3450 decima

287 3500 514 3591 manipularis
542 3504 578 3571 et
605 3498 780 3588 canapalis
806 3519 871 3589 pro
897 3498 1060 3589 episcopo
1088 3496 1327 3586 cracoviensi,
1363 3502 1399 3570 et
1426 3498 1524 3571 valor
1551 3498 1628 3584 eius
1655 3499 1699 3572 ad
1726 3499 1844 3572 decern

288 3642 432 3694 marcas.
467 3621 556 3694 Item
583 3619 748 3692 scultetus
776 3620 881 3692 babet
907 3619 956 3691 ibi
983 3626 1057 3692 tres
1083 3619 1220 3709 laneos,
1247 3624 1283 3690 ot
1310 3620 1352 3690 dc
1380 3619 1515 3693 duobus
1542 3620 1708 3698 decimam
1735 3623 1844 3695 mani-

284 3743 448 3835 pularem
476 3741 581 3814 solvit
606 3740 771 3814 ecclesiae
798 3748 834 3813 et
859 3741 1007 3831 plebano
1035 3740 1072 3811 ιιι
1098 3740 1374 3832 Perambka,
1401 3741 1570 3814 detentio
1597 3749 1713 3816 autern
1740 3744 1845 3816 solvit

155 3867 158 3877 '
288 3864 383 3935 illam
411 3863 626 3954 episcopatui
661 3862 901 3953 cracoviensi,
927 3868 965 3935 et
991 3862 1090 3935 valor
1117 3862 1288 3952 decimae,
1315 3884 1402 3952 quac
1430 3863 1522 3934 cedit
1547 3863 1720 3955 plebano,
1740 3866 1846 3937 aesti-

288 3990 404 4058 matur
430 3984 475 4057 ad
501 3984 588 4057 duas
614 4005 768 4074 marcas3
794 3983 878 4055 item
904 3983 1025 4056 laneus
1053 3982 1201 4074 quilibet
1185 3983 1331 4056 tsolvit
1353 4004 1455 4055 unam
1475 4004 1672 4058 mensuram
1698 3985 1845 4076 siliginis

288 4113 328 4180 et
352 4127 456 4182 unam
484 4128 613 4194 avenae
639 4128 704 4199 pro
731 4105 878 4179 ecclesia
903 4126 968 4197 pro
1004 4128 1149 4191 ιιιιιιιιις
1195 4106 1278 4177 item
1305 4105 1451 4178 ecclesia
1476 4106 1584 4184 babet
1609 4107 1659 4180 ibi
1685 4108 1846 4248 proprios

290 4250 394 4320 agros
421 4234 457 4301 et
483 4236 596 4321 prata,
623 4251 687 4320 pro
715 4250 777 4300 suo
805 4227 1013 4319 praedicet
1039 4228 1254 4301 necessitate.

393 4350 496 4422 Lvsn
524 4371 643 4440 coar,
670 4350 754 4421 villa
780 4349 844 4421 sub
870 4349 1038 4439 parochia
1064 4349 1108 4422 do
1130 4348 1390 4422 Porambka
1416 4350 1498 4441 sita,
1526 4333 1624 4424 caius
1651 4352 1847 4448 proprietas

293 4471 338 4545 ad
365 4470 603 4568 episcopatum
640 4470 791 4562 pertinet
776 4468 1100 4543 tcracoviensem.
1131 4471 1180 4544 In
1208 4491 1276 4561 qrra
1312 4475 1393 4543 suut
1427 4472 1546 4545 deoem
1581 4477 1617 4544 et
1642 4478 1720 4545 octo
1755 4473 1853 4545 lanei-

292 4592 544 4681 cmetbonales,
571 4592 655 4663 item
674 4590 742 4663 duo
760 4590 990 4680 scoltetiales,
1018 4590 1062 4665 de
1089 4591 1213 4683 quibus
1241 4592 1400 4664 omuibus
1426 4593 1572 4665 solvitur
1590 4598 1627 4666 et
1644 4593 1847 4668 conducitur

291 4714 426 4789 decima
461 4712 687 4804 manipularis
722 4718 759 4788 et
785 4712 961 4804 canapalis
989 4733 1062 4803 pro
1097 4712 1300 4803 episcopatu
1336 4712 1577 4805 cracoviensi,
1615 4716 1714 4788 cuins
1750 4717 1848 4788 valor

291 4837 497 4910 aestimatur
523 4834 568 4908 ad
595 4834 718 4926 viginti
753 4854 910 4924 marcas3
944 4833 1092 4925 quilibet
1126 4833 1247 4907 laneus
1273 4856 1378 4906 unam
1405 4833 1554 4928 siliginis
1590 4857 1786 4910 mensuram
1813 4844 1850 4909 et

293 4980 396 5033 unam
424 4978 578 5047 avenae,
598 4977 664 5048 pro
691 4978 824 5029 rrreazae
842 5009 983 5028 ......

396 5080 512 5171 Dour,
549 5079 632 5153 villa
666 5080 731 5152 sub
766 5077 933 5170 parocbia
958 5076 1003 5151 de
1028 5077 1291 5151 Por'amblra
1326 5079 1412 5170 sita,
1448 5080 1546 5154 cuius
1580 5077 1782 5172 proprietas
1804 5083 1848 5154 ad

293 5204 529 5293 episcopatum
556 5200 820 5290 Oracovicnsem
846 5200 1015 5291 pertinet,
1043 5201 1079 5273 in
1107 5222 1176 5292 qua
1202 5206 1284 5273 sunt
1310 5207 1388 5274 octo
1415 5201 1507 5273 lanei
1533 5203 1777 5295 emerbonales,
1791 5205 1848 5296 ,de

292 5322 419 5412 quibus
447 5321 597 5393 solvitur
623 5325 659 5393 et
686 5320 889 5393 conducitur·
916 5321 1049 5393 decima
1075 5322 1302 5413 manipularis
1329 5327 1366 5394 et
1393 5323 1569 5414 canapalis
1595 5330 1659 5415 prb
1686 5325 1848 5417 episcopo

294 5440 534 5531 cracoviensi,
561 5445 598 5514 ct
625 5439 722 5513 valor
749 5442 824 5511 eius
851 5443 1056 5514 aestimatur
1083 5442 1127 5515 ad
1154 5464 1215 5516 sex
1243 5464 1395 5533 marcas,
1423 5444 1506 5516 item
1533 5450 1588 5518 est
1614 5445 1663 5518 ibi
1689 5446 1849 5520 scoltetia

293 5563 426 5637 habeus
453 5560 540 5635 dnos
567 5562 686 5634 laneos
711 5554 748 5634 et'
774 5584 877 5635 unam
903 5564 1085 5637 tabernam
1112 5564 1297 5638 habentem
1325 5586 1445 5657 agros,
1478 5565 1521 5640 ιιι
1548 5567 1673 5658 quibus
1699 5567 1850 5641 decimat

294 5684 461 5758 ecclesiae
487 5684 524 5755 in
550 5682 798 5775 Puramblra,
825 5686 925 5764 cuius.
949 5685 1049 5758 valor
1074 5686 1119 5760 ad
1146 5685 1233 5758 duas
1260 5707 1404 5760 marcas.
1440 5687 1529 5760 ltcm
1556 5688 1703 5780 quilibet
1727 5690 1848 5762 laneus

295 5828 359 5899 pro
394 5803 564 5898 inmotae,
605 5806 711 5880 solvit
754 5826 858 5879 unam
893 5828 1090 5882 mensnram
1125 5807 1273 5900 siliginis
1307 5815 1343 5883 et
1377 5830 1480 5886 unam
1517 5830 1656 5901 avenae,
1684 5811 1850 5886 acclesiae

296 5929 333 6001 in
359 5928 629 6002 Porambka
1219 6020 1226 6029 .
1635 6023 1637 6032 Ι

399 6049 611 6140 Luarown,
639 6050 722 6123 villa
748 6051 812 6128 sub
839 6051 1005 6142 parochia
1032 6052 1075 6125 de
1102 6051 1361 6126 Purambka
1388 6052 1466 6126 sita.
1492 6053 1533 6126 In
1557 6073 1625 6145 qua
1643 6059 1726 6127 sunt
1752 6055 1850 6128 sede-

297 6171 363 6242 cim
389 6170 480 6242 lanei
507 6172 758 6265 emetlronales,
786 6174 828 6246 de
857 6174 981 6266 quibus
1008 6174 1142 6246 decima
1175 6173 1401 6266 manipularis
1428 6180 1464 6247 et
1491 6175 1667 6266 canopalis
1703 6176 1851 6250 solvitur

297 6297 333 6362 et
358 6290 560 6363 conducitur
587 6313 650 6382 pro
677 6294 878 6386 episcopatu
905 6295 1146 6388 Cracoviensi,
1172 6297 1268 6369 cuius
1295 6298 1393 6369 valor
1419 6298 1622 6371 aestimatur
1649 6297 1694 6370 ad
1720 6297 1851 6371 duode-

299 6412 366 6482 cim
392 6434 536 6496 marcas.
562 6414 652 6486 Item
678 6422 733 6488 est
758 6416 794 6490 in
820 6416 944 6490 eadem
970 6417 1056 6491 villa
1073 6418 1250 6511 scoltetus,
1276 6419 1409 6493 babens
1435 6418 1523 6493 duos
1549 6419 1669 6494 laneos
1696 6441 1760 6512 pro
1788 6441 1852 6493 sua

300 6532 459 6607 scultetis
483 6535 630 6630 liberos,
664 6542 702 6609 et
727 6558 832 6612 unam
858 6539 1040 6614 tabernam
1074 6540 1260 6616 habentem
1294 6561 1417 6634 agros,
1452 6541 1648 6633 dequibus
1683 6541 1850 6616 decimam
1928 6537 1930 6542 ’
