4200 8342
291 1609 338 1682 80

390 1812 640 1907 Koauzuvow,
678 1811 762 1889 villa
787 1812 852 1889 sub
879 1810 1046 1906 parocbia
1072 1812 1115 1886 de
1141 1806 1499 1907 Raczslawyeza·
1525 1809 1605 1902 sita,
1633 1808 1732 1885 cuius
1758 1831 1836 1902 pro·

287 1938 417 2027 prietes
448 1936 494 2013 ad
518 1936 765 2027 monasterium
791 1936 1062 2027 Zwyerzynense
1089 1935 1222 2007 ordinis
1256 1933 1650 2025 praemonstratensium
1675 1933 1836 2024 pertinet,

286 2059 322 2129 in
349 2078 427 2150 qua.
452 2056 646 2150 quindecim
681 2034 774 2131 lanei
810 2056 1063 2148 emethonales,
1098 2056 1181 2128 item
1216 2055 1362 2137 taberna
1380 2074 1476 2147 una,
1507 2054 1591 2127 item
1616 2054 1836 2135 hortulaniae

285 2184 441 2270 quatuor,
467 2166 782 2273 babenteaaeagros,
808 2178 893 2250 item
919 2177 1088 2267 scoltetia,
1115 2177 1247 2249 habens
1274 2181 1423 2268 quatuor
1446 2176 1577 2266 laneos,
1604 2175 1688 2247 item
1714 2175 1834 2248 bortu-

285 2299 411 2371 laniam
438 2319 543 2375 unam
567 2270 692 2390 halet,
718 2299 904 2389 dequibus
931 2298 1092 2371 omnibus
1118 2277 1266 2371 solvitur
1292 2304 1328 2369 et
1346 2297 1550 2370 conducitur
1568 2295 1703 2369 decima
1727 2296 1836 2367 mani·

285 2419 417 2510 palaris
443 2425 481 2492 et
506 2419 681 2510 canapalis
714 2440 778 2510 pro
804 2420 1004 2509 praebenda
1030 2414 1252 2491 Craooviensi
1279 2419 1372 2490 dicta
1397 2417 1649 2508 zomzowsua,
1676 2423 1714 2489 et
1738 2417 1837 2489 valor
1931 2485 1937 2495 .

287 2541 332 2612 ad
349 2540 473 2630 viginti
499 2560 632 2613 marcas
659 2541 871 2614 aestimatur.
909 2540 996 2612 Item
1023 2545 1079 2612 est
1105 2540 1287 2631 praedium
1312 2538 1529 2630 coenobiale,
1556 2538 1600 2609 de
1618 2539 1718 2611 cuius
1743 2538 1836 2628 agris

285 2682 350 2751 pro
377 2682 415 2733 se
441 2660 533 2733 tollit
558 2661 734 2734 decimam.

661 2792 670 2805 “
945 2781 1175 2855 Znunnvvcza.
1609 2836 1614 2841 -
1805 2834 1808 2839 -

390 2902 493 2996 Villa,
527 2902 661 2977 babens
688 2902 867 2976 ecclesiam
893 2903 1128 2993 parochialem
1153 2903 1190 2974 in
1217 2922 1255 2976 se
1282 2902 1447 2995 ligneam,
1474 2900 1580 2975 Senot
1599 2955 1713 2972 .....
1741 2901 1834 2973 dica·

286 3008 374 3115 tam,
409 3025 507 3096 buius
533 3025 664 3124 ⁴haeres
699 3024 870 3115 Nanayko
895 3022 1272 3115 Wyeloglowsky
1306 3023 1350 3096 de
1385 3023 1488 3095 domo
1523 3022 1834 3114 Antiquarum

285 3144 536 3237 Equorum,
561 3146 598 3216 in
625 3164 694 3236 qua
720 3152 802 3218 sunt
820 3152 970 3236 quatuor
988 3166 1066 3217 cum
1084 3145 1197 3218 medio
1223 3144 1316 3227 lanei
1342 3143 1588 3235 cmethonales,
1614 3144 1700 3216 item
1717 3144 1834 3216 taber-

286 3286 369 3356 nae,
404 3267 488 3338 item
514 3266 751 3357 bortulauiae,
785 3266 829 3339 de
865 3267 990 3356 quibus
1025 3267 1185 3347 omuibus
1220 3265 1367 3338 solvitur
1402 3271 1440 3338 et
1464 3264 1669 3337 conducitur
1703 3264 1835 3336 decima

285 3386 511 3476 manipularis
537 3393 574 3459 et
599 3387 774 3478 canapalis
808 3406 873 3477 pro
900 3388 1130 3461 universitate
1165 3387 1478 3473 mansionariorum
1505 3385 1679 3475 ,ecclesiae
1715 3386 1835 3457 cathe-

287 3507 394 3580 dralis
421 3506 671 3598 Gracoviensis,
698 3513 736 3580 et
761 3507 859 3580 valor
886 3508 961 3579 eius
987 3509 1192 3581 aestimatur
1217 3508 1262 3580 ad
1280 3508 1404 3599 viginti
1429 3526 1576 3597 marcas,
1602 3506 1686 3578 item
1714 3512 1769 3578 est
1787 3505 1835 3577 ibi

285 3649 392 3700 uuum
417 3628 596 3719 praedium
623 3628 786 3719 militare,
821 3629 865 3701 de
893 3629 989 3702 cuius
1016 3630 1112 3719 agris
1138 3629 1330 3701 decimatur
1356 3628 1522 3701 ecclesiae
1549 3629 1586 3699 in
1603 3626 1834 3719 ,Zelyeny-

288 3770 382 3839 cze3
417 3750 502 3822 item
528 3749 675 3823 ecclesia
705 3755 743 3823 et
767 3750 936 3842 plebanus
961 3751 1070 3825 habet
1104 3751 1154 3824 ibi
1180 3751 1360 3843 proprios·
1376 3770 1480 3841 agros
1515 3749 1644 3831 liberos
1671 3754 1709 3821 et
1734 3753 1837 3839 prata

287 3890 351 3960 pro
379 3890 441 3944 sno
469 3883 534 3945 usu
560 3878 596 3944 et
623 3872 840 3946 necessitate.
942 3926 946 3933 .
1543 3950 1545 3957 ,
1714 3943 1719 3952 .

388 3991 693 4066 Pamnancznur
718 3993 864 4084 Manca,
890 3993 975 4066 villa
1001 3993 1066 4067 sub
1091 3993 1259 4084 parochia
1284 3992 1449 4065 ecclesiae
1475 3992 1519 4066 de
1544 3991 1835 4085 Zelyeuycze

285 4114 366 4205 sita,
376 4115 473 4187 cuius
487 4114 684 4207 proprietas
698 4115 743 4187 ad
756 4115 1005 4188 monasterium
1018 4113 1332 4187 sanctimonialium
1345 4114 1389 4185 de
1406 4112 1519 4193 Stan
1528 4134 1615 4205 yan
1625 4113 1741 4204 thlry
1758 4104 1843 4205 per-⁸

254 4235 383 4325 =tinct,
409 4236 445 4307 in
473 4242 649 4327 quaeunt
675 4225 870 4327 quindecim
896 4236 987 4307 lanei
1013 4235 1258 4325 cmethonales,
1285 4234 1368 4306 item
1389 4234 1478 4313 duae
1504 4234 1680 4323 tabernae,
1706 4233 1836 4306 habeu-

285 4361 339 4429 tes
366 4376 478 4447 agros,
504 4362 606 4447 prata
632 4362 669 4428 et
694 4357 824 4447 hortos,
849 4357 933 4429 item
954 4356 1061 4429 unuin
1078 4357 1325 4448 molendinum,
1351 4357 1484 4443 babens
1510 4375 1624 4448 agros,
1650 4354 1836 4447 dequibus

285 4477 444 4549 omnibus
471 4477 619 4549 solvitur
654 4476 787 4549 decima
812 4477 1036 4568 manipularis
1064 4483 1100 4550 et
1126 4478 1303 4570 canapalis
1333 4478 1448 4551 tribus
1475 4467 1683 4569 praebendis
1709 4476 1836 4549 Gracc·
1939 4474 1943 4478 ’

286 4597 462 4670 viensibus
489 4597 662 4670 videlicet:
688 4597 1039 4691 Wyanczkowskyey,
1066 4581 1362 4691 Bossuthowskev
1387 4602 1424 4696 et
1449 4598 1694 4690 Zyrawskyev,
1720 4597 1835 4670 diver·

286 4718 441 4790 silicatur
467 4724 583 4791 autem
609 4720 786 4811 perceptio
813 4720 966 4792 decimae
993 4718 1171 4811 praefatae
1188 4721 1335 4808 inqhunc
1359 4718 1509 4810 moduni3
1534 4740 1616 4791 nam
1636 4717 1836 4811 praebenda
1944 4804 1945 4812 Ν

284 4838 473 4931 Zyrawska
498 4840 647 4932 percipit
672 4846 807 4932 partem
828 4838 1037 4932 hyemalium
1063 4841 1235 4932 aliquibus
1262 4842 1377 4932 aunis,
1398 4842 1434 4912 in
1452 4838 1625 4933 aliquibus
1652 4859 1737 4913 vero
1754 4860 1833 4930 par·

284 4967 355 5032 tem
381 4961 600 5035 aestivalium
626 4962 725 5034 iuxta
751 4983 901 5053 campos;
928 4962 1127 5053 praebenda
1152 4983 1236 5034 vero
1264 4962 1562 5053 Wyanczkovvska
1586 4961 1728 5039 biennio
1754 4980 1835 5052 per·

285 5082 370 5174 cipit
404 5083 570 5156 maiorem
604 5089 740 5173 partem
776 5090 838 5158 aut
872 5084 1092 5156 aestivalium
1125 5088 1187 5156 aut
1220 5083 1438 5175 hyemalium,
1465 5089 1502 5156 et
1536 5083 1707 5179 irrtertio
1744 5102 1834 5155 anno

284 5202 471 5294 minorem3
503 5205 706 5295 ¹praebenda
740 5220 823 5277 vero
850 5205 1126 5278 Bossuthowska
1159 5205 1298 5278 biennio
1333 5200 1512 5279 minorem·
1526 5209 1662 5296 partem
1688 5203 1836 5295 percipit

285 5329 347 5395 aut
372 5324 590 5396 aestivalium
615 5331 676 5397 ant
701 5326 919 5417 hyemalium,
946 5327 1044 5398 etin
1070 5327 1176 5399 tertio
1204 5327 1379 5399 maiorem.
1409 5326 1576 5419 Duasque
1602 5324 1833 5417 praebendae,

285 5445 447 5518 videlicet
474 5445 673 5536 praebenda
698 5446 888 5538 Zyrawska
908 5454 945 5519 et
963 5447 1262 5538 Wyanczkowska
1287 5448 1375 5520 nihil
1391 5448 1532 5521 babent
1557 5442 1643 5523 iuris
1670 5447 1716 5519 ad
1742 5447 1835 5519 deci·

285 5588 375 5639 mam
402 5567 534 5658 canapi,
562 5566 622 5640 sed
650 5568 724 5639 sola
750 5569 950 5659 praebenda
975 5569 1250 5642 Bossntbowska
1283 5570 1434 5663 percipit
1468 5589 1545 5643 eam
1580 5570 1716 5661 integre
1742 5566 1835 5641 omni

284 5709 384 5761 anno.
411 5688 499 5761 Item
525 5688 706 5778 praedium
732 5709 803 5761 non
830 5697 884 5762 est
910 5692 946 5762 in
973 5691 1094 5767 eadem
1120 5690 1206 5765 villa
1230 5691 1439 5764 coenobiale.

388 5809 666 5900 Pazanqczarvv
692 5809 831 5902 Minos,
858 5812 941 5884 villa
967 5813 1032 5885 sub
1052 5811 1217 5902 parochia
1243 5812 1287 5884 de
1313 5812 1601 5903 Zelyenycze
1628 5811 1706 5902 situ,
1734 5811 1831 5884 cuius

286 5931 484 6023 proprietas
511 5931 556 6004 ad
583 5932 862 6004 sanctimoniales
889 5933 925 6004 in
952 5932 1283 6025 Sthanyantky
1308 5933 1478 6026 pertinet,
1503 5933 1540 6005 in
1567 5953 1635 6026 qua
1660 5953 1730 6004 non
1757 5935 1838 6006 sunt

141 6078 150 6095 ·
284 6051 392 6141 aliqui
417 6051 509 6124 lanei
535 6053 778 6144 cmethonales‚
806 6053 867 6127 sed
894 6059 975 6126 sunt
1002 6055 1101 6126 multi
1127 6054 1204 6144 agri
1230 6055 1435 6146 praediales,
1461 6060 1498 6127 et
1516 6061 1570 6127 est
1586 6054 1635 6128 ibi
1653 6053 1832 6144 praedium

284 6171 450 6263 optimum
477 6192 554 6244 cum
578 6174 715 6265 pratis,
744 6175 879 6247 intres
905 6194 1044 6281 campos
1072 6175 1280 6267 distinctum,
1307 6175 1399 6269 quod
1417 6176 1553 6248 sibene
1571 6175 1701 6249 cultum
1719 6174 1834 6268 luerit,
1864 6212 1868 6217 ·

285 6312 428 6385 magnos
454 6298 571 6383 potest
597 6293 721 6366 afferre
746 6293 897 6386 fructur,
934 6295 977 6366 de
1005 6296 1101 6367 cuius
1128 6296 1222 6385 agris
1258 6296 1506 6369 monasterium
1541 6297 1628 6369 nulli
1663 6295 1831 6370 decimam

285 6414 407 6503 solvit,
434 6413 600 6487 sedeam
626 6434 689 6505 pro
717 6435 754 6487 se
780 6416 874 6488 tollit
900 6421 936 6489 et
962 6417 998 6488 iu
1024 6417 1188 6512 horremu
1215 6438 1315 6490 suum
1350 6417 1492 6491 inducit.
1525 6416 1623 6491 'Item
1650 6419 1686 6491 in
1712 6420 1832 6492 eadem

285 6533 369 6610 villa
394 6540 476 6608 sunt
502 6540 635 6629 septem
661 6536 897 6630 hortulaniae,
932 6538 1100 6612 habentes
1127 6559 1230 6631 agros
1245 6539 1388 6631 'bonos,
1415 6540 1480 6632 qni·
1501 6539 1668 6613 decimam
1694 6540 1833 6619 solvunt
