4200 8342
1743 1640 1825 1713 493·

312 1826 320 1837 ’
371 1843 517 1935 unum,
543 1843 627 1917 villa
653 1846 717 1917 sub
744 1846 909 1936 parochia
935 1846 979 1919 de
1007 1843 1130 1939 Gory
1143 1818 1234 1937 ⁸sita
1260 1848 1357 1919 cuius
1383 1846 1552 1921 haemdas
1577 1846 1756 1921 lohannes
1784 1853 1820 1919 et

267 1965 395 2039 Petrus
420 1964 775 2059 Mykulowsazy.
819 1968 859 2039 In
886 1989 956 2059 qua
981 1976 1065 2041 surrt
1098 1968 1188 2041 lanei
1216 1968 1449 2041 cmethouales
1493 1969 1699 2060 indistincti,
1735 1988 1821 2060 quoa

266 2108 332 2179 pro
357 2086 482 2160 maiori
508 2092 609 2178 parta
634 2087 760 2161 durius
787 2088 922 2160 Visla
948 2089 1140 2180 absorbuit,
1167 2095 1204 2162 et
1230 2090 1273 2161 de
1300 2090 1458 2161 omnibus
1486 2089 1678 2163 decimatur
1702 2090 1818 2161 archi·

266 2208 465 2281 diaconatui
491 2208 771 2299 Zawicbostcnsi,
800 2211 897 2282 cuius
925 2209 1023 2281 valor
1049 2210 1095 2281 ad
1122 2209 1208 2282 duas
1234 2231 1368 2282 marcas
1395 2212 1608 2283 aestimatur.
1646 2208 1736 2285 Item
1763 2215 1820 2281 est

266 2330 316 2403 ibi
342 2350 449 2403 uuum
475 2330 655 2421 praedium
681 2330 843 2422 militare,
869 2332 913 2451 de
940 2352 1009 2421 quo
1035 2330 1228 2404 decimatur
1254 2352 1318 2422 pro
1345 2331 1491 2405 eeclesia
1517 2330 1664 2404 Sauctoe
1682 2330 1819 2403 Mariae

266 2451 305 2523 in
331 2450 637 2525 Zawichosth.

527 2836 718 2921 Ecclesia
751 2838 936 2921 Sanctae
966 2786 1184 2921 Trinitatla
1217 2840 1256 2919 in
1289 2836 1577 2921 Zawlclroath.

370 3057 513 3131 Murato
539 3060 654 3151 lapide
680 3061 770 3151 albo,
798 3062 896 3133 ouius
921 3060 1061 3133 collatio
1089 3061 1134 3133 ad
1161 3061 1440 3134 archidiaconum
1467 3058 1815 3152 Zawychosthensem

265 3180 428 3271 pertinet,
455 3200 498 3253 ex
525 3182 600 3253 eius
627 3183 719 3253 enim
746 3183 974 3273 proventibus
1000 3182 1211 3275 decimisque
1237 3182 1401 3255 fundatus
1427 3187 1483 3255 est
1509 3186 1545 3254 et
1571 3182 1726 3272 dotatus,
1753 3181 1816 3253 hc-

266 3300 394 3393 betque
419 3302 565 3375 ecclesia
590 3302 748 3394 praefata
775 3305 924 3394 optimos
950 3325 1054 3395 egros
1082 3310 1119 3378 ct
1144 3310 1247 3395 prata
1273 3312 1309 3377 et
1335 3324 1438 3396 gaya,
1466 3325 1530 3395 pro
1557 3325 1620 3376 suo
1649 3300 1755 3374 fundo
1781 3306 1818 3373 et

266 3424 482 3497 necessitate

370 3545 539 3637 Vrnanr,
573 3547 658 3619 villa
683 3549 749 3620 snb
775 3548 943 3638 parochia
968 3546 1116 3620 Sanctae
1143 3546 1326 3621 Trinitatis
1352 3548 1388 3619 in
1414 3544 1712 3619 Zauichosth
1739 3545 1817 3635 sita,

266 3666 365 3741 caina
400 3669 596 3758 proprietas
621 3666 667 3740 ad
693 3669 940 3741 monasterinm
976 3668 1094 3741 Sancti
1122 3668 1284 3742 Andreae
1311 3670 1483 3760 pertinet,
1520 3672 1667 3759 occupat
1703 3672 1818 3739 autem

267 3787 362 3860 illam
389 3784 583 3863 Stanislaus
609 3790 853 3883 Vyrr'arslry
879 3790 923 3862 de
951 3790 1053 3863 domo
1079 3791 1103 3864 J
1112 3792 1260 3863 anina.
1287 3790 1326 3860 ln
1350 3810 1419 3880 qua
1445 3794 1499 3861 est
1524 3788 1715 3879 praedium,
1734 3806 1817 3878 qua-

266 3916 349 3981 tuor
373 3910 465 3983 lauci
491 3911 734 4003 auctionales,
761 3932 831 3984 una
857 3912 1003 3985 taberna
1028 3912 1161 3985 habens
1187 3932 1305 4004 agros,
1332 3915 1369 3982 et
1395 3910 1484 3983 duae
1511 3908 1728 3981 hortulaniae
1755 3908 1817 3979 ha-

265 4030 388 4103 bentes
415 4052 529 4123 agros,
555 4037 592 4103 et
617 4033 661 4107 dc
686 4033 847 4107 omuibus
872 4033 1021 4106 soluitur
1047 4032 1181 4105 decima
1199 4031 1429 4123 manipularis
1450 4036 1487 4103 et
1514 4028 1691 4121 canapalis
1709 4028 1817 4101 eccle·

265 4152 339 4224 siae
364 4158 402 4225 et
427 4154 576 4244 plebano
602 4152 750 4227 Sanctae
776 4154 963 4228 Trinitatis
989 4156 1025 4227 in
1052 4154 1359 4227 Zawichosth.

369 4274 552 4367 Dzuuow,
578 4274 663 4348 villa
688 4276 753 4347 sub
779 4278 944 4367 paroclria
969 4276 1117 4351 Sanctae
1144 4276 1326 4349 Trinitatis
1352 4276 1387 4346 in
1415 4273 1712 4346 Zawichosth
1738 4272 1816 4362 sita,

264 4396 363 4467 cuius
388 4397 586 4487 proprietas
613 4396 658 4469 ad
685 4398 965 4470 sanctimoniales
992 4398 1111 4471 Sancti
1138 4395 1300 4469 Andreae
1327 4397 1363 4467 in
1390 4394 1621 4467 Gracovia
1655 4393 1817 4484 pertinet.

265 4517 306 4588 ln
333 4538 402 4608 qua
427 4518 510 4590 sunt
535 4518 626 4591 lanei
653 4520 897 4610 amathonales,
925 4519 967 4591 de
986 4521 1111 4611 quibus
1130 4519 1279 4592 solvitur
1305 4517 1439 4590 decima
1464 4515 1691 4607 manipularis
1708 4514 1815 4586 eccle-

263 4636 338 4709 aare
366 4637 514 4711 Sanctae
541 4640 724 4713 Trinitatis
752 4643 786 4713 in
813 4643 842 4714 Z
851 4643 1119 4716 awichosth.
1163 4641 1242 4714 Non
1270 4646 1325 4713 est
1352 4640 1401 4712 ibi
1428 4637 1618 4730 praedium,
1646 4656 1709 4707 nec
1735 4636 1816 4706 hor-

264 4759 429 4853 tulaniae,
455 4782 567 4855 neque
593 4764 771 4835 tabernae.

249 4884 254 4891 '
369 4880 661 4975 Prornowuczn,
687 4884 769 4957 villa
796 4885 861 4956 sub
887 4886 1053 4975 parochia
1080 4884 1228 4957 Sanctae
1247 4882 1430 4954 Trinitatis
1457 4881 1492 4951 in
1519 4877 1816 4951 Zawichosth

264 5002 351 5094 sita,
386 5006 484 5077 cuius
509 5006 708 5097 proprietas
734 5006 779 5077 ad
806 5006 1087 5080 sanctimoniales
1123 5006 1167 5077 de
1193 5005 1319 5077 Sancto
1346 5002 1490 5075 Andrea
1525 5001 1561 5071 in
1589 4999 1819 5073 Gracouia

262 5125 424 5215 pertinet
467 5127 507 5199 ln
541 5148 610 5219 qua
636 5128 899 5218 quatuordecim
934 5129 1026 5200 lanei
1052 5126 1305 5216 cmethonalea,
1332 5124 1420 5197 duae
1447 5124 1616 5195 tabernae
1642 5121 1813 5194 habentes

265 5266 378 5339 agros,
405 5254 442 5320 et
467 5270 536 5322 una
562 5250 779 5341 hortulauia,
806 5249 849 5322 de
877 5250 1001 5342 quibus
1029 5250 1188 5321 omnibus
1215 5246 1363 5320 solvitur
1390 5251 1426 5318 et
1452 5243 1658 5317 conducitur
1683 5242 1816 5315 decima

265 5370 492 5460 manipularis
518 5377 554 5444 et
580 5373 756 5464 canapalis
783 5393 847 5463 pro
874 5373 1032 5445 cantoria
1057 5370 1340 5461 Sandomiriensi,
1367 5373 1403 5440 et
1428 5367 1528 5440 valor
1554 5366 1628 5439 eius
1654 5363 1817 5437 aestima-

265 5492 325 5562 tur
351 5491 395 5563 ad
414 5546 529 5565 .....
555 5494 644 5566 Item
671 5496 721 5568 ibi
748 5494 937 5586 praedium,
964 5494 1094 5586 dequo
1120 5491 1400 5566 sanctimoniales
1426 5490 1624 5582 percipiunt
1640 5488 1817 5560 decimans.

226 5676 230 5685 .
368 5612 609 5707 Manscuow,
643 5618 729 5690 uilla
764 5618 828 5689 sub
855 5616 1021 5708 parochia
1055 5614 1201 5687 Sanctae
1229 5613 1412 5686 Trinitatis
1448 5607 1815 5684 deZawichosth

264 5732 344 5826 sita,
370 5736 467 5808 cuius
487 5740 685 5830 proprietas
710 5739 756 5811 ad
784 5738 1029 5811 scholasticum
1048 5736 1362 5809 Sandomiriensem
1381 5735 1543 5825 pertinet.
1570 5731 1609 5802 ln
1629 5749 1698 5821 qua
1715 5726 1816 5819 quin-

264 5876 332 5947 que
367 5857 476 5948 lanei,
516 5859 560 5931 de
586 5861 711 5953 quibus
746 5860 941 5933 decimatur
975 5859 1203 5933 scholastriae
1239 5856 1530 5945 Sandomiriensi,
1569 5858 1606 5925 et
1641 5850 1746 5922 etiam
1772 5847 1816 5919 de

265 5978 420 6070 praedio.

368 6100 690 6194 Mrsrazowrcan,
716 6104 800 6177 villa
817 6104 883 6176 sub
901 6104 1068 6196 parochia
1085 6102 1234 6175 Sanctae
1249 6097 1440 6171 Trinitatis
1454 6096 1498 6168 de
1516 6091 1817 6167 Zawichosth

264 6223 341 6315 sita,
369 6223 494 6296 fundus
522 6230 636 6296 autom
663 6226 890 6299 scholastriae
916 6224 1217 6297 Sandomiriensis.
1244 6221 1284 6292 In
1312 6242 1380 6312 qna
1398 6240 1465 6290 non
1484 6216 1674 6310 praedium,
1701 6233 1814 6304 neque

265 6346 442 6438 tabernae,
469 6368 532 6419 nec
558 6347 788 6438 hortulauiae,
815 6347 876 6419 sed
903 6348 994 6419 lauei
1021 6346 1256 6417 amethonales
1282 6341 1519 6416 tautummodo
1546 6340 1624 6429 duo,
1652 6335 1814 6429 quoniam

265 6466 326 6538 alii
351 6468 509 6560 absorpti
536 6476 619 6542 aaut
648 6490 711 6561 par
737 6468 935 6559 Vislam,
970 6468 1166 6558 dequibus
1204 6466 1397 6539 decimatur
1431 6460 1657 6534 scholastriae
1684 6455 1815 6529 Sando-

249 6608 430 6661 mrrrensr.
491 6610 495 6615 ·
1357 6602 1360 6609 ·
