<?xml version="1.0" encoding="UTF-8"?>
<!DOCTYPE html PUBLIC "-//W3C//DTD XHTML 1.0 Transitional//EN"
    "http://www.w3.org/TR/xhtml1/DTD/xhtml1-transitional.dtd">
<html xmlns="http://www.w3.org/1999/xhtml" xml:lang="en" lang="en">
 <head>
  <title>
</title>
<meta http-equiv="Content-Type" content="text/html;charset=utf-8" />
  <meta name='ocr-system' content='tesseract 3.04.00' />
  <meta name='ocr-capabilities' content='ocr_page ocr_carea ocr_par ocr_line ocrx_word'/>
</head>
<body>
  <div class='ocr_page' id='page_1' title='image "./joannisdugoszse01dugoog_0193.png"; bbox 0 0 4200 8342; ppageno 0'>
   <div class='ocr_carea' id='block_1_1' title="bbox 1722 1622 1812 1696">
    <p class='ocr_par' dir='ltr' id='par_1_1' title="bbox 1722 1622 1812 1696">
     <span class='ocr_line' id='line_1_1' title="bbox 1722 1622 1812 1696; baseline -0.078 -2"><span class='ocrx_word' id='word_1_1' title='bbox 1722 1622 1792 1696; x_wconf 87' lang='grc'>167</span> <span class='ocrx_word' id='word_1_2' title='bbox 1807 1676 1812 1687; x_wconf 93' lang='grc'><strong>.</strong></span> 
     </span>
    </p>
   </div>
   <div class='ocr_carea' id='block_1_2' title="bbox 153 1820 1798 4220">
    <p class='ocr_par' dir='ltr' id='par_1_2' title="bbox 350 1820 1797 2161">
     <span class='ocr_line' id='line_1_2' title="bbox 350 1820 1797 1917; baseline 0.001 -21"><span class='ocrx_word' id='word_1_3' title='bbox 350 1820 728 1916; x_wconf 78' lang='lat' dir='ltr'>Maaczvnnowvczn,</span> <span class='ocrx_word' id='word_1_4' title='bbox 754 1824 838 1897; x_wconf 91' lang='lat' dir='ltr'>villa</span> <span class='ocrx_word' id='word_1_5' title='bbox 863 1828 927 1898; x_wconf 90' lang='lat' dir='ltr'>sub</span> <span class='ocrx_word' id='word_1_6' title='bbox 954 1826 1122 1917; x_wconf 91' lang='lat' dir='ltr'>parochia</span> <span class='ocrx_word' id='word_1_7' title='bbox 1148 1824 1191 1898; x_wconf 92' lang='grc'>(11</span> <span class='ocrx_word' id='word_1_8' title='bbox 1217 1824 1588 1917; x_wconf 83' lang='lat' dir='ltr'>Koszczyelpecz</span> <span class='ocrx_word' id='word_1_9' title='bbox 1623 1829 1692 1900; x_wconf 90' lang='lat' dir='ltr'>sita</span> <span class='ocrx_word' id='word_1_10' title='bbox 1709 1884 1717 1899; x_wconf 88' lang='lat'><strong>.</strong></span> <span class='ocrx_word' id='word_1_11' title='bbox 1736 1885 1744 1899; x_wconf 92' lang='lat'><strong>.</strong></span> <span class='ocrx_word' id='word_1_12' title='bbox 1763 1884 1797 1899; x_wconf 92' lang='lat'>..</span> 
     </span>
     <span class='ocr_line' id='line_1_3' title="bbox 350 1944 1581 2039; baseline 0.002 -23"><span class='ocrx_word' id='word_1_13' title='bbox 350 1944 595 2035; x_wconf 77' lang='grc'>1111111111,</span> <span class='ocrx_word' id='word_1_14' title='bbox 622 1947 706 2018; x_wconf 84' lang='grc'>11111</span> <span class='ocrx_word' id='word_1_15' title='bbox 732 1948 796 2018; x_wconf 90' lang='lat' dir='ltr'>sub</span> <span class='ocrx_word' id='word_1_16' title='bbox 823 1949 991 2038; x_wconf 88' lang='lat' dir='ltr'>parochia</span> <span class='ocrx_word' id='word_1_17' title='bbox 1017 1948 1060 2020; x_wconf 94' lang='lat' dir='ltr'>de</span> <span class='ocrx_word' id='word_1_18' title='bbox 1087 1948 1424 2039; x_wconf 81' lang='lat' dir='ltr'>(loszczelyecz</span> <span class='ocrx_word' id='word_1_19' title='bbox 1451 1950 1581 2020; x_wconf 85' lang='lat' dir='ltr'>sita...</span> 
     </span>
     <span class='ocr_line' id='line_1_4' title="bbox 352 2063 1375 2161; baseline 0.005 -26"><span class='ocrx_word' id='word_1_20' title='bbox 352 2065 551 2157; x_wconf 80' lang='lat' dir='ltr'>anuous,</span> <span class='ocrx_word' id='word_1_21' title='bbox 578 2067 663 2139; x_wconf 90' lang='lat' dir='ltr'>villa</span> <span class='ocrx_word' id='word_1_22' title='bbox 688 2069 753 2140; x_wconf 90' lang='lat' dir='ltr'>sub</span> <span class='ocrx_word' id='word_1_23' title='bbox 780 2068 823 2139; x_wconf 95' lang='lat' dir='ltr'>de</span> <span class='ocrx_word' id='word_1_24' title='bbox 850 2063 1217 2161; x_wconf 76' lang='lat' dir='ltr'>Ooszczyel&#39;yecz</span> <span class='ocrx_word' id='word_1_25' title='bbox 1244 2071 1375 2141; x_wconf 87' lang='lat' dir='ltr'>sita...</span> 
     </span>
    </p>

    <p class='ocr_par' dir='ltr' id='par_1_3' title="bbox 153 2186 1797 2622">
     <span class='ocr_line' id='line_1_5' title="bbox 351 2186 1795 2283; baseline 0.003 -25"><span class='ocrx_word' id='word_1_26' title='bbox 351 2186 629 2277; x_wconf 72' lang='lat' dir='ltr'>corronium,</span> <span class='ocrx_word' id='word_1_27' title='bbox 664 2189 747 2260; x_wconf 91' lang='lat' dir='ltr'>villa</span> <span class='ocrx_word' id='word_1_28' title='bbox 773 2190 837 2261; x_wconf 92' lang='lat' dir='ltr'>sub</span> <span class='ocrx_word' id='word_1_29' title='bbox 863 2190 1030 2279; x_wconf 89' lang='lat' dir='ltr'>parochia</span> <span class='ocrx_word' id='word_1_30' title='bbox 1055 2190 1220 2267; x_wconf 87' lang='lat' dir='ltr'>ecclesiae</span> <span class='ocrx_word' id='word_1_31' title='bbox 1247 2190 1290 2262; x_wconf 92' lang='grc'>(11</span> <span class='ocrx_word' id='word_1_32' title='bbox 1317 2190 1692 2283; x_wconf 86' lang='lat' dir='ltr'>Koszczyelyecz</span> <span class='ocrx_word' id='word_1_33' title='bbox 1719 2192 1795 2281; x_wconf 87' lang='lat' dir='ltr'>sita,</span> 
     </span>
     <span class='ocr_line' id='line_1_6' title="bbox 153 2308 1796 2410; baseline 0.003 -31"><span class='ocrx_word' id='word_1_34' title='bbox 153 2403 156 2410; x_wconf 28' lang='grc' dir='ltr'>Ι</span> <span class='ocrx_word' id='word_1_35' title='bbox 246 2310 344 2380; x_wconf 89' lang='lat' dir='ltr'>cuius</span> <span class='ocrx_word' id='word_1_36' title='bbox 370 2308 575 2410; x_wconf 80' lang='lat' dir='ltr'>proprietas</span> <span class='ocrx_word' id='word_1_37' title='bbox 595 2310 640 2381; x_wconf 90' lang='lat' dir='ltr'>ad</span> <span class='ocrx_word' id='word_1_38' title='bbox 666 2311 912 2382; x_wconf 87' lang='lat' dir='ltr'>monasterium</span> <span class='ocrx_word' id='word_1_39' title='bbox 940 2310 983 2382; x_wconf 89' lang='lat' dir='ltr'>de</span> <span class='ocrx_word' id='word_1_40' title='bbox 1015 2309 1313 2402; x_wconf 80' lang='lat' dir='ltr'>Stauyathhy</span> <span class='ocrx_word' id='word_1_41' title='bbox 1348 2314 1519 2402; x_wconf 78' lang='lat' dir='ltr'>pertinet,</span> <span class='ocrx_word' id='word_1_42' title='bbox 1554 2312 1688 2383; x_wconf 90' lang='lat' dir='ltr'>decima</span> <span class='ocrx_word' id='word_1_43' title='bbox 1713 2332 1796 2384; x_wconf 90' lang='lat' dir='ltr'>vero</span> 
     </span>
     <span class='ocr_line' id='line_1_7' title="bbox 245 2429 1797 2523; baseline 0.002 -23"><span class='ocrx_word' id='word_1_44' title='bbox 245 2429 472 2520; x_wconf 77' lang='lat' dir='ltr'><strong>manipularis</strong></span> <span class='ocrx_word' id='word_1_45' title='bbox 498 2429 544 2501; x_wconf 94' lang='lat' dir='ltr'>ad</span> <span class='ocrx_word' id='word_1_46' title='bbox 570 2430 733 2502; x_wconf 81' lang='lat' dir='ltr'>vicariam</span> <span class='ocrx_word' id='word_1_47' title='bbox 760 2431 979 2520; x_wconf 79' lang='lat' dir='ltr'>praebendae</span> <span class='ocrx_word' id='word_1_48' title='bbox 1006 2430 1256 2521; x_wconf 82' lang='lat' dir='ltr'>Cracovieusis,</span> <span class='ocrx_word' id='word_1_49' title='bbox 1284 2452 1372 2523; x_wconf 87' lang='lat' dir='ltr'>quae</span> <span class='ocrx_word' id='word_1_50' title='bbox 1390 2432 1628 2505; x_wconf 86' lang='lat' dir='ltr'>Poszanczska</span> <span class='ocrx_word' id='word_1_51' title='bbox 1646 2433 1797 2522; x_wconf 92' lang='lat' dir='ltr'>appella-</span> 
     </span>
     <span class='ocr_line' id='line_1_8' title="bbox 246 2557 439 2622; baseline 0 -1"><span class='ocrx_word' id='word_1_52' title='bbox 246 2557 305 2622; x_wconf 91' lang='lat' dir='ltr'>tur</span> <span class='ocrx_word' id='word_1_53' title='bbox 324 2604 439 2621; x_wconf 90' lang='grc'><strong>.....</strong></span> 
     </span>
    </p>

    <p class='ocr_par' dir='ltr' id='par_1_4' title="bbox 235 2671 1797 3248">
     <span class='ocr_line' id='line_1_9' title="bbox 348 2671 1797 2766; baseline 0.002 -23"><span class='ocrx_word' id='word_1_54' title='bbox 348 2671 583 2762; x_wconf 80' lang='lat' dir='ltr'>Bounnrczn,</span> <span class='ocrx_word' id='word_1_55' title='bbox 610 2672 693 2743; x_wconf 92' lang='lat' dir='ltr'>villa</span> <span class='ocrx_word' id='word_1_56' title='bbox 711 2674 775 2745; x_wconf 92' lang='lat' dir='ltr'>sub</span> <span class='ocrx_word' id='word_1_57' title='bbox 793 2674 960 2764; x_wconf 91' lang='lat' dir='ltr'>parochia</span> <span class='ocrx_word' id='word_1_58' title='bbox 986 2674 1150 2747; x_wconf 90' lang='lat' dir='ltr'>ecclesiae</span> <span class='ocrx_word' id='word_1_59' title='bbox 1168 2674 1211 2747; x_wconf 91' lang='lat' dir='ltr'>de</span> <span class='ocrx_word' id='word_1_60' title='bbox 1238 2673 1554 2766; x_wconf 84' lang='lat' dir='ltr'>Kosczelyocz</span> <span class='ocrx_word' id='word_1_61' title='bbox 1581 2675 1668 2765; x_wconf 90' lang='lat' dir='ltr'>sita,</span> <span class='ocrx_word' id='word_1_62' title='bbox 1701 2676 1797 2746; x_wconf 91' lang='lat' dir='ltr'>cuius</span> 
     </span>
     <span class='ocr_line' id='line_1_10' title="bbox 235 2784 1796 2898; baseline 0.003 -35"><span class='ocrx_word' id='word_1_63' title='bbox 235 2784 443 2883; x_wconf 76' lang='lat' dir='ltr'>&#39;proprietas</span> <span class='ocrx_word' id='word_1_64' title='bbox 469 2793 527 2898; x_wconf 10' lang='lat' dir='ltr'>ad*</span> <span class='ocrx_word' id='word_1_65' title='bbox 541 2794 798 2866; x_wconf 88' lang='lat' dir='ltr'>serenissimum</span> <span class='ocrx_word' id='word_1_66' title='bbox 824 2794 990 2867; x_wconf 92' lang='lat' dir='ltr'>Poloniae</span> <span class='ocrx_word' id='word_1_67' title='bbox 1016 2817 1135 2886; x_wconf 80' lang='lat' dir='ltr'>regem</span> <span class='ocrx_word' id='word_1_68' title='bbox 1161 2798 1332 2887; x_wconf 82' lang='lat' dir='ltr'>pertinet,</span> <span class='ocrx_word' id='word_1_69' title='bbox 1368 2797 1502 2869; x_wconf 88' lang='lat' dir='ltr'>decima</span> <span class='ocrx_word' id='word_1_70' title='bbox 1528 2818 1610 2868; x_wconf 89' lang='lat' dir='ltr'>vero</span> <span class='ocrx_word' id='word_1_71' title='bbox 1637 2798 1796 2886; x_wconf 90' lang='lat' dir='ltr'>manipu-</span> 
     </span>
     <span class='ocr_line' id='line_1_11' title="bbox 244 2913 1795 3008; baseline 0.002 -23"><span class='ocrx_word' id='word_1_72' title='bbox 244 2913 328 2985; x_wconf 86' lang='lat' dir='ltr'>laris</span> <span class='ocrx_word' id='word_1_73' title='bbox 361 2913 409 2988; x_wconf 89' lang='lat' dir='ltr'>ad</span> <span class='ocrx_word' id='word_1_74' title='bbox 434 2915 669 3006; x_wconf 86' lang='lat' dir='ltr'>praebendam</span> <span class='ocrx_word' id='word_1_75' title='bbox 705 2914 987 3007; x_wconf 70' lang='lat' dir='ltr'>cracoviensem,</span> <span class='ocrx_word' id='word_1_76' title='bbox 1023 2938 1111 3008; x_wconf 90' lang='lat' dir='ltr'>quae</span> <span class='ocrx_word' id='word_1_77' title='bbox 1144 2922 1289 2989; x_wconf 88' lang='lat' dir='ltr'>vocatur</span> <span class='ocrx_word' id='word_1_78' title='bbox 1315 2917 1534 2990; x_wconf 83' lang='lat' dir='ltr'>Posenczslra</span> <span class='ocrx_word' id='word_1_79' title='bbox 1565 2919 1608 2988; x_wconf 92' lang='lat' dir='ltr'>de</span> <span class='ocrx_word' id='word_1_80' title='bbox 1635 2918 1795 2989; x_wconf 85' lang='lat' dir='ltr'>undecim</span> 
     </span>
     <span class='ocr_line' id='line_1_12' title="bbox 246 3035 1797 3129; baseline 0.002 -24"><span class='ocrx_word' id='word_1_81' title='bbox 246 3035 357 3106; x_wconf 86' lang='grc'>111111</span> <span class='ocrx_word' id='word_1_82' title='bbox 382 3036 665 3127; x_wconf 88' lang='lat' dir='ltr'>cmetbonalibus,</span> <span class='ocrx_word' id='word_1_83' title='bbox 693 3036 737 3109; x_wconf 91' lang='lat' dir='ltr'>de</span> <span class='ocrx_word' id='word_1_84' title='bbox 755 3039 898 3127; x_wconf 90' lang='lat' dir='ltr'>praedio</span> <span class='ocrx_word' id='word_1_85' title='bbox 917 3059 1000 3109; x_wconf 89' lang='lat' dir='ltr'>vero</span> <span class='ocrx_word' id='word_1_86' title='bbox 1027 3038 1174 3110; x_wconf 88' lang='lat' dir='ltr'>solvitur</span> <span class='ocrx_word' id='word_1_87' title='bbox 1201 3039 1368 3110; x_wconf 90' lang='lat' dir='ltr'>ecclesiae</span> <span class='ocrx_word' id='word_1_88' title='bbox 1396 3038 1586 3129; x_wconf 89' lang='lat' dir='ltr'>parochiali</span> <span class='ocrx_word' id='word_1_89' title='bbox 1613 3040 1650 3109; x_wconf 93' lang='lat' dir='ltr'>in</span> <span class='ocrx_word' id='word_1_90' title='bbox 1670 3038 1797 3128; x_wconf 89' lang='lat' dir='ltr'>oppido</span> 
     </span>
     <span class='ocr_line' id='line_1_13' title="bbox 248 3154 436 3248; baseline 0.011 -21"><span class='ocrx_word' id='word_1_91' title='bbox 248 3154 436 3248; x_wconf 82' lang='lat' dir='ltr'>Usczpe</span> 
     </span>
    </p>

    <p class='ocr_par' dir='ltr' id='par_1_5' title="bbox 247 3276 1798 3597">
     <span class='ocr_line' id='line_1_14' title="bbox 351 3276 1798 3372; baseline 0.002 -24"><span class='ocrx_word' id='word_1_92' title='bbox 351 3276 568 3370; x_wconf 74' lang='grc'>1111111111,</span> <span class='ocrx_word' id='word_1_93' title='bbox 605 3278 689 3351; x_wconf 88' lang='lat' dir='ltr'>villa</span> <span class='ocrx_word' id='word_1_94' title='bbox 723 3281 788 3351; x_wconf 92' lang='lat' dir='ltr'>sub</span> <span class='ocrx_word' id='word_1_95' title='bbox 814 3280 982 3371; x_wconf 89' lang='lat' dir='ltr'>parochia</span> <span class='ocrx_word' id='word_1_96' title='bbox 1017 3280 1060 3352; x_wconf 91' lang='grc'>(11</span> <span class='ocrx_word' id='word_1_97' title='bbox 1090 3278 1434 3372; x_wconf 80' lang='lat' dir='ltr'>(losczyelyecz</span> <span class='ocrx_word' id='word_1_98' title='bbox 1472 3280 1558 3371; x_wconf 91' lang='lat' dir='ltr'>sita,</span> <span class='ocrx_word' id='word_1_99' title='bbox 1595 3281 1691 3351; x_wconf 91' lang='lat' dir='ltr'>cuius</span> <span class='ocrx_word' id='word_1_100' title='bbox 1718 3300 1798 3369; x_wconf 91' lang='lat' dir='ltr'>pro·</span> 
     </span>
     <span class='ocr_line' id='line_1_15' title="bbox 247 3400 512 3489; baseline -0.004 -19"><span class='ocrx_word' id='word_1_101' title='bbox 247 3400 380 3489; x_wconf 86' lang='lat' dir='ltr'>prietas</span> <span class='ocrx_word' id='word_1_102' title='bbox 397 3451 512 3470; x_wconf 87' lang='grc'><strong>.....</strong></span> 
     </span>
     <span class='ocr_line' id='line_1_16' title="bbox 539 3523 1150 3597; baseline 0 -3"><span class='ocrx_word' id='word_1_103' title='bbox 539 3539 542 3544; x_wconf 80' lang='grc'><strong>’</strong></span> <span class='ocrx_word' id='word_1_104' title='bbox 895 3523 1150 3597; x_wconf 81' lang='lat' dir='ltr'>Xvnnoruczs.</span> 
     </span>
    </p>

    <p class='ocr_par' dir='ltr' id='par_1_6' title="bbox 246 3633 1798 4220">
     <span class='ocr_line' id='line_1_17' title="bbox 349 3633 1796 3735; baseline 0.001 -21"><span class='ocrx_word' id='word_1_105' title='bbox 349 3639 444 3714; x_wconf 87' lang='lat' dir='ltr'>Villa</span> <span class='ocrx_word' id='word_1_106' title='bbox 469 3641 602 3715; x_wconf 89' lang='lat' dir='ltr'>habens</span> <span class='ocrx_word' id='word_1_107' title='bbox 638 3633 674 3713; x_wconf 86' lang='lat' dir='ltr'>in</span> <span class='ocrx_word' id='word_1_108' title='bbox 706 3664 744 3715; x_wconf 90' lang='lat' dir='ltr'>se</span> <span class='ocrx_word' id='word_1_109' title='bbox 770 3645 1004 3734; x_wconf 88' lang='lat' dir='ltr'>parochialem</span> <span class='ocrx_word' id='word_1_110' title='bbox 1037 3646 1219 3717; x_wconf 90' lang='lat' dir='ltr'>ecclesiam</span> <span class='ocrx_word' id='word_1_111' title='bbox 1253 3645 1423 3735; x_wconf 82' lang='lat' dir='ltr'>ligneam,</span> <span class='ocrx_word' id='word_1_112' title='bbox 1458 3642 1584 3723; x_wconf 88' lang='lat' dir='ltr'>Sancto</span> <span class='ocrx_word' id='word_1_113' title='bbox 1621 3643 1796 3734; x_wconf 88' lang='lat' dir='ltr'>Stephano</span> 
     </span>
     <span class='ocr_line' id='line_1_18' title="bbox 246 3751 1798 3857; baseline 0.001 -23"><span class='ocrx_word' id='word_1_114' title='bbox 246 3759 447 3853; x_wconf 84' lang='lat' dir='ltr'>Hungariae</span> <span class='ocrx_word' id='word_1_115' title='bbox 473 3764 549 3853; x_wconf 87' lang='lat' dir='ltr'>regi</span> <span class='ocrx_word' id='word_1_116' title='bbox 576 3764 738 3854; x_wconf 89' lang='lat' dir='ltr'>dicatam,</span> <span class='ocrx_word' id='word_1_117' title='bbox 764 3766 862 3837; x_wconf 90' lang='lat' dir='ltr'>cuius</span> <span class='ocrx_word' id='word_1_118' title='bbox 889 3751 1085 3855; x_wconf 82' lang='lat' dir='ltr'>proprietas‘</span> <span class='ocrx_word' id='word_1_119' title='bbox 1112 3765 1156 3838; x_wconf 92' lang='lat' dir='ltr'>ad</span> <span class='ocrx_word' id='word_1_120' title='bbox 1183 3767 1345 3838; x_wconf 87' lang='lat' dir='ltr'>abbatem</span> <span class='ocrx_word' id='word_1_121' title='bbox 1372 3771 1407 3836; x_wconf 86' lang='lat' dir='ltr'>et</span> <span class='ocrx_word' id='word_1_122' title='bbox 1434 3766 1681 3837; x_wconf 85' lang='lat' dir='ltr'>monasterium</span> <span class='ocrx_word' id='word_1_123' title='bbox 1705 3765 1798 3857; x_wconf 85' lang='lat' dir='ltr'>Thy·</span> 
     </span>
     <span class='ocr_line' id='line_1_19' title="bbox 246 3885 1798 3977; baseline 0.002 -23"><span class='ocrx_word' id='word_1_124' title='bbox 246 3885 416 3956; x_wconf 89' lang='lat' dir='ltr'>nicziense</span> <span class='ocrx_word' id='word_1_125' title='bbox 442 3885 603 3975; x_wconf 88' lang='lat' dir='ltr'>pertinet</span> <span class='ocrx_word' id='word_1_126' title='bbox 624 3958 627 3965; x_wconf 24' lang='lat' dir='ltr'><em>s</em></span> <span class='ocrx_word' id='word_1_127' title='bbox 648 3885 689 3956; x_wconf 92' lang='lat' dir='ltr'>In</span> <span class='ocrx_word' id='word_1_128' title='bbox 711 3906 786 3977; x_wconf 61' lang='lat' dir='ltr'>&gt;qua</span> <span class='ocrx_word' id='word_1_129' title='bbox 811 3893 894 3958; x_wconf 88' lang='lat' dir='ltr'>sunt</span> <span class='ocrx_word' id='word_1_130' title='bbox 920 3887 1036 3959; x_wconf 89' lang='lat' dir='ltr'>decem</span> <span class='ocrx_word' id='word_1_131' title='bbox 1065 3888 1156 3958; x_wconf 87' lang='lat' dir='ltr'>lanei</span> <span class='ocrx_word' id='word_1_132' title='bbox 1184 3887 1437 3976; x_wconf 86' lang='lat' dir='ltr'>emethonales,</span> <span class='ocrx_word' id='word_1_133' title='bbox 1473 3887 1515 3957; x_wconf 92' lang='grc'>(11</span> <span class='ocrx_word' id='word_1_134' title='bbox 1543 3888 1669 3976; x_wconf 91' lang='lat' dir='ltr'>quibus</span> <span class='ocrx_word' id='word_1_135' title='bbox 1696 3907 1798 3976; x_wconf 89' lang='lat' dir='ltr'>supe·</span> 
     </span>
     <span class='ocr_line' id='line_1_20' title="bbox 246 4002 1797 4098; baseline 0.001 -23"><span class='ocrx_word' id='word_1_136' title='bbox 246 4006 396 4077; x_wconf 90' lang='lat' dir='ltr'>rioribus</span> <span class='ocrx_word' id='word_1_137' title='bbox 423 4007 636 4095; x_wconf 90' lang='lat' dir='ltr'>temporibus</span> <span class='ocrx_word' id='word_1_138' title='bbox 672 4002 890 4097; x_wconf 87' lang='lat' dir='ltr'>percipiebat</span> <span class='ocrx_word' id='word_1_139' title='bbox 922 4008 1089 4096; x_wconf 88' lang='lat' dir='ltr'>plebanus</span> <span class='ocrx_word' id='word_1_140' title='bbox 1125 4008 1161 4078; x_wconf 90' lang='lat' dir='ltr'>in</span> <span class='ocrx_word' id='word_1_141' title='bbox 1188 4007 1457 4098; x_wconf 84' lang='lat' dir='ltr'>Xyagnicze</span> <span class='ocrx_word' id='word_1_142' title='bbox 1495 4007 1662 4078; x_wconf 89' lang='lat' dir='ltr'>decimam</span> <span class='ocrx_word' id='word_1_143' title='bbox 1688 4008 1797 4077; x_wconf 88' lang='lat' dir='ltr'>mani·</span> 
     </span>
     <span class='ocr_line' id='line_1_21' title="bbox 247 4127 1796 4220; baseline 0.001 -23"><span class='ocrx_word' id='word_1_144' title='bbox 247 4127 403 4215; x_wconf 89' lang='lat' dir='ltr'>pularem</span> <span class='ocrx_word' id='word_1_145' title='bbox 421 4134 457 4198; x_wconf 92' lang='lat' dir='ltr'>et</span> <span class='ocrx_word' id='word_1_146' title='bbox 471 4128 681 4218; x_wconf 88' lang='lat' dir='ltr'>canapalem;</span> <span class='ocrx_word' id='word_1_147' title='bbox 699 4128 802 4199; x_wconf 88' lang='lat' dir='ltr'>hodie</span> <span class='ocrx_word' id='word_1_148' title='bbox 816 4133 940 4220; x_wconf 89' lang='lat' dir='ltr'>autem,</span> <span class='ocrx_word' id='word_1_149' title='bbox 960 4150 1027 4220; x_wconf 92' lang='lat' dir='ltr'>quo</span> <span class='ocrx_word' id='word_1_150' title='bbox 1042 4134 1144 4219; x_wconf 90' lang='lat' dir='ltr'>pacto</span> <span class='ocrx_word' id='word_1_151' title='bbox 1163 4129 1326 4219; x_wconf 88' lang='lat' dir='ltr'>nescitur,</span> <span class='ocrx_word' id='word_1_152' title='bbox 1344 4129 1437 4200; x_wconf 86' lang='lat' dir='ltr'>tollit</span> <span class='ocrx_word' id='word_1_153' title='bbox 1455 4148 1531 4199; x_wconf 90' lang='lat' dir='ltr'>eam</span> <span class='ocrx_word' id='word_1_154' title='bbox 1549 4127 1796 4199; x_wconf 86' lang='lat' dir='ltr'>monasterium</span> 
     </span>
    </p>
   </div>
   <div class='ocr_carea' id='block_1_3' title="bbox 106 4246 1871 4462">
    <p class='ocr_par' dir='ltr' id='par_1_7' title="bbox 106 4246 1871 4462">
     <span class='ocr_line' id='line_1_22' title="bbox 143 4246 1795 4339; baseline 0.001 -22"><span class='ocrx_word' id='word_1_155' title='bbox 143 4330 148 4338; x_wconf 26' lang='lat'><strong>¹</strong></span> <span class='ocrx_word' id='word_1_156' title='bbox 247 4246 481 4339; x_wconf 85' lang='lat' dir='ltr'>Thyncziense</span> <span class='ocrx_word' id='word_1_157' title='bbox 507 4249 604 4321; x_wconf 90' lang='lat' dir='ltr'>etin</span> <span class='ocrx_word' id='word_1_158' title='bbox 631 4250 796 4322; x_wconf 88' lang='lat' dir='ltr'>horreum</span> <span class='ocrx_word' id='word_1_159' title='bbox 823 4271 921 4322; x_wconf 90' lang='lat' dir='ltr'>suurn</span> <span class='ocrx_word' id='word_1_160' title='bbox 949 4251 1091 4339; x_wconf 90' lang='lat' dir='ltr'>inducit,</span> <span class='ocrx_word' id='word_1_161' title='bbox 1118 4255 1155 4321; x_wconf 91' lang='grc'>11</span> <span class='ocrx_word' id='word_1_162' title='bbox 1182 4250 1280 4323; x_wconf 90' lang='lat' dir='ltr'>valor</span> <span class='ocrx_word' id='word_1_163' title='bbox 1298 4252 1371 4322; x_wconf 92' lang='lat' dir='ltr'>eius</span> <span class='ocrx_word' id='word_1_164' title='bbox 1400 4251 1606 4321; x_wconf 82' lang='lat' dir='ltr'>aestImatur</span> <span class='ocrx_word' id='word_1_165' title='bbox 1633 4249 1677 4320; x_wconf 90' lang='lat' dir='ltr'>ad</span> <span class='ocrx_word' id='word_1_166' title='bbox 1696 4250 1795 4338; x_wconf 93' lang='lat' dir='ltr'>quiu-</span> 
     </span>
     <span class='ocr_line' id='line_1_23' title="bbox 106 4362 1871 4462; baseline 0.001 -24"><span class='ocrx_word' id='word_1_167' title='bbox 106 4391 114 4410; x_wconf 71' lang='grc'><em>’</em></span> <span class='ocrx_word' id='word_1_168' title='bbox 247 4368 357 4440; x_wconf 88' lang='lat' dir='ltr'>decim</span> <span class='ocrx_word' id='word_1_169' title='bbox 383 4390 527 4442; x_wconf 86' lang='lat' dir='ltr'>marcas.</span> <span class='ocrx_word' id='word_1_170' title='bbox 569 4369 658 4441; x_wconf 89' lang='lat' dir='ltr'>Item</span> <span class='ocrx_word' id='word_1_171' title='bbox 685 4377 740 4442; x_wconf 90' lang='lat' dir='ltr'>est</span> <span class='ocrx_word' id='word_1_172' title='bbox 766 4372 816 4443; x_wconf 94' lang='lat' dir='ltr'>ibi</span> <span class='ocrx_word' id='word_1_173' title='bbox 841 4373 989 4444; x_wconf 89' lang='lat' dir='ltr'>taberna</span> <span class='ocrx_word' id='word_1_174' title='bbox 1015 4371 1061 4443; x_wconf 87' lang='lat' dir='ltr'>ad</span> <span class='ocrx_word' id='word_1_175' title='bbox 1087 4372 1335 4462; x_wconf 88' lang='lat' dir='ltr'>proprietatem</span> <span class='ocrx_word' id='word_1_176' title='bbox 1362 4371 1502 4461; x_wconf 88' lang='lat' dir='ltr'>plebani</span> <span class='ocrx_word' id='word_1_177' title='bbox 1529 4370 1725 4461; x_wconf 90' lang='lat' dir='ltr'>pertinens,</span> <span class='ocrx_word' id='word_1_178' title='bbox 1752 4369 1795 4440; x_wconf 93' lang='grc'>(11</span> <span class='ocrx_word' id='word_1_179' title='bbox 1859 4362 1871 4380; x_wconf 84' lang='grc'><em>”</em></span> 
     </span>
    </p>
   </div>
   <div class='ocr_carea' id='block_1_4' title="bbox 152 4490 1888 6645">
    <p class='ocr_par' dir='ltr' id='par_1_8' title="bbox 152 4490 1888 6645">
     <span class='ocr_line' id='line_1_24' title="bbox 249 4490 1796 4583; baseline 0.001 -24"><span class='ocrx_word' id='word_1_180' title='bbox 249 4509 316 4579; x_wconf 86' lang='lat' dir='ltr'>qna</span> <span class='ocrx_word' id='word_1_181' title='bbox 341 4490 409 4562; x_wconf 93' lang='lat' dir='ltr'>sibi</span> <span class='ocrx_word' id='word_1_182' title='bbox 434 4511 498 4580; x_wconf 92' lang='lat' dir='ltr'>pro</span> <span class='ocrx_word' id='word_1_183' title='bbox 525 4511 629 4563; x_wconf 89' lang='lat' dir='ltr'>censu</span> <span class='ocrx_word' id='word_1_184' title='bbox 665 4492 848 4564; x_wconf 88' lang='lat' dir='ltr'>solvuntur</span> <span class='ocrx_word' id='word_1_185' title='bbox 875 4500 1025 4582; x_wconf 90' lang='lat' dir='ltr'>quatuor</span> <span class='ocrx_word' id='word_1_186' title='bbox 1051 4513 1196 4564; x_wconf 89' lang='lat' dir='ltr'>marcae.</span> <span class='ocrx_word' id='word_1_187' title='bbox 1240 4493 1329 4564; x_wconf 90' lang='lat' dir='ltr'>Item</span> <span class='ocrx_word' id='word_1_188' title='bbox 1356 4496 1437 4564; x_wconf 89' lang='lat' dir='ltr'>sunt</span> <span class='ocrx_word' id='word_1_189' title='bbox 1463 4492 1512 4563; x_wconf 94' lang='lat' dir='ltr'>ibi</span> <span class='ocrx_word' id='word_1_190' title='bbox 1539 4497 1689 4583; x_wconf 90' lang='lat' dir='ltr'>quatuor</span> <span class='ocrx_word' id='word_1_191' title='bbox 1715 4492 1796 4562; x_wconf 93' lang='lat' dir='ltr'>hor-</span> 
     </span>
     <span class='ocr_line' id='line_1_25' title="bbox 248 4611 1796 4704; baseline -0.001 -22"><span class='ocrx_word' id='word_1_192' title='bbox 248 4611 400 4683; x_wconf 77' lang='lat' dir='ltr'>tulanias</span> <span class='ocrx_word' id='word_1_193' title='bbox 427 4611 471 4683; x_wconf 90' lang='lat' dir='ltr'>ad</span> <span class='ocrx_word' id='word_1_194' title='bbox 497 4612 682 4703; x_wconf 90' lang='lat' dir='ltr'>plebanum</span> <span class='ocrx_word' id='word_1_195' title='bbox 708 4614 933 4704; x_wconf 82' lang='lat' dir='ltr'>pertinentes,</span> <span class='ocrx_word' id='word_1_196' title='bbox 961 4619 997 4685; x_wconf 88' lang='lat' dir='ltr'>et</span> <span class='ocrx_word' id='word_1_197' title='bbox 1024 4614 1199 4704; x_wconf 87' lang='lat' dir='ltr'>quaelibet</span> <span class='ocrx_word' id='word_1_198' title='bbox 1223 4614 1328 4686; x_wconf 91' lang='lat' dir='ltr'>solvit</span> <span class='ocrx_word' id='word_1_199' title='bbox 1354 4614 1501 4704; x_wconf 88' lang='lat' dir='ltr'>plebano</span> <span class='ocrx_word' id='word_1_200' title='bbox 1528 4633 1591 4703; x_wconf 91' lang='lat' dir='ltr'>per</span> <span class='ocrx_word' id='word_1_201' title='bbox 1617 4611 1796 4684; x_wconf 84' lang='lat' dir='ltr'>fertonem.</span> 
     </span>
     <span class='ocr_line' id='line_1_26' title="bbox 248 4730 1888 4825; baseline -0.001 -23"><span class='ocrx_word' id='word_1_202' title='bbox 248 4730 336 4804; x_wconf 86' lang='lat' dir='ltr'>Item</span> <span class='ocrx_word' id='word_1_203' title='bbox 362 4738 443 4824; x_wconf 88' lang='lat' dir='ltr'>post</span> <span class='ocrx_word' id='word_1_204' title='bbox 468 4732 664 4824; x_wconf 89' lang='lat' dir='ltr'>praedictas</span> <span class='ocrx_word' id='word_1_205' title='bbox 698 4735 881 4806; x_wconf 88' lang='lat' dir='ltr'>tabernam</span> <span class='ocrx_word' id='word_1_206' title='bbox 909 4740 945 4806; x_wconf 88' lang='grc'>11</span> <span class='ocrx_word' id='word_1_207' title='bbox 971 4734 1189 4805; x_wconf 89' lang='lat' dir='ltr'>hortulanias</span> <span class='ocrx_word' id='word_1_208' title='bbox 1215 4734 1368 4825; x_wconf 91' lang='lat' dir='ltr'>plebani,</span> <span class='ocrx_word' id='word_1_209' title='bbox 1405 4753 1494 4824; x_wconf 88' lang='lat' dir='ltr'>quae</span> <span class='ocrx_word' id='word_1_210' title='bbox 1521 4753 1640 4804; x_wconf 89' lang='lat' dir='ltr'>omnes</span> <span class='ocrx_word' id='word_1_211' title='bbox 1666 4733 1799 4803; x_wconf 86' lang='lat' dir='ltr'>habent</span> <span class='ocrx_word' id='word_1_212' title='bbox 1881 4748 1888 4758; x_wconf 90' lang='lat'><strong>·</strong></span> 
     </span>
     <span class='ocr_line' id='line_1_27' title="bbox 248 4853 1796 4945; baseline -0.003 -19"><span class='ocrx_word' id='word_1_213' title='bbox 248 4873 368 4944; x_wconf 77' lang='lat' dir='ltr'>agros,</span> <span class='ocrx_word' id='word_1_214' title='bbox 403 4854 551 4927; x_wconf 88' lang='lat' dir='ltr'>solvitur</span> <span class='ocrx_word' id='word_1_215' title='bbox 586 4855 720 4926; x_wconf 89' lang='lat' dir='ltr'>decima</span> <span class='ocrx_word' id='word_1_216' title='bbox 746 4856 972 4945; x_wconf 88' lang='lat' dir='ltr'>manipularis</span> <span class='ocrx_word' id='word_1_217' title='bbox 1009 4855 1156 4944; x_wconf 90' lang='lat' dir='ltr'>plebano</span> <span class='ocrx_word' id='word_1_218' title='bbox 1190 4856 1225 4926; x_wconf 94' lang='lat' dir='ltr'>in</span> <span class='ocrx_word' id='word_1_219' title='bbox 1253 4855 1530 4945; x_wconf 83' lang='lat' dir='ltr'>Xangniczc.</span> <span class='ocrx_word' id='word_1_220' title='bbox 1569 4853 1657 4924; x_wconf 87' lang='lat' dir='ltr'>Item</span> <span class='ocrx_word' id='word_1_221' title='bbox 1690 4853 1796 4923; x_wconf 88' lang='lat' dir='ltr'>habet</span> 
     </span>
     <span class='ocr_line' id='line_1_28' title="bbox 247 4974 1798 5066; baseline -0.002 -21"><span class='ocrx_word' id='word_1_222' title='bbox 247 4974 414 5065; x_wconf 90' lang='lat' dir='ltr'>plebanus</span> <span class='ocrx_word' id='word_1_223' title='bbox 440 4996 504 5065; x_wconf 91' lang='lat' dir='ltr'>pro</span> <span class='ocrx_word' id='word_1_224' title='bbox 531 4975 612 5047; x_wconf 86' lang='lat' dir='ltr'>dote</span> <span class='ocrx_word' id='word_1_225' title='bbox 639 4996 703 5047; x_wconf 87' lang='lat' dir='ltr'>sua</span> <span class='ocrx_word' id='word_1_226' title='bbox 728 4976 908 5066; x_wconf 90' lang='lat' dir='ltr'>praedium</span> <span class='ocrx_word' id='word_1_227' title='bbox 934 4977 1063 5047; x_wconf 91' lang='lat' dir='ltr'>bonum</span> <span class='ocrx_word' id='word_1_228' title='bbox 1081 4981 1117 5047; x_wconf 95' lang='grc'>11</span> <span class='ocrx_word' id='word_1_229' title='bbox 1135 4981 1236 5065; x_wconf 88' lang='lat' dir='ltr'>prata</span> <span class='ocrx_word' id='word_1_230' title='bbox 1262 4976 1339 5065; x_wconf 88' lang='grc'>1111,</span> <span class='ocrx_word' id='word_1_231' title='bbox 1366 4975 1409 5046; x_wconf 94' lang='grc'>(11</span> <span class='ocrx_word' id='word_1_232' title='bbox 1436 4974 1562 5063; x_wconf 90' lang='lat' dir='ltr'>quibus</span> <span class='ocrx_word' id='word_1_233' title='bbox 1589 4974 1798 5063; x_wconf 90' lang='lat' dir='ltr'>proveniunt</span> 
     </span>
     <span class='ocr_line' id='line_1_29' title="bbox 250 5081 1797 5187; baseline -0.001 -21"><span class='ocrx_word' id='word_1_234' title='bbox 250 5096 317 5168; x_wconf 88' lang='lat' dir='ltr'>sibi</span> <span class='ocrx_word' id='word_1_235' title='bbox 343 5117 408 5186; x_wconf 92' lang='lat' dir='ltr'>pro</span> <span class='ocrx_word' id='word_1_236' title='bbox 435 5096 589 5187; x_wconf 91' lang='lat' dir='ltr'>quolibet</span> <span class='ocrx_word' id='word_1_237' title='bbox 615 5081 706 5168; x_wconf 85' lang='lat' dir='ltr'>anno</span> <span class='ocrx_word' id='word_1_238' title='bbox 733 5096 828 5168; x_wconf 87' lang='lat' dir='ltr'>ultra</span> <span class='ocrx_word' id='word_1_239' title='bbox 854 5116 915 5168; x_wconf 85' lang='lat' dir='ltr'>sex</span> <span class='ocrx_word' id='word_1_240' title='bbox 943 5098 1060 5168; x_wconf 91' lang='lat' dir='ltr'>acervi</span> <span class='ocrx_word' id='word_1_241' title='bbox 1086 5087 1188 5168; x_wconf 86' lang='lat' dir='ltr'>foeni.</span> <span class='ocrx_word' id='word_1_242' title='bbox 1217 5096 1304 5167; x_wconf 90' lang='lat' dir='ltr'>Item</span> <span class='ocrx_word' id='word_1_243' title='bbox 1330 5096 1438 5167; x_wconf 91' lang='lat' dir='ltr'>habet</span> <span class='ocrx_word' id='word_1_244' title='bbox 1464 5100 1500 5166; x_wconf 91' lang='lat' dir='ltr'>et</span> <span class='ocrx_word' id='word_1_245' title='bbox 1525 5095 1674 5184; x_wconf 87' lang='lat' dir='ltr'>piscinas</span> <span class='ocrx_word' id='word_1_246' title='bbox 1702 5094 1797 5166; x_wconf 90' lang='lat' dir='ltr'>duas.</span> 
     </span>
     <span class='ocr_line' id='line_1_30' title="bbox 251 5215 1796 5308; baseline -0.002 -20"><span class='ocrx_word' id='word_1_247' title='bbox 251 5215 339 5289; x_wconf 85' lang='lat' dir='ltr'>Item</span> <span class='ocrx_word' id='word_1_248' title='bbox 365 5217 533 5307; x_wconf 91' lang='lat' dir='ltr'>plebanus</span> <span class='ocrx_word' id='word_1_249' title='bbox 569 5218 676 5290; x_wconf 86' lang='lat' dir='ltr'>habet</span> <span class='ocrx_word' id='word_1_250' title='bbox 710 5218 760 5289; x_wconf 92' lang='lat' dir='ltr'>ibi</span> <span class='ocrx_word' id='word_1_251' title='bbox 787 5223 824 5289; x_wconf 90' lang='lat' dir='ltr'>at</span> <span class='ocrx_word' id='word_1_252' title='bbox 855 5220 980 5290; x_wconf 89' lang='lat' dir='ltr'>rubeta</span> <span class='ocrx_word' id='word_1_253' title='bbox 1015 5217 1241 5307; x_wconf 87' lang='lat' dir='ltr'>sufficieutia,</span> <span class='ocrx_word' id='word_1_254' title='bbox 1278 5237 1365 5308; x_wconf 88' lang='lat' dir='ltr'>quae</span> <span class='ocrx_word' id='word_1_255' title='bbox 1401 5224 1569 5290; x_wconf 87' lang='lat' dir='ltr'>vocantur</span> <span class='ocrx_word' id='word_1_256' title='bbox 1605 5216 1796 5305; x_wconf 83' lang='lat' dir='ltr'>vulgariter</span> 
     </span>
     <span class='ocr_line' id='line_1_31' title="bbox 242 5333 1796 5432; baseline 0.002 -26"><span class='ocrx_word' id='word_1_257' title='bbox 242 5333 411 5432; x_wconf 78' lang='lat' dir='ltr'>plebanpe</span> <span class='ocrx_word' id='word_1_258' title='bbox 436 5335 566 5409; x_wconf 77' lang='lat' dir='ltr'>rzaelvti.</span> <span class='ocrx_word' id='word_1_259' title='bbox 601 5339 689 5411; x_wconf 87' lang='lat' dir='ltr'>Item</span> <span class='ocrx_word' id='word_1_260' title='bbox 715 5345 771 5411; x_wconf 88' lang='lat' dir='ltr'>est</span> <span class='ocrx_word' id='word_1_261' title='bbox 796 5341 833 5411; x_wconf 93' lang='lat' dir='ltr'>in</span> <span class='ocrx_word' id='word_1_262' title='bbox 860 5339 980 5412; x_wconf 86' lang='lat' dir='ltr'>eadem</span> <span class='ocrx_word' id='word_1_263' title='bbox 1006 5339 1089 5412; x_wconf 88' lang='lat' dir='ltr'>villa</span> <span class='ocrx_word' id='word_1_264' title='bbox 1115 5339 1295 5429; x_wconf 88' lang='lat' dir='ltr'>praedium</span> <span class='ocrx_word' id='word_1_265' title='bbox 1321 5339 1449 5410; x_wconf 87' lang='lat' dir='ltr'>bonurn</span> <span class='ocrx_word' id='word_1_266' title='bbox 1467 5338 1606 5410; x_wconf 87' lang='lat' dir='ltr'>abbatis</span> <span class='ocrx_word' id='word_1_267' title='bbox 1624 5343 1660 5409; x_wconf 96' lang='lat' dir='ltr'>et</span> <span class='ocrx_word' id='word_1_268' title='bbox 1677 5358 1796 5409; x_wconf 89' lang='lat' dir='ltr'>mona-</span> 
     </span>
     <span class='ocr_line' id='line_1_32' title="bbox 251 5458 1793 5566; baseline -0.001 -36"><span class='ocrx_word' id='word_1_269' title='bbox 251 5459 368 5549; x_wconf 89' lang='lat' dir='ltr'>sterii,</span> <span class='ocrx_word' id='word_1_270' title='bbox 403 5458 446 5531; x_wconf 89' lang='grc'>(11</span> <span class='ocrx_word' id='word_1_271' title='bbox 474 5480 541 5550; x_wconf 90' lang='lat' dir='ltr'>quo</span> <span class='ocrx_word' id='word_1_272' title='bbox 568 5461 655 5532; x_wconf 93' lang='lat' dir='ltr'>nulli</span> <span class='ocrx_word' id='word_1_273' title='bbox 681 5460 743 5532; x_wconf 89' lang='lat' dir='ltr'>dat</span> <span class='ocrx_word' id='word_1_274' title='bbox 767 5461 946 5551; x_wconf 87' lang='lat' dir='ltr'>decimam,</span> <span class='ocrx_word' id='word_1_275' title='bbox 972 5460 1035 5533; x_wconf 90' lang='lat' dir='ltr'>sed</span> <span class='ocrx_word' id='word_1_276' title='bbox 1062 5482 1137 5533; x_wconf 89' lang='lat' dir='ltr'>eam</span> <span class='ocrx_word' id='word_1_277' title='bbox 1163 5482 1227 5566; x_wconf 84' lang='lat' dir='ltr'>pro</span> <span class='ocrx_word' id='word_1_278' title='bbox 1256 5482 1294 5533; x_wconf 91' lang='lat' dir='ltr'>se</span> <span class='ocrx_word' id='word_1_279' title='bbox 1320 5458 1422 5532; x_wconf 88' lang='lat' dir='ltr'>tollit.</span> <span class='ocrx_word' id='word_1_280' title='bbox 1466 5459 1555 5531; x_wconf 87' lang='lat' dir='ltr'>Item</span> <span class='ocrx_word' id='word_1_281' title='bbox 1584 5460 1793 5531; x_wconf 90' lang='lat' dir='ltr'>columbatio</span> 
     </span>
     <span class='ocr_line' id='line_1_33' title="bbox 251 5580 1792 5674; baseline -0.003 -20"><span class='ocrx_word' id='word_1_282' title='bbox 251 5599 353 5671; x_wconf 72' lang='grc'>(11111</span> <span class='ocrx_word' id='word_1_283' title='bbox 370 5580 539 5671; x_wconf 85' lang='lat' dir='ltr'>plebanus</span> <span class='ocrx_word' id='word_1_284' title='bbox 556 5588 637 5671; x_wconf 88' lang='lat' dir='ltr'>post</span> <span class='ocrx_word' id='word_1_285' title='bbox 653 5587 764 5653; x_wconf 92' lang='lat' dir='ltr'>totam</span> <span class='ocrx_word' id='word_1_286' title='bbox 781 5583 983 5674; x_wconf 87' lang='lat' dir='ltr'>parochiam</span> <span class='ocrx_word' id='word_1_287' title='bbox 1005 5583 1164 5673; x_wconf 88' lang='lat' dir='ltr'>percipit,</span> <span class='ocrx_word' id='word_1_288' title='bbox 1193 5582 1350 5655; x_wconf 84' lang='lat' dir='ltr'>extendit</span> <span class='ocrx_word' id='word_1_289' title='bbox 1367 5603 1404 5653; x_wconf 91' lang='lat' dir='ltr'>se</span> <span class='ocrx_word' id='word_1_290' title='bbox 1423 5580 1467 5652; x_wconf 92' lang='lat' dir='ltr'>ad</span> <span class='ocrx_word' id='word_1_291' title='bbox 1487 5583 1638 5672; x_wconf 88' lang='lat' dir='ltr'>quinque</span> <span class='ocrx_word' id='word_1_292' title='bbox 1659 5601 1792 5651; x_wconf 88' lang='grc'>1111111</span> 
     </span>
     <span class='ocr_line' id='line_1_34' title="bbox 351 5700 1795 5793; baseline -0.003 -19"><span class='ocrx_word' id='word_1_293' title='bbox 351 5700 487 5774; x_wconf 70' lang='lat' dir='ltr'>Parva</span> <span class='ocrx_word' id='word_1_294' title='bbox 513 5701 779 5793; x_wconf 80' lang='lat' dir='ltr'>Xvnnoruczn,</span> <span class='ocrx_word' id='word_1_295' title='bbox 813 5704 897 5776; x_wconf 92' lang='lat' dir='ltr'>villa</span> <span class='ocrx_word' id='word_1_296' title='bbox 931 5704 996 5776; x_wconf 90' lang='lat' dir='ltr'>sub</span> <span class='ocrx_word' id='word_1_297' title='bbox 1022 5704 1189 5793; x_wconf 90' lang='lat' dir='ltr'>parocbia</span> <span class='ocrx_word' id='word_1_298' title='bbox 1225 5703 1268 5775; x_wconf 93' lang='grc'>(11</span> <span class='ocrx_word' id='word_1_299' title='bbox 1304 5703 1539 5793; x_wconf 78' lang='lat' dir='ltr'>ngnicze</span> <span class='ocrx_word' id='word_1_300' title='bbox 1579 5702 1662 5790; x_wconf 85' lang='lat' dir='ltr'>sita,</span> <span class='ocrx_word' id='word_1_301' title='bbox 1698 5701 1795 5770; x_wconf 91' lang='lat' dir='ltr'>cuius</span> 
     </span>
     <span class='ocr_line' id='line_1_35' title="bbox 248 5820 1795 5916; baseline -0.004 -20"><span class='ocrx_word' id='word_1_302' title='bbox 248 5822 445 5916; x_wconf 71' lang='lat' dir='ltr'>proprietas</span> <span class='ocrx_word' id='word_1_303' title='bbox 472 5824 517 5896; x_wconf 90' lang='lat' dir='ltr'>ad</span> <span class='ocrx_word' id='word_1_304' title='bbox 543 5824 706 5896; x_wconf 87' lang='lat' dir='ltr'>abbatem</span> <span class='ocrx_word' id='word_1_305' title='bbox 736 5830 773 5897; x_wconf 90' lang='lat' dir='ltr'>et</span> <span class='ocrx_word' id='word_1_306' title='bbox 798 5825 1045 5897; x_wconf 89' lang='lat' dir='ltr'>monasterium</span> <span class='ocrx_word' id='word_1_307' title='bbox 1074 5824 1322 5915; x_wconf 86' lang='lat' dir='ltr'>Thynicziensc</span> <span class='ocrx_word' id='word_1_308' title='bbox 1347 5823 1509 5912; x_wconf 89' lang='lat' dir='ltr'>pertinet.</span> <span class='ocrx_word' id='word_1_309' title='bbox 1552 5820 1593 5891; x_wconf 94' lang='lat' dir='ltr'>In</span> <span class='ocrx_word' id='word_1_310' title='bbox 1621 5840 1689 5909; x_wconf 89' lang='lat' dir='ltr'>qua</span> <span class='ocrx_word' id='word_1_311' title='bbox 1715 5825 1795 5891; x_wconf 90' lang='lat' dir='ltr'>sunt</span> 
     </span>
     <span class='ocr_line' id='line_1_36' title="bbox 249 5939 1794 6036; baseline -0.006 -16"><span class='ocrx_word' id='word_1_312' title='bbox 249 5963 373 6020; x_wconf 84' lang='lat' dir='ltr'>novem</span> <span class='ocrx_word' id='word_1_313' title='bbox 398 5944 491 6016; x_wconf 89' lang='lat' dir='ltr'>lanei</span> <span class='ocrx_word' id='word_1_314' title='bbox 518 5945 761 6036; x_wconf 88' lang='lat' dir='ltr'>cmetbonales,</span> <span class='ocrx_word' id='word_1_315' title='bbox 787 5947 871 6018; x_wconf 90' lang='lat' dir='ltr'>item</span> <span class='ocrx_word' id='word_1_316' title='bbox 897 5947 1044 6018; x_wconf 88' lang='lat' dir='ltr'>taberna</span> <span class='ocrx_word' id='word_1_317' title='bbox 1070 5966 1139 6015; x_wconf 91' lang='lat' dir='ltr'>una</span> <span class='ocrx_word' id='word_1_318' title='bbox 1164 5945 1296 6015; x_wconf 88' lang='lat' dir='ltr'>habens</span> <span class='ocrx_word' id='word_1_319' title='bbox 1324 5963 1440 6031; x_wconf 84' lang='lat' dir='ltr'>agros,</span> <span class='ocrx_word' id='word_1_320' title='bbox 1468 5941 1551 6011; x_wconf 89' lang='grc'>11111</span> <span class='ocrx_word' id='word_1_321' title='bbox 1576 5939 1794 6011; x_wconf 80' lang='lat' dir='ltr'>hortulanias</span> 
     </span>
     <span class='ocr_line' id='line_1_37' title="bbox 251 6060 1795 6158; baseline -0.006 -18"><span class='ocrx_word' id='word_1_322' title='bbox 251 6065 340 6140; x_wconf 83' lang='lat' dir='ltr'>duae</span> <span class='ocrx_word' id='word_1_323' title='bbox 365 6066 535 6140; x_wconf 80' lang='lat' dir='ltr'>habentes</span> <span class='ocrx_word' id='word_1_324' title='bbox 561 6086 679 6158; x_wconf 85' lang='lat' dir='ltr'>agros,</span> <span class='ocrx_word' id='word_1_325' title='bbox 715 6068 799 6138; x_wconf 89' lang='lat' dir='ltr'>item</span> <span class='ocrx_word' id='word_1_326' title='bbox 825 6065 1058 6140; x_wconf 89' lang='lat' dir='ltr'>molendinum</span> <span class='ocrx_word' id='word_1_327' title='bbox 1086 6064 1294 6152; x_wconf 86' lang='lat' dir='ltr'>coenobiale,</span> <span class='ocrx_word' id='word_1_328' title='bbox 1321 6063 1364 6134; x_wconf 91' lang='lat' dir='ltr'>dc</span> <span class='ocrx_word' id='word_1_329' title='bbox 1392 6063 1516 6152; x_wconf 89' lang='lat' dir='ltr'>quibus</span> <span class='ocrx_word' id='word_1_330' title='bbox 1543 6062 1701 6135; x_wconf 89' lang='lat' dir='ltr'>omnibus</span> <span class='ocrx_word' id='word_1_331' title='bbox 1728 6060 1795 6132; x_wconf 90' lang='lat' dir='ltr'>sol·</span> 
     </span>
     <span class='ocr_line' id='line_1_38' title="bbox 250 6182 1794 6277; baseline -0.003 -17"><span class='ocrx_word' id='word_1_332' title='bbox 250 6188 345 6261; x_wconf 88' lang='lat' dir='ltr'>vitur</span> <span class='ocrx_word' id='word_1_333' title='bbox 368 6192 407 6259; x_wconf 92' lang='grc'>11</span> <span class='ocrx_word' id='word_1_334' title='bbox 433 6185 638 6259; x_wconf 87' lang='lat' dir='ltr'>conducitur</span> <span class='ocrx_word' id='word_1_335' title='bbox 663 6186 797 6259; x_wconf 91' lang='lat' dir='ltr'>decima</span> <span class='ocrx_word' id='word_1_336' title='bbox 823 6185 1048 6277; x_wconf 87' lang='lat' dir='ltr'>manipularis</span> <span class='ocrx_word' id='word_1_337' title='bbox 1075 6193 1112 6257; x_wconf 87' lang='lat' dir='ltr'>at</span> <span class='ocrx_word' id='word_1_338' title='bbox 1138 6184 1313 6273; x_wconf 90' lang='lat' dir='ltr'>canapalis</span> <span class='ocrx_word' id='word_1_339' title='bbox 1339 6204 1402 6272; x_wconf 92' lang='lat' dir='ltr'>pro</span> <span class='ocrx_word' id='word_1_340' title='bbox 1430 6182 1577 6255; x_wconf 88' lang='lat' dir='ltr'>ecclesia</span> <span class='ocrx_word' id='word_1_341' title='bbox 1593 6188 1630 6256; x_wconf 91' lang='grc'>11</span> <span class='ocrx_word' id='word_1_342' title='bbox 1646 6183 1794 6273; x_wconf 91' lang='lat' dir='ltr'>plebano</span> 
     </span>
     <span class='ocr_line' id='line_1_39' title="bbox 249 6303 1795 6402; baseline -0.005 -20"><span class='ocrx_word' id='word_1_343' title='bbox 249 6309 286 6383; x_wconf 93' lang='lat' dir='ltr'>in</span> <span class='ocrx_word' id='word_1_344' title='bbox 311 6308 562 6402; x_wconf 78' lang='lat' dir='ltr'>ngnicze,</span> <span class='ocrx_word' id='word_1_345' title='bbox 597 6315 633 6380; x_wconf 90' lang='lat' dir='ltr'>et</span> <span class='ocrx_word' id='word_1_346' title='bbox 658 6308 755 6381; x_wconf 90' lang='lat' dir='ltr'>valor</span> <span class='ocrx_word' id='word_1_347' title='bbox 782 6309 856 6380; x_wconf 91' lang='lat' dir='ltr'>eius</span> <span class='ocrx_word' id='word_1_348' title='bbox 884 6307 1088 6379; x_wconf 88' lang='lat' dir='ltr'>aestimator</span> <span class='ocrx_word' id='word_1_349' title='bbox 1112 6306 1157 6378; x_wconf 90' lang='lat' dir='ltr'>ad</span> <span class='ocrx_word' id='word_1_350' title='bbox 1184 6304 1332 6375; x_wconf 88' lang='lat' dir='ltr'>sedecim</span> <span class='ocrx_word' id='word_1_351' title='bbox 1359 6324 1511 6396; x_wconf 88' lang='lat' dir='ltr'>marcas,</span> <span class='ocrx_word' id='word_1_352' title='bbox 1538 6303 1723 6395; x_wconf 87' lang='lat' dir='ltr'>aliquanda</span> <span class='ocrx_word' id='word_1_353' title='bbox 1750 6303 1795 6375; x_wconf 90' lang='lat' dir='ltr'>ad</span> 
     </span>
     <span class='ocr_line' id='line_1_40' title="bbox 248 6432 1177 6523; baseline -0.004 -19"><span class='ocrx_word' id='word_1_354' title='bbox 248 6432 374 6523; x_wconf 73' lang='lat' dir='ltr'>viginti</span> <span class='ocrx_word' id='word_1_355' title='bbox 398 6451 542 6506; x_wconf 87' lang='lat' dir='ltr'>marcas.</span> <span class='ocrx_word' id='word_1_356' title='bbox 662 6465 667 6482; x_wconf 90' lang='lat'><strong>·</strong></span> <span class='ocrx_word' id='word_1_357' title='bbox 1172 6483 1177 6500; x_wconf 82' lang='grc'>,</span> 
     </span>
     <span class='ocr_line' id='line_1_41' title="bbox 152 6535 1792 6645; baseline -0.001 -19"><span class='ocrx_word' id='word_1_358' title='bbox 152 6535 159 6552; x_wconf 84' lang='grc'><strong>’</strong></span> <span class='ocrx_word' id='word_1_359' title='bbox 312 6558 314 6562; x_wconf 82' lang='grc'><strong>’</strong></span> <span class='ocrx_word' id='word_1_360' title='bbox 350 6549 575 6645; x_wconf 81' lang='grc'>1111111111,</span> <span class='ocrx_word' id='word_1_361' title='bbox 609 6549 705 6627; x_wconf 87' lang='lat' dir='ltr'>villa·</span> <span class='ocrx_word' id='word_1_362' title='bbox 732 6549 797 6628; x_wconf 71' lang='lat' dir='ltr'>nb</span> <span class='ocrx_word' id='word_1_363' title='bbox 823 6547 989 6645; x_wconf 79' lang='grc'>11111111</span> <span class='ocrx_word' id='word_1_364' title='bbox 1024 6547 1190 6626; x_wconf 84' lang='lat' dir='ltr'>eeclesiae</span> <span class='ocrx_word' id='word_1_365' title='bbox 1225 6546 1269 6626; x_wconf 88' lang='lat' dir='ltr'>de</span> <span class='ocrx_word' id='word_1_366' title='bbox 1303 6544 1539 6645; x_wconf 74' lang='lat' dir='ltr'>Ilpgnicze</span> <span class='ocrx_word' id='word_1_367' title='bbox 1574 6545 1659 6641; x_wconf 86' lang='lat' dir='ltr'>sita,</span> <span class='ocrx_word' id='word_1_368' title='bbox 1694 6547 1792 6624; x_wconf 86' lang='lat' dir='ltr'>cuius</span> 
     </span>
    </p>
   </div>
   <div class='ocr_carea' id='block_1_5' title="bbox 0 0 2106 8340">
    <p class='ocr_par' dir='ltr' id='par_1_9' title="bbox 0 0 2106 8340">
     <span class='ocr_line' id='line_1_42' title="bbox 0 0 2106 8340; baseline 0 0"><span class='ocrx_word' id='word_1_369' title='bbox 0 0 2106 8340; x_wconf 95' lang='lat' dir='ltr'> </span> 
     </span>
    </p>
   </div>
  </div>
 </body>
</html>
