4200 8342
1643 1608 1810 1697 '49

262 1826 362 1921 duae,
388 1828 557 1903 habentos
576 1850 688 1923 agros
716 1830 798 1904 item
821 1829 1038 1905 hortulaniae
1067 1853 1137 1923 sex,
1164 1830 1330 1905 habentes
1350 1852 1462 1924 agree,
1490 1829 1678 1924 dequibus
1704 1834 1827 1906 omui·

261 1953 326 2026 bus
353 1952 500 2026 solvitur
527 1958 564 2024 et
590 1954 794 2026 conducitur
821 1954 954 2047 decima
979 1954 1208 2045 manipularis
1227 1963 1262 2027 et
1281 1955 1455 2045 canapalis
1482 1962 1546 2044 pro
1573 1954 1676 2026 altari
1695 1952 1812 2026 Sancti

260 2072 431 2146 Jobannis
470 2074 717 2165 Evangelistae
753 2081 833 2147 ante
868 2054 1006 2166 portam
1041 2076 1184 2147 latinam
1211 2077 1248 2147 in
1275 2077 1420 2149 ecclesia
1455 2075 1690 2166 Gracoviensi,
1717 2077 1814 2149 ouius

260 2195 360 2267 valor
387 2198 592 2269 aestimatur
618 2198 663 2268 ad
692 2196 810 2269 decem
836 2217 980 2286 mareas,
1007 2197 1193 2288 aliquando
1220 2198 1264 2268 ad
1291 2198 1482 2270 duodecim.
1517 2199 1605 2269 Item
1632 2198 1669 2268 in
1696 2197 1815 2269 eadem

259 2317 346 2388 villa
373 2324 455 2389 aunt
480 2317 550 2389 duo
577 2319 720 2409 praedia
755 2318 938 2409 militaria,
974 2339 1079 2389 unum
1106 2316 1277 2389 Johanuis
1303 2318 1744 2409 Pielgrzymowslry,
1772 2319 1817 2389 da

259 2457 329 2528 quo
355 2438 549 2524 decimatur
583 2439 749 2512 eccleciae
775 2445 812 2510 et
837 2440 985 2530 plebano
1012 2440 1048 2510 in
1075 2437 1506 2531 Wianczslawicze,
1546 2445 1582 2510 et
1608 2440 1706 2511 valor
1741 2426 1815 2511 eius
1891 2435 1897 2443 '

259 2560 466 2631 aestimatur
492 2560 537 2632 ad
559 2568 710 2651 quatuor
734 2582 887 2651 marcas3
915 2561 1009 2633 aliud
1027 2560 1206 2650 praedium
1234 2559 1399 2632 Stauislai
1425 2560 1815 2652 Mlodzeyowsky,

262 2680 355 2770 quod
383 2681 487 2753 solvit
513 2682 689 2753 decimam·
707 2683 956 2773 manipularem
975 2682 1201 2753 clericaturae
1219 2682 1341 2753 altaris
1360 2681 1392 2752 S.
1411 2682 1565 2754 Floriani
1587 2684 1651 2753 sub
1670 2702 1813 2772 organo,
1931 2723 1936 2732 ι

259 2801 471 2874 ἰιιόοοίεεία
506 2801 746 2895 cracoviensi;
782 2806 880 2877 cuius
907 2803 1005 2876 valor
1040 2804 1245 2876 aestimatur
1279 2802 1325 2875 ad
1351 2809 1501 2894 quatuor
1534 2822 1679 2874 marcas.
1723 2803 1812 2875 Item

260 2923 469 2997 columbatio
505 2931 542 2995 et
569 2924 731 2997 denarius
766 2925 885 2998 Sancti
919 2902 1017 2996 Petri
1053 2926 1200 2998 solvitur
1235 2925 1278 2996 de
1314 2924 1433 2996 eadem
1468 2906 1551 2996 villa
1585 2925 1751 2996 ecclesiae
1775 2924 1814 2996 in
1888 2911 1892 2919 ’

259 3041 682 3118 Wianczslawicze.
1130 3128 1132 3133 ,

364 3151 714 3258 Mnonznnowrczn,
742 3168 825 3240 villa
842 3168 907 3240 sub
925 3167 1092 3258 parochia
1110 3166 1153 3239 de
1172 3166 1357 3238 Wiancz
1368 3189 1384 3237 s
1397 3167 1589 3238 lawicze
1607 3168 1689 3256 sita,
1717 3167 1814 3239 ouius

258 3287 382 3361 baares
409 3287 603 3360 Stanislaus
630 3287 1009 3381 Mlodzeyowsky
1036 3288 1204 3361 dearmis
1231 3287 1545 3379 Antiquarum
1572 3288 1815 3379 Equorum,

259 3409 297 3480 in
324 3430 393 3500 qua
419 3415 501 3480 sunt
526 3416 683 3500 quatuor·
702 3411 794 3481 lanei
829 3410 1079 3500 cmetbonalea,
1109 3410 1194 3483 item
1221 3411 1367 3482 taberna
1393 3431 1489 3511 uua,
1508 3411 1676 3483 habentes
1702 3422 1814 3500 agros,

259 3530 344 3601 item
380 3536 531 3621 quatuor
565 3532 803 3622 hortulaniae,
844 3533 1014 3603 babentes
1049 3552 1170 3621 agros,
1207 3531 1411 3621 dequibus
1447 3532 1624 3622 perceptio
1664 3533 1815 3604 decimae

258 3652 486 3741 manipularis
521 3657 558 3723 et
593 3653 767 3742 canapalis
809 3652 1103 3741 diversificatum
1120 3651 1163 3723 de
1198 3652 1371 3743 aliquibus
1407 3653 1499 3724 enim
1534 3653 1629 3743 agris
1664 3654 1813 3743 percipit

259 3793 336 3844 eam
370 3774 569 3863 praebenda
604 3773 857 3873 Gracovieusis,
880 3772 1130 3864 Grechowska,
1168 3773 1211 3846 de
1238 3773 1316 3845 aliis
1343 3774 1542 3864 praebenda
1576 3773 1814 3849 cracoviensis

260 3892 509 3965 Crzeslawska.
535 3895 623 3966 Item
643 3901 698 3966 est
716 3896 765 3971 ibi
783 3917 888 3968 unum
915 3895 1096 3986 praedium
1122 3894 1292 3983 militare3
1318 3895 1362 3966 de
1390 3914 1458 3985 quo
1476 3900 1512 3967 et
1529 3895 1624 3984 agris
1638 3898 1815 3967 tabernae

259 4020 297 4087 et
324 4023 473 4105 quatuor
509 4016 787 4088 bortulauiarum
824 4016 971 4088 solvitur
998 4016 1132 4087 decima
1156 4016 1385 4106 manipularis
1412 4016 1642 4088 ecclesiae=et
1667 4018 1814 4106 plebano

260 4138 296 4207 in
323 4135 558 4229 Poramba‚
585 4159 693 4229 prope
711 4136 942 4235 Wollrani,
969 4142 1006 4208 et
1032 4137 1130 4209 valor
1157 4137 1201 4207 ad
1229 4142 1378 4227 quatuor
1404 4130 1550 4207 marcas.

363 4258 727 4349 Szwranonowrozn,
754 4259 839 4331 villa
858 4259 923 4331 abb
940 4258 1108 4349 parochia
1126 4257 1169 4330 de
1188 4257 1602 4331 Wianczslawicze
1621 4259 1698 4348 sita
1718 4261 1813 4331 cuins

259 4379 430 4452 haeredes
466 4379 619 4453 lacobus
654 4379 1092 4472 Pielgrzymowsky,
1137 4380 1197 4470 qui
1231 4380 1338 4451 habet
1375 4385 1447 4451 tres
1482 4380 1620 4470 laneos;
1655 4380 1814 4452 Andreas
1875 4393 1877 4401 '

260 4500 522 4592 Niematha,
550 4488 610 4592 qui
635 4502 743 4575 babet
769 4502 857 4574 alios
888 4509 962 4575 tres
988 4502 1109 4573 laneos
1136 4500 1610 4594 et-Szwyeborowsky
1637 4503 1680 4574 de
1707 4504 1814 4573 armis

260 4620 475 4713 Strepae,
503 4623 561 4713 qui
588 4623 693 4694 habet
720 4623 770 4694 ibi
796 4622 1034 4695 tantummodo
1066 4621 1246 4712 praedium
1273 4622 1424 4694 militare
1451 4628 1488 4694 et
1515 4622 1635 4694 laneos
1663 4624 1814 4694 ematho-

260 4743 366 4834 nales,
393 4745 436 4815 de
464 4743 588 4835 quibus
616 4742 775 4816 omnibus
802 4745 949 4816 solvitur
976 4743 1109 4816 decima
1135 4742 1361 4832 manipularis
1379 4749 1415 4815 et
1428 4745 1605 4835 canapalis
1622 4764 1686 4834 pro
1705 4744 1813 4816 eccle-

260 4865 313 4936 sia
338 4865 376 4936 in
401 4862 822 4956 Wianczslawicze,
849 4871 886 4937 et
912 4865 1009 4936 valor
1036 4867 1111 4937 eius
1138 4864 1343 4936 aestimatur
1368 4864 1413 4935 ad
1440 4864 1589 4936 sedecim
1617 4886 1760 4937 marcar.

363 4985 524 5057 Taberna
540 4992 621 5058 ante
650 4985 1073 5077 Szwyeborowicze
1100 4992 1136 5057 et
1162 4984 1459 5077 Zagorzycze
1486 4985 1655 5057 instrata
1671 4985 1811 5079 publica

259 5111 296 5178 et
322 5108 388 5179 sub
405 5108 570 5197 parocbia
588 5107 631 5178 de
648 5107 1063 5178 Wianczslawioze
1091 5107 1169 5196 sita,
1196 5107 1293 5177 cuius
1319 5107 1444 5177 haeres
1470 5104 1710 5197 sigismundus
1736 5106 1811 5178 Za·

258 5229 433 5320 goralry
460 5229 631 5300 dedomo
659 5226 849 5319 Ostoya,
886 5249 974 5319 quae
1000 5227 1108 5299 babet
1134 5247 1256 5317 agros,
1283 5227 1326 5298 de
1354 5228 1478 5318 quibus
1505 5227 1655 5300 solvitur
1679 5232 1715 5299 et
1732 5247 1813 5301 con-

259 5348 399 5421 ducitur
415 5349 549 5420 decima
566 5349 790 5440 manipularis
809 5354 846 5420 et
863 5349 1037 5439 canapalis
1055 5349 1184 5440 partim
1207 5349 1372 5420 ecclesiae
1390 5349 1425 5419 in
1444 5347 1813 5439 Wiauczslawicze,

261 5470 391 5560 partim
416 5490 480 5559 pro
507 5470 708 5560 episcopatu
734 5468 964 5560 cracoviensi,
992 5470 1090 5541 cuius
1116 5469 1215 5541 valor
1241 5469 1445 5540 aestimatur
1470 5469 1514 5540 ad
1533 5524 1541 5540 .
1559 5524 1567 5540 .
1585 5524 1620 5540 ..

364 5589 618 5680 Zaconzrczn,
646 5590 730 5662 villa
756 5591 820 5661 sub
838 5590 1004 5680 parochia
1021 5591 1065 5662 de
1082 5587 1448 5662 Wiauczslawicze
1471 5591 1548 5678 sita,
1575 5591 1671 5662 cuius
1689 5591 1812 5662 haeres

259 5708 499 5802 sigismundus
532 5710 784 5802 Zagorsky,
820 5712 952 5802 inqua
987 5717 1069 5785 suut
1099 5711 1192 5782 lanei
1226 5711 1475 5801 emethonales,
1513 5712 1597 5782 item
1631 5710 1811 5800 praedium

258 5832 420 5923 militare,
447 5832 531 5904 item
556 5831 784 5922 hortulaniae,
811 5833 980 5905 habentes
1007 5832 1120 5924 agros,
1147 5833 1190 5905 de
1218 5833 1343 5922 quibus
1370 5833 1517 5905 solvitur
1542 5837 1579 5903 et
1605 5830 1809 5903 conducitur

258 5953 394 6026 decima
419 5953 644 6044 manipularis
662 5959 699 6024 et
716 5955 893 6045 canapalis
920 5954 1135 6044 episcopatui
1163 5953 1392 6042 Gracoviensi,
1419 5959 1561 6043 praeter
1587 5952 1673 6024 duos
1691 5952 1811 6024 laneos

258 6075 492 6148 cmethonales
519 6081 556 6146 et
582 6074 717 6165 aliquos
751 6095 854 6166 agros
890 6075 1104 6167 praedialeS,
1140 6074 1182 6146 de
1210 6074 1334 6163 quibus
1367 6072 1558 6145 decimatur
1583 6073 1748 6146 ecclesiae
1774 6074 1811 6144 iu

259 6194 638 6269 Wianozslauicze.

359 6315 507 6390 Wourn
531 6314 885 6406 Wmnezsunwsnn,
912 6316 997 6388 uilla
1024 6315 1089 6388 sub
1117 6311 1284 6404 parochia
1310 6313 1475 6386 ecclesiae
1494 6313 1537 6386 de
1559 6312 1810 6386 Wianczala-

257 6436 380 6509 wicze
415 6437 502 6528 sita,
544 6436 642 6509 cuius
677 6437 802 6509 haeres
837 6435 991 6509 lacobus
1026 6434 1381 6528 Wianczalawslry
1413 6434 1456 6507 de
1491 6437 1597 6506 armis
1628 6433 1809 6527 Lalywa,

256 6557 293 6632 in
321 6578 394 6652 qua
427 6563 510 6632 suut
528 6557 637 6631 -huei
671 6558 924 6649 cmetbonales,
960 6556 1003 6630 de
1035 6557 1160 6648 quibua
1194 6556 1343 6659 solvitur
1373 6561 1410 6629 et
1436 6554 1642 6635 conducitur
1676 6552 1813 6643 m
1861 6570 1864 6577 .

218 6712 224 6729 ¹
361 6726 412 6771 roa.
424 6725 524 6771 m.
535 6726 567 6772 11.
776 6722 782 6731 ·
1643 6694 1671 6765 l·
