4200 8342
293 1644 364 1717 166

391 1853 597 1942 Lunxrczu,
633 1852 717 1923 villa
751 1852 816 1923 suh
842 1852 1009 1943 parochia
1044 1852 1428 1926 de'Koszczelecz
1462 1855 1540 1927 sita
1584 1855 1723 1945 Inque
1758 1859 1831 1926 sunt

288 1975 377 2045 lanei
405 1972 645 2062 cmethonales,
673 1974 757 2044 item
784 1973 937 2064 taberna,
965 1975 1046 2045 item
1075 1974 1289 2065 hortulani,
1308 1975 1353 2046 de
1380 1974 1504 2066 quibus
1531 1975 1680 2047 solvitur
1706 1974 1833 2046 decima

288 2094 510 2185 manipularis
537 2099 574 2166 et
600 2095 776 2185 cauapalis
803 2116 868 2185 pro
887 2149 1002 2166 .....
1029 2096 1117 2167 Item
1143 2102 1198 2168 est
1225 2097 1259 2167 in
1287 2097 1407 2168 eadem
1433 2097 1516 2169 uilla
1541 2096 1727 2189 praedium
1749 2097 1833 2169 mili·

286 2223 381 2305 tare,
417 2215 460 2287 de
487 2217 584 2288 cuius
621 2217 715 2305 agris
753 2216 901 2288 solvitur
937 2216 1071 2288 decima
1104 2218 1331 2309 ¹manipularis
1368 2216 1534 2290 ccclesiae
1560 2218 1596 2289 iu
1624 2216 1833 2291 Goszcze-

286 2337 432 2430 lyocz,
461 2338 558 2408 cuius
585 2337 684 2408 valor
711 2336 754 2407 ad
782 2342 931 2429 quatuor
957 2358 1101 2410 marcas.
1573 2323 1577 2330 ’

394 2457 599 2547 Possruou,
639 2457 723 2528 villa
759 2459 823 2530 suh
849 2458 1015 2549 parochia
1051 2459 1093 2529 de
1130 2456 1439 2552 Gosczelyecz
1474 2460 1549 2532 sita
1592 2459 1635 2531 ln
1663 2479 1734 2549 qua
1758 2464 1836 2529 suut

286 2579 377 2650 lanei
406 2578 654 2668 cmethonalcs,
691 2579 734 2649 de
761 2579 885 2671 quibus
912 2580 1060 2651 soluitur
1086 2584 1123 2651 et
1149 2579 1354 2652 conducitur
1389 2580 1522 2653 decima
1547 2578 1777 2671 manipularis
1802 2585 1837 2650 et

289 2701 463 2791 cauapalis
483 2756 490 2771 .
509 2755 516 2770 .
536 2756 543 2770 .
562 2682 596 2770 ,ζ
622 2700 710 2771 Item
737 2705 791 2772 cst
817 2701 853 2771 in
880 2700 1001 2772 eadem
1028 2700 1111 2773 villa
1137 2701 1317 2791 praedium
1343 2701 1512 2792 militare,
1527 2708 1532 2719 '
1547 2701 1591 2773 de
1617 2700 1719 2773 cuius
1745 2701 1836 2791 ugus

288 2823 436 2894 solvitur
463 2820 596 2892 decima
622 2822 788 2927 ecclesiae
814 2821 850 2893 in
878 2820 1236 2915 Ooszczelyecz,
1272 2827 1308 2895 ot
1333 2822 1432 2895 valor
1458 2824 1532 2895 eius
1559 2822 1768 2895 amdmatur
1793 2821 1834 2893 ad

289 2950 439 3036 quatuor
465 2963 607 3015 marcas.

392 3065 640 3156 Nanouunnr,
675 3065 759 3137 villa
795 3067 859 3138 sub
886 3066 1052 3156 parochia
1086 3065 1252 3138 ecclesiae
1287 3066 1330 3137 de
1357 3064 1728 3158 (ioszczyelyecz
1763 3065 1837 3136 sita

287 3188 327 3258 In
356 3206 424 3277 qua
450 3191 530 3257 sunt
554 3186 648 3258 lanei
675 3186 926 3276 emethonales,
954 3188 1038 3258 item
1066 3187 1231 3276 taberna,
1257 3187 1341 3258 item
1367 3185 1606 3276 hortulaniae,
1643 3185 1687 3257 de
1716 3184 1838 3276 quihus

288 3309 436 3380 solvitur
462 3307 594 3378 decima
621 3308 845 3398 manipularis
872 3313 909 3380 et
936 3308 1112 3398 carrapalis
1139 3329 1202 3398 pro
1222 3362 1335 3378 .....
1353 3308 1441 3380 Item
1468 3307 1650 3399 praedium
1676 3306 1837 3395 militare,

288 3429 331 3501 de
360 3451 427 3520 quo
455 3429 602 3501 solvitur
629 3428 762 3500 decima
788 3429 1012 3519 manipularis
1039 3428 1205 3501 ecclesiae
1231 3428 1267 3500 iu
1294 3425 1655 3522 Coszczelyecz,
1682 3432 1721 3500 et
1742 3427 1839 3498 valor

290 3552 364 3622 eius
392 3550 594 3621 aestimatur
620 3549 665 3621 ad
691 3554 840 3641 quatuor
867 3552 1011 3622 marcas.

393 3670 582 3760 Puuunur,
617 3670 701 3742 villa
735 3672 800 3742 sub
826 3672 991 3763 parochia
1024 3671 1068 3743 de
1094 3670 1461 3763 Goszczyelyecz
1487 3671 1563 3761 sita,
1590 3668 1689 3742 cuius
1717 3670 1839 3740 haeres

293 3792 557 3884 Wymhyautha
569 3779 660 3884 Pye
670 3793 693 3862 k
704 3793 845 3884 arsky
866 3793 992 3864 nobilis
1007 3793 1050 3865 de
1065 3791 1165 3864 domo
1180 3791 1212 3862 N
1217 3793 1410 3884 yesobya.
1436 3790 1559 3882 Inque
1571 3794 1654 3863 sunt
1666 3790 1736 3862 duo
1750 3789 1840 3861 lanei

290 3935 367 3984 cum
393 3914 506 3985 medio
534 3918 570 3985 et
596 3913 788 3985 decimatur
814 3914 857 3985 de
884 3914 1004 3985 eadem
1029 3914 1114 3985 villa
1140 3935 1203 4005 pro
1231 3912 1513 3985 archidiaconatu
1539 3910 1774 3984 Gracoviensl.

395 4033 695 4124 quuouowrczu,
722 4034 806 4106 villa
828 4034 892 4106 sub
910 4035 1077 4125 parochia
1103 4035 1146 4106 de
1173 4020 1508 4124 Coszczelyecz
1535 4033 1612 4122 sita,
1639 4032 1738 4104 cuius
1756 4032 1837 4103 hae-

289 4157 404 4246 redeS,
431 4154 631 4228 Vladislaus
666 4176 731 4246 pro
758 4175 828 4227 una
854 4156 1042 4227 medietate
1069 4155 1190 4245 villae,
1218 4160 1254 4226 et
1281 4153 1520 4245 sigismundus
1546 4152 1809 4225 Looho'wsk
1816 4173 1840 4245 y

291 4278 334 4349 de
361 4279 467 4349 armis
494 4276 759 4349 Grillonum
785 4296 850 4367 pro
876 4277 987 4348 altera
1014 4276 1201 4349 medietate
1203 4329 1427 4346 .........

394 4399 633 4488 Puznzwonr,
668 4397 753 4469 villa
790 4399 854 4470 sub
881 4398 1047 4489 parochia
1073 4396 1116 4469 de
1143 4395 1481 4489 Coszczelyecz
1511 4395 1599 4484 sita,
1637 4394 1737 4466 cuius
1763 4414 1843 4485 pro·

291 4521 422 4611 prietas
451 4519 495 4590 ad
522 4520 683 4591 abbatem
710 4524 746 4591 et
771 4520 1018 4591 monasterium
1045 4518 1192 4590 Sanctae
1210 4517 1331 4592 Crucis
1358 4514 1477 4589 Galvi
1503 4516 1655 4587 montis
1681 4516 1843 4606 pertinet.

290 4642 331 4712 In
359 4662 428 4732 qua
454 4646 536 4712 sunt
561 4660 685 4713 novem
711 4640 806 4712 lanei
826 4640 1077 4730 cmcthonales,
1104 4640 1148 4711 de
1175 4640 1299 4730 quihus
1327 4638 1518 4710 decimatur
1545 4636 1845 4709 archidiaconatui

291 4761 520 4835 Gracoviensi.
546 4762 634 4834 Item
653 4768 707 4834 est
733 4762 782 4833 ihi
800 4762 990 4853 praedium,
1017 4761 1061 4833 de
1079 4781 1148 4853 quo
1166 4760 1413 4833 monasterium
1439 4756 1586 4831 Sanctae
1608 4756 1733 4831 crans
1751 4757 1844 4830 deci

291 4906 382 4957 mam
409 4907 472 4976 pro
500 4906 537 4956 se
564 4884 668 4957 tollit.

396 5004 575 5098 Osrnow,
601 5006 685 5078 villa
712 5007 776 5078 suh
805 5005 971 5098 parochia
996 5004 1162 5076 ecclesiae
1190 5004 1233 5075 de
1260 5001 1599 5095 Goszczelyecz
1614 5000 1712 5091 sita,
1748 5000 1847 5073 cuius

292 5128 488 5218 proprietas
519 5128 563 5199 ad
590 5128 837 5199 monasterium
873 5127 1074 5198 monialium
1101 5126 1144 5198 de
1171 5124 1434 5217 Stauystlry
1468 5123 1622 5216 pertinet
1648 5128 1685 5195 et
1712 5120 1847 5195 decima

292 5247 516 5337 manipularis
543 5249 587 5318 ad
614 5249 851 5339 episcopatum
878 5246 1153 5320 cracoviensem.

398 5367 704 5459 Gnaruuuczrczu,
732 5368 815 5439 villa
837 5369 901 5440 sub
919 5369 1086 5459 parochia
1112 5367 1154 5438 de
1182 5365 1519 5458 Coszczelyeoa
1544 5364 1620 5453 sita,
1648 5363 1748 5435 cuius
1766 5384 1847 5454 pro-

293 5491 424 5580 prietas
451 5489 496 5560 ad
523 5490 780 5562 serenissimum
815 5490 991 5561 dominum
1025 5487 1192 5560 Poloniae
1226 5506 1343 5578 regem
1378 5486 1539 5577 pertinet
1581 5484 1623 5557 Iu
1660 5504 1732 5576 qua
1766 5488 1848 5556 suut

292 5611 383 5684 lanei
411 5610 662 5702 cmethonales,
693 5612 776 5682 item
803 5611 989 5699 tabernae,
1026 5609 1110 5681 item
1136 5609 1376 5698 hortudaniac,
1411 5606 1455 5679 de
1482 5606 1606 5699 quibus
1633 5605 1786 5679 solvitur
1812 5610 1848 5679 et

292 5732 497 5806 conducitur
524 5732 657 5803 decima
683 5733 909 5822 manipularis
936 5737 972 5803 et
999 5731 1185 5822 cauapalis.

397 5854 593 5944 Cnnzrczs,
621 5855 705 5925 nilla
731 5855 794 5925 suh
822 5854 986 5945 parochia
1012 5853 1056 5924 de
1075 5852 1411 5945 Coscayelyecz
1437 5851 1514 5940 sita,
1532 5848 1630 5921 cuius
1648 5850 1848 5942 proprietas

290 5976 335 6047 ad
361 5976 609 6047 monasterium
636 5975 918 6047 deBrzcssko
946 5974 1115 6063 partinet,
1142 5972 1275 6044 decima
1301 5992 1383 6044 vero
1409 5970 1634 6063 manipularis
1661 5970 1708 6041 ad
1736 5985 1847 6063 prae:

293 6096 442 6168 bendum
469 6095 740 6187 cracoviensem,
768 6117 855 6187 quae
881 6102 1026 6168 vocatur
1054 6092 1260 6184 Gonouska,
1287 6100 1324 6166 ct
1340 6093 1440 6165 valor
1464 6092 1540 6164 eius
1567 6092 1777 6165 aestimatm
1802 6088 1846 6162 ad

296 6218 413 6290 decem
439 6236 582 6289 marcas.

396 6337 700 6429 Musunwczrczu,
740 6339 824 6411 villa
851 6341 914 6411 suh
942 6339 1108 6431 parochia
1135 6339 1178 6410 de
1214 6336 1583 6429 Coszczyelyecz
1618 6335 1706 6425 sita,
1744 6335 1844 6407 cuius

294 6460 492 6551 proprietas
518 6459 562 6531 ud
588 6461 822 6551 praepositum
858 6462 976 6534 Sancti
1004 6460 1187 6533 Michaelis
1220 6461 1255 6531 iu
1282 6464 1397 6530 castro
1425 6455 1646 6535 medensi
1680 6457 1847 6551 pertinet,

298 6579 432 6663 decim
456 6600 540 6655 vcro
566 6580 687 6663 utalia
713 6581 758 6659 ed
783 6583 1105 6661 omludiacouatum
1129 6580 1402 6659 crannonem.
1541 6602 1543 6609 ·
