4200 8342
1737 1651 1809 1727 355

364 1841 573 1922 Moruuczn
600 1869 738 1941 aaaron,
766 1847 851 1922 uilln
876 1851 940 1924 sub
968 1851 1134 1943 parochia
1161 1851 1203 1926 de
1232 1851 1467 1949 Gorzyeze
1495 1857 1580 1948 sita,
1609 1860 1705 1934 errius
1732 1881 1811 1952 pro-

260 1969 390 2058 prietas
418 1970 462 2040 ad
489 1971 694 2042 decanatum
722 1971 1035 2046 Saudomiriensem
1063 1977 1224 2066 pertinet.
1251 1978 1291 2049 Iu
1319 1999 1387 2069 qua
1405 1985 1486 2052 sunt
1504 1986 1583 2054 octo
1602 2001 1679 2053 eum
1698 1983 1811 2054 medio
1838 2039 1841 2046 .

260 2089 350 2160 lanei
377 2091 619 2183 emethonales,
648 2093 732 2164 it'em
785 2093 788 2106 '
853 2083 1044 2190 fj'dnbernae
1067 2097 1234 2170 habentes
1253 2081 1366 2190 n'groS,
1385 2101 1467 2171 item
1487 2102 1576 2173 duae
1594 2102 1812 2175 hortulaniae

259 2210 428 2284 habentes
465 2229 588 2304 agros,
615 2213 697 2284 item
733 2193 795 2286 uil'
837 2187 1055 2308 (ituraeorum
1083 2217 1223 2308 decani,
1249 2221 1284 2289 in
1312 2226 1385 2291 tres
1413 2241 1549 2312 campos
1576 2221 1742 2316 divisum,
1769 2223 1812 2296 de

260 2333 385 2424 quibus
412 2333 570 2406 omnibus
597 2335 745 2408 solvitur
772 2319 1036 2410 et'···eonuueuur
1063 2337 1196 2409 decima
1223 2340 1448 2430 manipularis
1476 2347 1512 2412 et
1667 2345 1721 2435 lis,
1748 2363 1811 2436 pro

259 2454 404 2524 eeclesia
430 2451 674 2547 Gorzyeze,
703 2462 738 2529 et
765 2441 865 2529 valor
891 2457 965 2529 eius
993 2459 1197 2530 aestimatur
1224 2460 1267 2530 ad
1296 2460 1475 2532 duodecim
1538 2447 1555 2466 ”
1590 2455 1646 2534 ds.

364 2575 563 2648 Mor-mezu
589 2597 718 2669 mruou,
745 2579 829 2650 villa
854 2579 918 2650 sub
945 2579 1111 2670 parochia
1138 2580 1180 2652 de
1208 2579 1446 2673 Gorzyeze
1474 2565 1671 2674 sitasdbius
1689 2583 1812 2657 haeres

223 2715 226 2724 ·
260 2695 423 2768 Nieolaus
450 2696 816 2771 G'hrastlrouszk
826 2723 850 2792 y
875 2701 1002 2774 nobilis
1029 2701 1072 2772 de
1100 2701 1205 2772 armis
1233 2701 1550 2795 Strzegomya.
1577 2703 1617 2774 In
1646 2724 1714 2796 qua
1732 2710 1813 2776 suut

257 2819 347 2889 lanei
376 2819 620 2910 emetbonales,
648 2821 733 2908 item
756 2822 932 2912 tabernae,
959 2822 1042 2894 item
1070 2823 1299 2914 hortulaniae,
1328 2824 1410 2895 item
1434 2824 1614 2916 praedium
1633 2827 1791 2916 unam,d

259 2940 384 3030 quibus
419 2939 567 3014 soluitur
603 2941 734 3014 decima
770 2943 993 3034 manipularis
1029 2944 1091 3016 sed
1127 2945 1240 3035 varie,
1279 2965 1359 3016 nam
1393 2945 1435 3016 de
1473 2945 1645 3038 aliquibus
1682 2947 1811 3036 eampis

258 3062 406 3152 percipit.
433 3083 507 3134 eam
536 3063 681 3136 eeclesia
707 3065 742 3136 in
771 3062 1018 3158 Gorzyeze,
1046 3066 1089 3137 de
1117 3065 1289 3157 aliquibus
1318 3087 1399 3140 vero
1427 3067 1571 3140 ecelesia
1597 3067 1633 3139 in
1651 3066 1679 3138 Z
1687 3067 1811 3159 alya-

258 3203 409 3274 sauny,
437 3191 473 3256 et
499 3183 598 3258 valor
624 3185 699 3258 eius
725 3187 930 3258 aestimatur
957 3187 1001 3258 ad
1029 3207 1089 3260 sex
1116 3207 1261 3259 mareas.

362 3305 610 3394 Saureurnw,
635 3307 721 3380 uilla
756 3308 821 3380 sub
847 3307 1016 3399 parochia
1043 3307 1086 3380 de
1113 3307 1423 3400 Zalyesehani
1450 3309 1535 3401 sita,
1565 3311 1662 3382 euius
1687 3309 1810 3382 haere-

258 3425 349 3496 ditas
377 3426 420 3497 ad
448 3423 706 3500 serenissimum
731 3427 898 3500 Poloniae
926 3449 1041 3519 regem
1069 3430 1230 3520 pertinet.
1271 3429 1310 3501 Iu
1339 3451 1408 3521 qua
1434 3435 1515 3502 saut
1539 3429 1631 3501 lanei
1659 3431 1812 3504 emethe-

258 3548 371 3638 naleS,
408 3549 491 3620 item
527 3550 714 3641 tabernae,
741 3549 824 3622 item
859 3551 1100 3642 hortulaniae,
1128 3551 1210 3623 item
1246 3552 1427 3642 praedium
1453 3551 1588 3643 regale,
1616 3552 1659 3623 de
1687 3551 1811 3646 quibps

258 3669 405 3741 solvitur
441 3670 573 3756 decima
608 3670 832 3762 manipularis
869 3673 930 3744 sed
964 3673 1079 3762 rarie3
1111 3693 1191 3744 uam
1227 3669 1270 3743 de
1306 3673 1485 3776 aliquibus
1506 3672 1636 3764 eampis
1662 3659 1812 3764 percipit

259 3808 332 3861 eam
360 3790 505 3861 eeclesia
533 3793 568 3864 in
596 3789 844 3882 Gorzyene,
871 3793 914 3863 de
942 3793 1115 3884 aliquibus
1143 3813 1226 3866 vero
1254 3794 1398 3866 eeclesia
1425 3795 1461 3864 in
1479 3793 1507 3863 Z
1517 3794 1558 3864 al
1568 3793 1770 3884 yesehau
1780 3815 1812 3886 y,

258 3911 294 3982 et
324 3912 422 3983 valor
449 3914 522 3984 eius
551 3914 756 3985 aestimatur
782 3914 826 3984 ad
854 3933 916 3985 sex
943 3934 1096 4004 marcas3
1132 3913 1176 3986 de
1202 3911 1415 4010 agsiffieninr
1443 3915 1661 3986 emetbonum
1690 3935 1811 3986 versus

259 4031 413 4106 Thurb
427 4055 482 4128 yn
507 4055 529 4105 a
555 4036 694 4127 sepibus
730 4055 794 4127 per
828 4035 897 4107 duo
933 4036 1065 4127 stadia,
1091 4037 1184 4108 item
1200 4013 1282 4126 p'o'st
1307 4057 1412 4106 unum
1440 4036 1654 4107 emethouem
1683 4035 1811 4108 dietum

258 4152 470 4260 Babnelr,
491 4161 572 4247 post
606 4155 748 4229 fluvium
784 4137 982 4249 Bizana,
1005 4177 1114 4248 usque
1148 4156 1192 4228 ad
1220 4157 1351 4249 sylvam
1379 4155 1645 4247 Korzonek,
1673 4175 1714 4228 ex
1742 4156 1812 4228 alia

258 4285 342 4348 vero
368 4281 469 4368 parte
495 4297 517 4348 a
543 4277 618 4369 via,
646 4299 733 4370 quae
760 4279 857 4351 vadit
884 4279 928 4351 de
954 4277 1169 4368 Sbigneu
1197 4277 1233 4348 in
1260 4277 1436 4369 Wolya,
1465 4277 1556 4349 eedit
1582 4277 1747 4349 ecelesiae
1774 4278 1810 4348 in

131 4391 136 4398 ”
257 4395 554 4492 ¹Zalyeszanp,
581 4400 649 4472 alia
676 4419 758 4474 vero
785 4400 971 4472 residuitas
999 4399 1164 4472 eeclesiae
1193 4399 1227 4470 in
1255 4395 1527 4491 Gorzyeze.·

335 4511 338 4522 '
362 4517 682 4613 Ynsennowrezn,
710 4521 794 4594 villa
820 4523 885 4594 sub
912 4521 1078 4613 parochia
1100 4520 1143 4592 de
1163 4519 1486 4593 (lharzouieze
1514 4521 1592 4612 sita
1611 4521 1708 4594 euius
1727 4519 1809 4593 hae·

258 4640 389 4713 reditas
416 4641 461 4714 ad
487 4629 744 4716 serenissimum
780 4643 946 4716 Poloniae
981 4662 1098 4734 regem
1136 4641 1296 4734 pertinet.¹
1332 4643 1373 4714 ln
1401 4662 1469 4734 qua
1495 4648 1577 4714 sunt
1602 4641 1694 4714 lanei
1721 4661 1810 4714 eune-

257 4763 427 4856 thonales,
453 4764 536 4837 item
563 4765 740 4856 tabernae,
768 4766 850 4837 item
877 4765 1107 4854 hortulaniae,
1135 4764 1218 4836 item
1237 4764 1426 4854 praedium,
1445 4764 1487 4834 de
1507 4763 1632 4853 quibus
1651 4762 1809 4834 omnibus

259 4885 410 4958 soluitur
432 4890 469 4958 et
494 4885 698 4960 conducitur
726 4885 860 4958 decima
886 4885 1113 4978 manipularis
1141 4891 1176 4957 et
1204 4885 1378 4976 aanapalis
1405 4904 1469 4974 pro
1497 4883 1642 4955 ecelesia
1661 4882 1703 4952 'in
1732 4879 1810 4954 Go-

259 5025 436 5099 rzyeze,
462 5013 499 5082 et
525 5007 624 5080 valor
650 5008 725 5078 eius
752 5007 958 5079 aestimatur
985 5007 1038 5078 ad·
1058 5011 1136 5077 oete
1163 5025 1307 5096 mareas,
1335 5003 1520 5095 aliquando
1547 5004 1592 5075 ad
1618 5002 1809 5074 duodecim.

362 5111 536 5220 ΚΛΜ,
563 5129 648 5200 villa
674 5128 737 5201 sub
764 5129 930 5219 parochia
966 5127 1008 5198 de
1036 5123 1271 5218 Gorzyoze
1298 5125 1482 5216 medietas,
1510 5131 1546 5197 et
1572 5123 1740 5196 medietas
1767 5123 1810 5197 de

259 5251 386 5322 Sancto
412 5251 519 5324 Petro
554 5250 590 5321 in
617 5248 913 5322 Saudomiria
938 5248 1025 5339 sita,
1052 5247 1150 5321 errius
1176 5248 1372 5340 proprietas
1400 5247 1443 5318 ad
1470 5245 1639 5320 Jacobum
1667 5245 1709 5318 de
1736 5244 1810 5318 Go-

258 5371 542 5464 nyeezpolye
578 5372 621 5443 de
656 5371 757 5444 domo
784 5369 997 5444 Pobodze
1024 5369 1185 5461 pertinet.
1226 5369 1265 5440 ln
1294 5357 1362 5460 qua
1388 5374 1470 5442 suut
1496 5373 1570 5442 tres
1588 5366 1809 5440 hortulaniae

257 5489 427 5564 habentes
464 5513 584 5585 agros,
611 5492 655 5566 de
691 5493 816 5585 quibus
843 5492 991 5566 solvitur
1018 5496 1053 5564 et
1080 5490 1285 5566 conducitur
1312 5490 1445 5564 decima
1471 5487 1718 5581 manipularis,
1745 5508 1808 5578 pro

261 5609 405 5682 ecelesia
430 5613 466 5684 in
493 5612 726 5706 Gorzyoze
753 5623 789 5687 et
815 5615 964 5706 plebano
991 5615 1084 5705 eius,
1112 5619 1148 5685 et
1174 5613 1273 5686 valor
1300 5613 1374 5686 eius
1402 5613 1608 5686 aestimatur
1634 5609 1679 5680 ad
1706 5627 1809 5680 unam

260 5750 410 5803 maroam
438 5751 515 5805 eum
542 5732 664 5805 media.
689 5733 779 5808 Item
806 5741 860 5807 est
886 5735 935 5808 ibi
963 5741 1088 5827 quarta
1113 5734 1322 5824 lrortalanio,
1350 5735 1393 5805 de
1420 5733 1517 5803 euius
1544 5730 1638 5820 agris
1661 5727 1809 5800 solvitur
1904 5827 1907 5832 Ι

203 5879 210 5888 ·
261 5853 394 5924 decima
419 5853 644 5944 manipularis
669 5873 733 5945 pro
761 5855 906 5928 eeclesia
932 5855 1050 5928 Saneti
1077 5855 1175 5927 Petri
1204 5857 1237 5926 in
1265 5852 1567 5925 Saudomiria.

364 5973 544 6066 Znonow,
571 5974 654 6046 villa
688 5975 753 6046 sub
789 5976 954 6066 parochia
989 5976 1154 6048 ecelesiae
1181 5976 1224 6046 de
1252 5973 1440 6064 Solyeez
1467 5972 1552 6062 sita,
1579 5987 1688 6060 prope
1714 5965 1810 6041 Sto·

260 6099 485 6189 lanpezam,
513 6097 609 6168 ouius
627 6097 751 6167 haeres
769 6095 896 6169 Petrus
915 6083 1225 6186 Zborouszliy
1254 6095 1296 6165 de
1316 6091 1809 6181 armisYnstrzambeny.

259 6220 300 6290 ln
328 6233 396 6312 qna
422 6225 504 6292 suut
529 6218 622 6290 lanei
648 6217 891 6310 emetbonules‚
918 6219 1001 6290 item
1027 6219 1212 6308 tabernae,
1241 6217 1324 6288 item
1351 6215 1589 6306 hortulaniae,
1616 6213 1659 6284 de
1687 6212 1810 6304 quibus

260 6343 417 6415 omuibus
444 6341 592 6415 solvitur
618 6346 654 6413 et
680 6337 883 6412 conducitur
910 6337 1043 6410 decima
1069 6337 1294 6428 manipularis
1309 6344 1357 6442 et
1385 6335 1561 6428 centapolis
1579 6355 1643 6427 pro
1663 6331 1808 6405 eeclesia

261 6465 297 6534 in
323 6463 566 6557 Gorzyeze,
593 6470 630 6536 et
655 6462 755 6537 valor
781 6461 856 6534 aius
881 6459 1088 6534 aestimatur
1115 6457 1159 6532 ad
1186 6464 1316 6552 septem
1346 6479 1488 6532 mareas.
1515 6458 1603 6531 Item
1628 6454 1809 6548 praedium
