4200 8342
1669 1653 1740 1727 133
1809 1732 1813 1737 ,

190 1867 291 1938 cuius
317 1858 485 1956 plebanus
503 1846 790 1936 Bartholomaeus
809 1865 853 1936 de
870 1918 878 1933 .
898 1918 905 1934 .
932 1918 959 1953 .,
986 1864 1021 1934 in
1040 1884 1109 1953 qua
1127 1867 1208 1935 sunt
1225 1863 1371 1952 triginta
1387 1862 1480 1933 lanei
1499 1862 1743 1953 emethanales,

190 1987 237 2058 de
262 1987 389 2077 quibus
417 1986 564 2057 solvitur
584 1986 726 2056 'decima
742 1984 969 2075 manipularis
987 1989 1024 2056 et
1041 1983 1216 2072 canapaus
1233 2003 1297 2073 pro
1316 1982 1446 2054 vicaria
1459 1979 1679 2054 Craeoviensi
1693 2035 1743 2052 ...

189 2106 283 2178 Item
319 2112 372 2177 est
406 2107 456 2177 ibi
481 2105 663 2197 praedium
688 2108 795 2176 unuin
821 2105 991 2194 militare,
1018 2104 1061 2174 de
1089 2124 1156 2193 quo
1184 2103 1331 2175 solvitur
1358 2103 1491 2174 decima
1516 2102 1743 2192 manipularis

192 2226 361 2298 ecclesiae
397 2232 433 2297 et
459 2227 607 2318 plebano
633 2226 671 2296 in
697 2225 921 2317 Syepraw.
960 2225 1049 2295 Item
1076 2223 1244 2313 plebanus
1269 2223 1377 2293 habet
1403 2242 1506 2313 agros
1534 2221 1742 2294 sufficientes

190 2353 230 2418 et
255 2353 376 2437 prata,
403 2367 467 2437 pro
504 2346 585 2418 dote
612 2365 684 2416 sua
720 2343 807 2417 Item
834 2350 916 2417 sunt
942 2345 991 2415 ibi
1018 2349 1167 2435 quatuor
1193 2342 1410 2414 hortulaniae
1436 2344 1604 2415 habentes
1630 2363 1743 2433 agros,

191 2468 278 2538 Item
313 2487 383 2538 una
417 2458 564 2537 taberna
598 2465 729 2536 habens
765 2485 886 2554 agros,
913 2465 998 2534 item
1034 2463 1102 2534 duo
1138 2463 1335 2536 molendina
1360 2462 1524 2534 habentia
1550 2482 1673 2553 agros,
1700 2463 1743 2534 de

192 2588 320 2679 quibus
355 2587 513 2659 omnibus
549 2585 699 2671 solvitur
734 2584 876 2656 decima.
914 2585 1005 2656 Item
1040 2585 1185 2656 eeclesia
1218 2585 1254 2654 in
1282 2583 1498 2675 Syeprau
1524 2583 1632 2655 habet
1658 2582 1743 2654 duas

191 2708 345 2799 piscinas
372 2713 410 2778 et
436 2712 585 2797 quatuor
610 2701 821 2776 eadraedus.
847 2706 939 2777 Item·
964 2699 1110 2796 quilibet
1127 2705 1272 2777 -cmetho
1299 2704 1342 2776 de
1368 2704 1468 2776 laneo
1494 2709 1634 2776 tenetur
1660 2702 1744 2775 dare

190 2828 341 2919 plebano
368 2828 404 2900 in
431 2826 644 2918 Syeprau
669 2846 773 2896 unam
799 2846 996 2897 mensuram
1023 2825 1181 2916 siliginis,
1210 2825 1355 2896 alteram
1373 2842 1502 2897 avenae
1520 2816 1744 2896 Mislimicen·

192 2948 242 3020 sis
269 2947 453 3019 confertae.
479 2948 569 3019 Item
596 2946 763 3038 plebanus
790 2946 903 3017 dictae
930 2943 1095 3019 ecclesiae
1118 2947 1226 3017 hahet
1242 2946 1401 3037 proprias
1419 2943 1534 3036 sylvas
1552 2944 1743 3036 distinctas,

192 3066 309 3158 largas
336 3072 372 3138 et
397 3067 529 3157 longas.

299 3186 626 3276 Kansznowrczn,
653 3186 738 3260 uilla
764 3186 828 3258 sub
855 3186 1022 3276 parochia
1048 3185 1091 3258 de
1117 3185 1336 3279 Syepraw
1363 3186 1439 3276 sita,
1465 3186 1562 3258 cuius
1588 3187 1744 3277 proprie-

192 3312 250 3380 tas
277 3308 322 3378 ad
348 3308 597 3380 monasterium
624 3305 788 3397 Corporis
816 3304 946 3378 Christi
972 3307 1009 3377 in
1036 3304 1287 3378 Casimiria
1313 3307 1475 3397 pertinet.
1500 3302 1542 3377 In
1569 3326 1637 3397 qua
1663 3313 1745 3378 sunt

193 3429 428 3520 quadraginta
454 3434 603 3518 quatuor
630 3427 838 3518 emethoneS,
865 3427 948 3501 item
973 3448 1079 3498 unum
1106 3427 1347 3519 molendinum
1365 3428 1534 3500 habentes
1552 3447 1657 3518 agros
1675 3448 1744 3499 non

193 3555 421 3640 mensuratos
450 3548 511 3619 sed
537 3548 700 3638 variatos,
728 3547 771 3619 de
798 3547 922 3639 quibus
950 3547 1108 3620 omnibus
1135 3548 1335 3632 solvebatur
1354 3545 1494 3642 ¹,decima
1518 3548 1744 3639 manipularis

194 3674 230 3741 et
255 3669 432 3759 canapalis
459 3668 676 3758 praebendae
703 3645 740 3740 et
766 3669 983 3747 canonicatui
1011 3667 1242 3759 Caesariensi,
1260 3689 1348 3760 quae
1366 3672 1511 3741 vocatur
1527 3665 1745 3758 Conowska;

194 3789 297 3862 hodie
334 3795 450 3860 autem
485 3788 598 3860 dictae
630 3789 850 3879 praebendae
886 3791 1072 3863 canonicus
1103 3789 1197 3862 tolno
1222 3810 1286 3880 pro
1313 3789 1446 3862 decima
1471 3789 1617 3879 siugulis
1644 3791 1743 3861 anuis

193 3916 327 4001 septem
363 3930 505 3981 marcas.
545 3910 633 3981 Item
669 3915 725 3981 est
758 3911 808 3981 ibi
834 3931 923 3982 unus
948 3912 1071 3983 laneus
1097 3910 1252 4000 scolteti,
1279 3909 1323 3981 de
1350 3910 1446 3981 euius
1473 3910 1568 4001 agris
1594 3910 1741 3982 solvitur

194 4029 330 4102 declina
355 4030 580 4120 manipularis
607 4029 771 4102 ecclesiae
797 4030 833 4101 in
861 4031 1083 4123 Syepraw.
1108 4031 1197 4102 Item
1224 4029 1370 4121 quilibet
1396 4030 1531 4103 emetha
1550 4031 1655 4102 solvit
1670 4031 1743 4122 ple-

194 4151 285 4222 bano
314 4151 350 4220 iu
377 4149 592 4241 Syeprau
618 4151 768 4222 medium
796 4151 943 4222 alterum
969 4172 1128 4242 grossum
1151 4171 1215 4242 pro
1234 4170 1348 4240 ceusu,
1367 4151 1427 4241 qni
1444 4154 1589 4222 vocatur
1607 4147 1745 4245 poddy-

194 4293 281 4341 maa
308 4271 396 4342 Item
424 4276 479 4342 est
505 4271 554 4342 ibi
580 4291 651 4342 nna
675 4272 830 4362 taberna,
858 4271 919 4342 sed
937 4292 1006 4342 non
1024 4272 1132 4343 habet
1148 4292 1272 4362 agros;
1297 4270 1380 4343 item
1397 4269 1577 4361 praedium
1594 4291 1663 4342 non
1682 4276 1746 4341 est.

304 4388 575 4481 Ocszowuczn,
609 4390 693 4462 villa
726 4393 789 4464 sub
825 4392 991 4483 parochia
1026 4392 1190 4464 ecelesiae
1226 4391 1269 4464 de
1295 4390 1511 4482 Syepraw
1537 4391 1622 4482 sita,
1649 4393 1746 4464 cuius

195 4511 320 4582 haeres
346 4509 619 4602 Olszowsky
646 4510 689 4582 de
716 4511 900 4585 Koszua
926 4511 969 4584 de
995 4512 1098 4584 domo
1126 4567 1134 4583 .
1161 4566 1169 4582 .
1196 4566 1204 4582 .
1230 4512 1270 4584 In
1298 4532 1367 4602 qua
1393 4519 1474 4585 sunt
1501 4513 1619 4585 decem
1645 4513 1745 4604 lanei,

194 4631 279 4703 item
306 4651 376 4701 una
401 4632 556 4721 taberna,
583 4632 667 4702 item
693 4632 1005 4722 praedium-unum
1031 4632 1193 4724 militare,
1220 4631 1263 4705 de
1282 4634 1406 4724 quibus
1424 4634 1582 4706 omnibus
1601 4634 1747 4707 solvitur

194 4772 259 4842 pro
286 4751 419 4822 decima
453 4758 526 4823 tres
553 4751 705 4824 fertones
732 4753 950 4844 praebendae
966 4753 1218 4843 'Cracoviensi,
1244 4773 1333 4844 quae
1360 4758 1504 4825 vocatur
1531 4752 1747 4844 Gonowska3

195 4872 279 4943 item
316 4878 369 4942 est
405 4872 453 4943 ibi
490 4892 578 4944 unus
613 4873 734 4945 laneus
770 4874 924 4965 scolteti,
952 4876 995 4947 de
1023 4896 1090 4966 quo
1117 4895 1181 4965 pro
1208 4874 1342 4947 decima
1367 4873 1574 4965 manipulari
1600 4875 1747 4945 solvitur

194 5013 284 5064 uuus
312 4991 400 5063 ferto
428 4992 592 5065 ecclesiae
619 4999 656 5065 et
681 4994 829 5085 plebano
851 4995 888 5065 in
906 4994 1132 5086 Syepraw.
1157 4995 1246 5066 Item
1266 4993 1412 5084 quilibet
1430 4994 1565 5065 emetha
1583 4993 1627 5065 de
1645 4993 1744 5066 laneo

194 5119 334 5185 tenetur
352 5114 487 5185 solvere
504 5114 651 5209 plebano
669 5114 705 5187 in
723 5113 935 5206 Syepraw
952 5134 1016 5206 pro
1027 5112 1228 5210 poddymac
1245 5114 1394 5185 medium
1413 5115 1561 5187 alterum
1577 5135 1745 5205 grossum.

226 5291 230 5299 ,
299 5233 482 5322 ZawanA,
508 5234 592 5305 villa
618 5236 682 5306 sub
708 5237 874 5325 parochia
896 5235 939 5307 de
958 5234 1174 5329 Syeprau
1200 5235 1277 5327 sita,
1296 5235 1393 5307 cuius
1410 5235 1534 5307 haeres
1553 5235 1746 5308 Stanislaus

196 5354 577 5456 Wyeloglowsky.
621 5356 662 5425 In
698 5376 767 5445 qua
782 5411 786 5420 .
801 5359 882 5426 sunt
917 5355 1112 5445 quindecim
1146 5354 1239 5426 lanei
1274 5356 1525 5446 emethonales,
1552 5356 1595 5429 de
1623 5358 1747 5448 quibus

198 5477 356 5548 omnibus
383 5476 530 5548 solvitur
557 5482 592 5547 et
618 5475 821 5547 conducitur
848 5475 981 5546 decima
1007 5475 1233 5566 manipularis
1260 5482 1296 5548 et
1323 5477 1499 5568 canapalis
1525 5497 1590 5569 pro
1617 5478 1748 5551 vicarta

197 5597 423 5689 praebendae
442 5596 697 5687 Cracouiensis,
726 5617 813 5687 quae
839 5603 985 5669 vocatur
1011 5595 1225 5688 Conowsha',
1255 5603 1292 5668 et
1317 5597 1416 5670 valor
1442 5597 1516 5670 eius
1544 5599 1748 5671 aestimatur

198 5720 242 5791 ad
269 5720 420 5810 quinque
457 5737 609 5789 marcas:
636 5717 720 5788 item
752 5718 897 5808 quilibet
924 5719 1059 5790 emetha
1087 5718 1130 5790 de
1155 5718 1256 5789 laneo
1283 5718 1387 5790 solvit
1414 5718 1561 5808 plebano
1588 5719 1624 5790 in
1651 5719 1674 5791 S
1681 5741 1748 5810 ye-

197 5861 319 5930 pr-aw
354 5859 418 5928 pro
455 5858 561 5910 censu
595 5838 689 5910 dieto
710 5835 902 5933 padelirone
927 5838 1077 5909 medium
1113 5839 1262 5911 alterum
1297 5859 1464 5929 grossum.
1504 5839 1591 5910 Item
1619 5846 1672 5911 est
1698 5840 1747 5910 ibi

195 5982 285 6031 unus
311 5960 434 6031 laneus
462 5959 608 6049 scolteti,
636 5958 679 6029 de
706 5959 802 6030 cuius
830 5960 924 6050 agris
952 5959 1143 6031 decimatur
1167 5959 1315 6050 plebano
1329 5959 1379 6029 'in
1406 5958 1631 6050 Syepraw.
1658 5960 1746 6033 Item

197 6086 276 6153 sunt
303 6081 339 6151 in
366 6079 487 6152 eadem
517 6079 602 6152 uilla
627 6079 703 6170 agri
732 6080 880 6171 quidam,
907 6080 1021 6152 vocati
1041 6076 1272 6175 przyrnyarti
1298 6079 1384 6150 alias
1412 6077 1605 6151 Sziroka
1630 6080 1747 6172 laha,
1800 6074 1802 6079 ’

197 6204 254 6294 qui
290 6201 465 6294 quondam
502 6206 604 6273 erant
629 6201 842 6292 praediales,
870 6200 1067 6294 dequibus
1095 6198 1268 6270 decimant
1294 6199 1492 6272 emethones
1519 6201 1685 6279 ecclesiae
1712 6209 1749 6274 et
1853 6188 1856 6194 ‘

198 6323 345 6413 plebano
372 6322 409 6392 in
435 6321 659 6413 Syepraw.

299 6441 570 6534 annnncznr,
596 6443 680 6515 villa
707 6443 770 6517 sub
797 6443 964 6535 parochia
989 6442 1032 6514 de
1060 6440 1274 6532 Syeprau
1300 6441 1378 6532 stta,
1404 6442 1652 6514 cuiushaeres
1670 6442 1748 6515 Sta-

197 6564 329 6640 nislaus
365 6563 781 6660 Wyelyeglausky.
820 6564 862 6639 In
889 6584 957 6660 qua
984 6567 1067 6638 suut
1092 6561 1242 6662 quinque
1267 6562 1361 6642 lanei
1386 6563 1639 6656 cmethonales,
1664 6564 1750 6640 item
