4200 8342
295 1518 369 1590 1116

395 1723 582 1808 Poaonrn,
609 1719 692 1791 villa
718 1719 782 1789 sub
808 1718 975 1807 parochia
1002 1716 1365 1788 dePrzeezslaw
1391 1715 1468 1805 sita,
1496 1714 1595 1786 cuius
1622 1714 1747 1787 haeres
1764 1714 1835 1785 Stu-

292 1843 422 1915 nislaus
448 1843 652 1930 Liganza
679 1840 721 1911 de
748 1841 853 1911 armis
880 1838 1158 1927 Polakozya.
1202 1837 1243 1908 In
1271 1856 1339 1927 qua
1365 1843 1446 1908 sunt
1471 1837 1566 1908 lanei
1593 1836 1837 1925 amabamus,

291 1964 374 2035 item
400 1964 555 2051 taberna,
581 1962 665 2031 itam
690 1959 886 2049 hortulani,
917 1958 961 2030 de
988 1960 1113 2049 quibus
1141 1957 1287 2030 solvitur
1314 1964 1350 2029 et
1376 1958 1582 2030 conducitur
1610 1958 1747 2029 decima
1771 1978 1837 2027 ma-

290 2082 459 2173 nipularis
502 2089 539 2154 ct
581 2081 755 2171 canapalis
795 2081 958 2152 ecclesiae
995 2081 1030 2151 in
1072 2080 1379 2169 Przeazslaw‚
1424 2084 1461 2151 et
1504 2079 1603 2151 ralar
1638 2078 1838 2151 aestimatur
1935 2116 1946 2129 ·

290 2224 369 2275 erus
475 2259 508 2273 ..

395 2324 668 2411 1999999999,
704 2322 786 2393 villa
823 2323 887 2393 sub
914 2321 1079 2412 parocbia
1105 2320 1148 2391 (19
1180 2320 1438 2411 Dambycza
1473 2322 1559 2411 sita,
1593 2322 1693 2391 cuius
1721 2320 1839 2392 haeres
1902 2354 1966 2401 a

292 2442 457 2516 Nicolaus
491 2443 883 2534 Lathaschynslry
917 2442 960 2513 de
987 2442 1093 2513 armis
1129 2439 1401 2514 Griffanum.
1446 2442 1485 2512 ln
1513 2462 1582 2531 qua
1609 2447 1694 2513 sunt
1720 2462 1839 2513 narem
1890 2474 1971 2521 ,ι

292 2564 383 2636 lanei
409 2564 651 2653 emetbonales,
678 2564 761 2634 item
788 2564 953 2635 tabernae
980 2560 1077 2653 duae,
1104 2564 1187 2633 item
1214 2561 1441 2651 hortulaniae,
1469 2562 1658 2653 dequibus
1686 2582 1752 2653 pra
1770 2584 1839 2633 una
1875 2590 1979 2639 ,ι

293 2688 392 2774 parte
418 2683 566 2757 solvitur
591 2688 627 2755 et
652 2683 854 2756 conducitur
880 2684 1013 2755 decima
1037 2683 1264 2773 manipularis
1281 2688 1319 2755 et
1336 2683 1511 2773 canapalis
1537 2702 1602 2773 pra
1628 2682 1779 2755 ecelesia
1803 2684 1837 2753 in
1881 2712 1975 2758 n

223 2842 237 2855 ·
291 2804 599 2894 Praeczslaw,
625 2823 689 2894 pra
716 2804 827 2875 altera
852 2824 935 2875 vera
953 2803 1138 2875 medietate
1165 2803 1312 2876 solvitur
1338 2824 1402 2893 pra
1421 2805 1585 2894 episcopo
1602 2800 1839 2891 Oracaviensi;
1855 2830 1995 2893 23

291 2926 374 2996 item
400 2932 455 2997 est
480 2925 529 2997 ibi
556 2924 733 3015 praedium
761 2946 883 3015 unum,
919 2925 962 2997 (19
988 2925 1086 2997 99199
1113 2924 1207 3014 agris
1241 2924 1434 2997 decimatur
1460 2925 1626 2997 ecelesiae
1653 2924 1997 2997 innam-—

291 3046 314 3115 b
323 3066 455 3137 yaza,
482 3046 525 3118 de
552 3068 621 3118 una
647 3045 748 3117 laneo
774 3046 951 3135 praedioli,
978 3045 1021 3116 de
1039 3045 1118 3116 aliis
1145 3065 1228 3117 vero
1255 3045 1421 3117 ecclesiae
1447 3046 1482 3116 in
1511 3042 1787 3137 Gumnyska.

336 3172 340 3178 ’
394 3168 710 3255 barnosenrnmr,
737 3166 821 3237 villa
847 3167 911 3238 sub
938 3165 1104 3256 parocbia
1131 3165 1173 3237 de
1200 3166 1459 3257 Dambycza
1485 3166 1562 3255 sita,
1589 3152 1690 3239 cuius
1716 3166 1995 3239 hasteng

291 3288 442 3359 Jacabus
477 3286 770 3377 Trzeczeslry
805 3287 848 3358 de
874 3286 981 3358 armis
1016 3286 1298 3377 Streparum.
1351 3288 1392 3359 ln
1419 3292 1596 3377 qua-sunt
1629 3286 1724 3359 lanei
1753 3308 1994 3359 eme—-

291 3408 460 3498 11999199,
486 3408 569 3479 1199
596 3408 771 3497 tabernae,
798 3408 878 3479 item
906 3408 1142 3497 hadrianiae,
1179 3406 1222 3478 de
1249 3408 1374 3497 quibus
1400 3408 1547 3479 solvitur
1572 3412 1609 3479 91
1634 3406 1994 3481 conducitur-:-

292 3528 426 3600 decima
451 3528 675 3619 manipularis
702 3533 739 3599 et
764 3530 938 3620 canapaiis
956 3584 964 3599 .
983 3584 991 3599 .
1010 3584 1044 3618 .,
1073 3529 1156 3599 itam
1182 3534 1237 3600 cst
1263 3529 1313 3602 ibi
1338 3549 1444 3601 unum
1471 3527 1652 3621 praedium
1680 3528 1990 3619 militaress

292 3648 336 3721 dc
362 3650 460 3721 cuius
486 3648 579 3739 agris
606 3648 799 3721 decimatur
824 3650 989 3721 ecclesiae
1017 3650 1052 3721 in
1080 3648 1379 3721 Przeczslaw.
1463 3684 1480 3717 ·.

292 3844 295 3849 ,
393 3768 642 3843 Pnznczsuaw
667 3770 850 3862 oppidum,
886 3771 982 3842 cuius
1018 3772 1142 3843 baares
1177 3769 1356 3860 praefatus
1391 3770 1583 3843 Stanislaus
1610 3770 1835 3861 Lyganza
1866 3818 1984 3837 ..-

289 3892 331 3961 ln
358 3911 425 3981 quo
451 3894 534 3963 sunt
557 3890 650 3962 lanei
676 3890 935 3982 oppidanorum,
961 3890 1005 3962 da
1032 3891 1157 3981 quibus
1184 3890 1491 3964 solvitur-decima
1517 3890 1751 3981 manipularis
1779 3894 1995 3981 prcu—¹

291 4012 455 4101 primario
473 4017 510 4083 et
527 4012 710 4102 principali
736 4012 971 4084 mansionaria
990 4012 1154 4083 ecclesiae
1182 4012 1216 4083 in
1244 4012 1554 4102 Prz'eczslar,
1580 4012 1968 4085 9199199195-

290 4133 496 4204 aestimatur
523 4132 568 4203 ad
586 4185 700 4203 .....

393 4252 592 4340 Lrsauow,
618 4251 701 4323 villa
726 4251 790 4323 sub
817 4252 983 4343 parocbia
1008 4251 1174 4325 ecclesiae
1200 4253 1244 4325 de
1262 4306 1269 4322 .
1289 4308 1296 4323 .
1315 4308 1322 4323 .
1342 4306 1377 4323 ..
1404 4253 1482 4326 sits.
1512 4304 1515 4309 -

393 4368 628 4459 (1999999999,
655 4372 738 4443 villa
764 4371 827 4444 sub
852 4373 1019 4463 parocbia
1044 4374 1088 4444 de
1107 4426 1220 4442 .....
1247 4374 1324 4445 sita

395 4492 549 4563 Donezn
575 4512 713 4582 nanus,
738 4492 822 4564 villa
846 4495 911 4566 sub
937 4494 1103 4585 parocbia
1121 4547 1234 4564 .....

349 4596 352 4605 ’
392 4612 630 4703 Pnzucznnw,
659 4613 821 4704 oppidum
847 4614 1060 4705 praelatum,
1096 4613 1139 4686 dc
1174 4615 1271 4686 anius
1307 4614 1489 4705 oppidanis
1525 4620 1564 4687 91
1587 4614 1685 4705 agris
1712 4636 1879 4701 earum,

260 4734 521 4833 ‚mansionaria
546 4734 653 4806 tertia
678 4735 785 4808 habet
811 4756 949 4809 censum
975 4738 1201 4826 perpetuum,
1237 4736 1388 4828 quinque
1414 4756 1606 4809 marcarum
1646 4738 1878 4809 communis
1938 4762 1965 4779 ⁴

289 4856 464 4944 pecuniae,
493 4875 593 4945 quem
612 4855 664 4924 illi
682 4854 858 4945 praefatus
876 4855 1069 4929 Stanislaus
1095 4854 1302 4946 Liganza
1329 4855 1535 4929 castellanus
1561 4854 1872 4947 Malogastensis
1960 4886 1964 4893 ·

289 4974 475 5046 donatiana
502 4980 670 5065 perpetua
697 4981 733 5047 91
759 4976 986 5068 irrevocabili,
1012 4977 1049 5047 in
1068 4976 1162 5066 agris
1188 4984 1225 5048 91
1252 4977 1435 5068 oppidanis
1461 4975 1608 5068 praeisti
1635 4978 1864 5069 oppidi-‹lo-

287 5096 401 5184 navit,
435 5094 638 5167 reformavit
663 5101 701 5167 et
726 5097 922 5188 inscripsit,
957 5102 1072 5171 matus
1108 5102 1147 5169 ut
1173 5099 1345 5171 asseritur
1379 5098 1606 5189 canscientia,
1642 5098 1746 5191 quad
1775 5120 1862 5171 nan

286 5214 493 5287 mediocrem
518 5236 685 5287 summam
712 5218 855 5289 alterius
881 5218 1019 5308 plebani
1045 5218 1180 5291 mediae
1206 5220 1317 5310 partis
1344 5220 1388 5291 de
1423 5218 1721 5293 Praeczslarr
1750 5218 1858 5295 (199-

286 5336 377 5427 gorii
403 5336 440 5407 in
466 5334 696 5409 Gracovia
721 5337 927 5429 depositam,
953 5340 1029 5430 ipsa
1057 5344 1193 5412 mortuo
1221 5340 1287 5413 sibl
1315 5340 1498 5432 usurparit
1524 5344 1559 5413 91
1585 5340 1861 5433 appropriavit-
1955 5368 1969 5383 ·

287 5459 376 5531 ltam
403 5456 551 5549 quilibet
575 5458 882 5531 mansionariorum
911 5460 1143 5551 praefatorum
1171 5460 1443 5535 babolenum
1470 5460 1656 5553 specialem
1682 5480 1754 5553 pro
1784 5482 1863 5537 999
1942 5464 1974 5505 ⁴

286 5580 511 5656 habitatione.
1623 5630 1625 5637 ·

387 5702 476 5774 Item
494 5705 534 5774 91
550 5698 727 5790 praelatae
745 5701 942 5793 dotationis,
968 5702 1200 5777 ordinationis
1218 5706 1254 5775 et
1271 5702 1467 5777 donatianis
1483 5700 1671 5794 dispositio
1691 5706 1864 5799 amplius
1937 5690 1981 5743 ³

286 5824 496 5912 innotescat,
530 5826 567 5893 et
593 5842 662 5894 999
683 5821 802 5914 possit
827 5823 921 5896 trabi
949 5844 971 5895 a
995 5822 1114 5896 lutura
1137 5828 1253 5897 aetate
1278 5826 1315 5897 iu
1341 5824 1502 5915 dubium,
1527 5828 1589 5897 aut
1615 5823 1862 5911 oblivionem,
1938 5844 1984 5933 ξ

285 5941 418 6034 capiam
443 5942 616 6033 privilegii
643 5944 707 6016 sub
733 5943 836 6016 titula
864 5949 900 6016 91
927 5944 1041 6033 sigilla
1064 5943 1207 6035 Sbignei
1234 5944 1381 6037 praefati
1409 5944 1593 6019 cardinalis
1618 5948 1659 6019 91
1685 5942 1867 6041 episcopi
1918 5930 1987 5993 1

286 6062 526 6137 bracariensis
552 6064 760 6137 inseruimus
785 6068 943 6157 regestro
970 6067 1155 6156 praesenti
