4200 8342
255 1642 332 1715 aba

255 1847 391 1920 Mariae
417 1846 602 1919 Nativitati
637 1846 809 1934 dicatam,
845 1846 942 1917 cuius
977 1845 1102 1917 haeres
1139 1844 1209 1916 dax
1236 1843 1280 1914 de
1307 1843 1518 1937 Plczyna
1555 1844 1595 1915 ln
1624 1865 1694 1934 quo
1729 1851 1803 1916 sunt

255 1974 347 2043 lanei
361 1971 619 2059 oppidanorum,
633 1969 677 2038 de
690 1968 815 2058 quibus
829 1967 976 2038 solvitur
990 1966 1123 2038 decima
1137 1965 1338 2056 pecuniaria
1351 1966 1500 2056 plebano
1514 1966 1551 2036 in
1569 1964 1804 2057 Myslowice

255 2114 344 2184 quae
370 2092 467 2181 prius
493 2094 570 2160 erat
596 2089 842 2179 manipulario,
879 2089 975 2158 cuius
1003 2088 1102 2159 valor
1128 2087 1172 2158 ad
1200 2107 1260 2158 sex
1288 2106 1365 2158 curn
1391 2087 1506 2158 media
1541 2098 1680 2158 marcas
1707 2088 1806 2159 aesti-

255 2211 390 2300 matur;
416 2214 501 2283 item
527 2210 674 2281 ecelesia
699 2215 744 2279 et*
761 2209 930 2299 plebanus
956 2209 1005 2279 ibi
1032 2209 1139 2279 habet
1164 2209 1325 2299 proprios
1352 2228 1456 2298 agros
1482 2208 1628 2298 liberor,
1654 2229 1721 2298 pro
1748 2228 1807 2280 suo

256 2357 340 2424 usu,
367 2333 509 2422 praedio
539 2336 576 2402 et
609 2330 837 2418 necessitate3
873 2331 956 2400 item
983 2334 1037 2401 est
1064 2330 1114 2401 ibi
1139 2329 1319 2419 praedium
1346 2329 1515 2420 militare,
1542 2329 1586 2401 de
1613 2348 1684 2420 quo
1711 2328 1810 2401 datur

258 2456 391 2527 decima
417 2452 661 2542 manipularis,
686 2453 787 2522 cuius
813 2451 912 2522 valor
938 2457 1089 2541 quatuor
1115 2470 1319 2522 marcarum.

320 2575 322 2579 ’
361 2575 593 2662 Poanmmrn,
628 2572 713 2643 villa
738 2573 804 2644 suh
828 2573 996 2663 parochia
1022 2572 1068 2644 de
1092 2572 1338 2645 Jaworzno
1365 2573 1452 2663 sita,
1488 2572 1587 2644 ouius
1613 2572 1810 2662 proprietas

259 2698 303 2768 ad
329 2697 527 2787 episcopum
554 2694 817 2765 (iracovienaem
843 2694 1003 2783 pertinet.
1045 2693 1087 2763 In
1115 2713 1184 2784 qua
1207 2698 1297 2765 suut·
1318 2693 1513 2784 quindecim
1539 2693 1632 2765 lanei
1660 2694 1811 2765 ometho

258 2820 372 2906 nates,
400 2818 483 2889 item
511 2836 586 2886 una·
605 2816 756 2886 taberna
779 2820 816 2885 et
842 2815 1040 2886 hortularia
1075 2815 1244 2887 habentes
1270 2835 1391 2905 agros,
1428 2812 1471 2886 de
1498 2815 1625 2906 quibus
1651 2836 1719 2905 pro
1745 2836 1813 2886 una

258 2940 444 3011 medietate
472 2937 618 3008 solvitur
637 2941 672 3006 et
690 2936 894 3008 conducitur
912 2935 1047 3007 decima
1063 2936 1290 3026 manipularis
1317 2942 1353 3008 ct
1371 2936 1554 3026 canapalis'
1574 2957 1639 3027 pro
1668 2935 1813 3009 ecclesia

259 3059 450 3151 parochiali
486 3059 522 3128 in
549 3056 877 3149 Myalowycze,
914 3057 1011 3128 cuius
1046 3057 1146 3128 valor
1181 3057 1225 3128 ad
1261 3062 1393 3148 septem
1428 3076 1562 3128 marcas
1598 3057 1813 3146 aestimatur,

259 3203 323 3273 pro
351 3181 462 3251 altera
486 3184 601 3250 autem
637 3178 841 3267 medietate,
877 3178 1024 3249 solvitur
1051 3183 1088 3250 et
1113 3178 1318 3251 conducitur
1353 3178 1486 3249 decima
1511 3199 1576 3270 pro
1603 3178 1754 3250 ecclesia
1779 3184 1813 3251 et

260 3306 334 3389 cius
361 3302 509 3392 plebano
535 3301 571 3370 in
598 3299 621 3370 J
631 3319 849 3388 aworzno,
877 3304 914 3369 et
930 3299 1029 3371 valor
1055 3300 1130 3371 eius
1157 3300 1201 3371 ad
1224 3305 1359 3391 'septem
1386 3300 1764 3372 mamas'acstimatur.

364 3424 609 3510 anazrrmA,
637 3419 720 3492 villa
737 3421 801 3491 sub
820 3420 987 3510 parochia
1012 3421 1056 3491 de
1083 3420 1390 3511 Mislowioze,
1418 3422 1516 3493 cuius
1542 3406 1744 3512 proprietas
1771 3422 1814 3493 ad

260 3545 444 3616 haeredem
470 3543 515 3614 de
541 3540 739 3633 Pczyua
756 3541 798 3612 ln
825 3562 893 3632 qua
920 3546 1001 3613 sunt
1027 3541 1137 3632 lanei,
1164 3542 1351 3633 dequibus
1377 3542 1526 3614 solvitur
1552 3543 1688 3614 decima
1712 3563 1815 3633 pecu-

263 3666 376 3738 niaria
394 3718 508 3735 .....
517 3688 527 3753 ;
563 3662 850 3735 columbationam
879 3669 915 3734 at
941 3663 1121 3735 denarium
1157 3663 1275 3736 Sancti
1311 3664 1408 3736 Petri
1444 3663 1550 3737 solvit
1584 3664 1755 3737 ecclesiae
1779 3664 1815 3736 in

261 3787 530 3859 Mislowica.
1583 3791 1585 3795 '

340 3894 706 3996 'Baznuezuowlcm
732 3905 816 3977 villa
843 3906 906 3976 sub
925 3906 1090 3996 parochia
1115 3907 1151 3977 in
1177 3906 1218 3978 M
1225 3906 1465 3998 yslowice,
1493 3907 1591 3980 cuius
1617 3907 1817 3997 proprietas

262 4031 307 4101 ad
334 4029 509 4100 dominum
545 4028 776 4118 Pczynensem
813 4027 973 4117 pertinet.
1013 4026 1053 4097 In
1082 4048 1150 4117 qua
1185 4032 1267 4099 sunt
1301 4028 1412 4118 lanei,
1448 4028 1642 4119 dequibus
1671 4026 1818 4099 solvitur

262 4152 395 4221 decima
430 4149 647 4240 pecuniaria3
682 4150 766 4219 item
811 4152 866 4220 ast
900 4149 949 4219 ibi
984 4146 1175 4239 scoltetia,
1208 4149 1252 4220 de
1287 4170 1356 4241 qua
1391 4150 1557 4221 scultetus
1585 4140 1744 4240 'plebano
1781 4150 1817 4221 in

263 4254 522 4343 Mislowicc
548 4270 686 4343 ratione
712 4271 883 4361 decimae,
912 4269 1058 4361 singulis
1077 4271 1177 4343 annis
1195 4289 1258 4361 pro
1276 4271 1366 4344 sesto
1393 4268 1511 4344 Sancti
1537 4270 1685 4343 Martini
1714 4272 1819 4344 solvit

171 4379 176 4392 ’
264 4394 412 4465 sedecim
438 4412 588 4481 grossos.
1328 4396 1330 4401 ’
1518 4460 1520 4465 .

367 4514 605 4601 Rosznzrnu,
633 4512 716 4583 villa
741 4512 806 4583 sub
834 4512 953 4583 eadem
980 4513 1164 4603 parochia,
1201 4515 1297 4586 cuius
1333 4499 1529 4605 proprietas
1565 4515 1609 4585 ad
1641 4514 1819 4586 dominum

265 4635 307 4704 de
335 4633 549 4704 Plsozina
576 4637 718 4724 spectat.
746 4634 786 4703 ln
813 4654 882 4723 qua
909 4640 990 4705 sunt
1014 4634 1127 4724 lanei,
1154 4634 1197 4706 de
1225 4635 1349 4725 quibus
1376 4636 1523 4708 solvitur
1549 4636 1684 4707 decima
1710 4637 1822 4707 mani-

265 4755 397 4845 pularis
415 4776 478 4844 per
495 4754 644 4826 medium
673 4755 717 4825 ad
744 4753 975 4827 Ozolandz
1001 4762 1038 4828 et
1066 4756 1216 4828 medinm
1235 4756 1280 4828 ad
1298 4757 1577 4850 Myslowice,
1605 4778 1710 4848 quarn
1728 4758 1829 4830 tollit

265 4877 424 4971 minister
450 4875 626 4947 ecclesiae.
642 4877 678 4946 in
705 4875 745 4946 M
753 4876 978 4949 islo'uioe.

368 4976 600 5086 Kozrmuoz,
626 4986 711 5069 villa
736 4997 876 5069 deserta
902 4998 966 5068 snb
994 4998 1115 5069 eadem
1142 4999 1317 5088 parochia.
1352 5000 1393 5069 ln
1422 5020 1491 5090 qua
1517 5005 1599 5070 sunt
1624 4999 1735 5090 lanei,
1763 5001 1828 5090 qui

265 5121 495 5209 seminantur,
523 5118 718 5209 dequibus
745 5119 849 5192 datur
875 5117 1009 5190 decima
1035 5120 1261 5210 manipularis
1284 5120 1448 5192 ccclesiae
1475 5121 1511 5192 in
1538 5104 1824 5212 Myslowice,

265 5239 394 5309 valoris
421 5240 523 5310 unius
549 5259 694 5310 marcae.

380 5360 677 5448 Sarrruaumm,
722 5361 806 5431 villa
842 5362 981 5433 deserta
1016 5364 1080 5434 sub
1116 5362 1237 5434 eadem
1273 5364 1458 5454 parochia,
1504 5362 1654 5454 praefati
1692 5364 1827 5436 domini

267 5481 484 5569 Pczynensis.
511 5481 551 5550 In
580 5502 648 5571 qua
674 5487 729 5552 cst
754 5482 929 5573 scoltetia,
957 5484 1000 5555 de
1020 5504 1087 5576 qua
1105 5484 1212 5556 datur
1237 5485 1371 5556 decima
1396 5485 1623 5576 manipularis
1650 5485 1822 5559 ecclesiae

268 5603 302 5672 iu
330 5601 369 5671 M
378 5602 614 5693 yslowioe,
642 5623 743 5693 quam
770 5604 864 5675 tollit
890 5606 1058 5678 minister.

370 5724 602 5814 Szrnnnncz,
637 5725 722 5796 villa
750 5725 813 5798 sub
840 5728 1005 5816 parochia
1040 5725 1084 5799 de
1109 5727 1379 5818 Mislowice‚
1417 5729 1515 5800 cuius
1550 5731 1752 5819 proprietas
1780 5730 1822 5802 ad

266 5846 441 5916 dominum
469 5843 493 5917 J
498 5846 851 5937 aroczkypertinet.
879 5848 919 5918 In
947 5869 1015 5938 qua
1034 5854 1114 5920 sunt
1133 5849 1328 5940 quindecim
1354 5850 1466 5938 lanei,
1494 5849 1690 5941 dequibus
1719 5852 1821 5924 datur

266 5966 398 6035 decima
423 5967 649 6057 manipularis
676 5967 721 6039 ad
748 5968 960 6058 Oreladz,
996 5971 1081 6039 item
1108 5970 1156 6041 ibi
1183 5975 1238 6042 est
1263 5970 1444 6059 praedium
1470 5970 1622 6043 militare
1631 6026 1753 6060 .....
1780 5971 1821 6045 da

267 6087 391 6174 quibus
426 6087 529 6158 datur
556 6090 688 6160 decima
713 6089 941 6179 manipularis
968 6090 1132 6162 ccclesiae
1158 6091 1195 6161 in
1222 6089 1497 6182 Mislowioe,
1525 6090 1622 6164 ouius
1648 6093 1753 6165 valor
1778 6090 1843 6169 ad·

266 6213 416 6297 quatuor
443 6227 578 6280 marcas
605 6211 827 6299 aestimatum
862 6213 947 6281 item
973 6213 1009 6281 in
1038 6210 1159 6283 eadem
1173 6213 1269 6311 ,villa
1294 6212 1463 6302 plebanus
1490 6213 1533 6285 de
1560 6212 1822 6287 Mislowiee

265 6328 371 6399 habet
397 6329 577 6400 tabernam
605 6332 780 6420 propriam
808 6351 884 6403 cum
912 6333 1015 6422 agris.

370 6449 563 6539 Zruoonza,
590 6450 673 6521 villa
692 6454 755 6522 sub
774 6454 895 6524 eadem
913 6455 1093 6543 parochia,
1116 6455 1213 6526 cuius
1227 6457 1351 6527 haeres
1379 6456 1558 6528 lohannes
1575 6456 1668 6547 Zag
1682 6459 1823 6549 orsky

273 6574 311 6643 et
337 6569 495 6646 dominus
520 6570 764 6672 dardaniam
801 6573 843 6652 lu
870 6594 939 6671 qua
964 6582 1048 6652 sunt
1080 6576 1275 6672 quindecim
1292 6576 1420 6671 lanei,
1454 6577 1499 6651 da
1525 6576 1650 6671 quibas
1664 6578 1825 6655 solritm
