4200 8342
1736 1626 1808 1702 'aa
1878 1580 1881 1585 ⁵

256 1853 375 1904 coram
402 1832 503 1905 nobis
528 1837 814 1924 recognoverunt,
841 1824 946 1905 talem
973 1833 1065 1904 inter
1091 1853 1128 1903 se
1151 1832 1358 1904 alterutrum
1377 1833 1642 1923 ordinationem,
1666 1839 1703 1906 et
1729 1856 1808 1907 con·

257 1952 414 2025 cordiam
441 1952 572 2043 iecisse,
599 1952 769 2042 videlicet,
797 1952 888 2044 quod
915 1952 1092 2043 praetatus
1110 1953 1278 2024 Dominus
1303 1947 1455 2024 Micbael
1481 1955 1700 2045 praepositus
1726 1957 1810 2028 mie-

256 2073 454 2146 cboviensis
481 2093 653 2171 unacum
680 2094 743 2145 suo
771 2078 942 2145 conventu
968 2094 1005 2145 se
1033 2074 1275 2164 submiserunt,
1302 2080 1338 2144 et
1356 2073 1484 2145 debent
1502 2074 1585 2146 dare
1612 2079 1648 2149 et
1674 2076 1810 2147 solvere

255 2193 509 2286 manipularem
544 2192 713 2265 decimam
749 2193 933 2265 cuiuslibet
967 2193 1106 2284 generis
1141 2194 1414 2284 frumentorum,
1445 2195 1600 2285 ipsorum
1627 2195 1747 2268 allodii
1773 2196 1808 2267 in

258 2312 506 2402 vss1a0r10v;
539 2314 614 2385 sola
639 2319 754 2386 amen
781 2315 825 2385 de
852 2314 946 2404 agris
973 2314 1061 2404 illis,
1077 2309 1079 2313 ’
1098 2315 1156 2404 qui
1183 2316 1227 2385 ab
1254 2315 1396 2404 antiquo
1424 2316 1630 2406 spectabant
1655 2318 1699 2388 ad
1726 2318 1809 2389 allo·

257 2434 354 2507 dium
381 2436 499 2506 curiae
525 2433 678 2506 eiusdem
710 2434 814 2506 villae
841 2433 967 2524 OrloW,
1004 2435 1169 2506 ecclesiae
1204 2426 1396 2526 parochiali
1422 2436 1459 2507 in
1487 2436 1657 2508 Tarnavva
1682 2444 1719 2508 et
1738 2438 1811 2509 suis

256 2555 454 2628 rectoribus
468 2527 695 2646 'temporibus
722 2555 901 2646 perpetuis
929 2554 1119 2644 duraturis;
1145 2555 1189 2626 de
1207 2555 1277 2626 alia
1299 2576 1382 2628 vero
1410 2560 1510 2646 parte
1537 2577 1700 2646 agrorum
1727 2558 1810 2629 dicti

257 2675 378 2771 allodii
404 2677 442 2746 in
468 2675 593 2765 Orlovv,
621 2696 709 2767 quos
736 2676 862 2747 dividit
890 2675 1063 2766 quoddam
1090 2676 1258 2747 fossatum
1286 2676 1511 2767 apraedictis
1538 2677 1690 2767 antiquis
1708 2679 1811 2768 agris,
1870 2703 1872 2706 ·

259 2798 438 2886 decimam,
466 2796 549 2868 dare
576 2796 681 2868 debet
716 2796 761 2868 ad
787 2797 967 2868 ecclesiam
994 2790 1293 2886 uiiechoviensem3
1319 2797 1495 2888 praefatus
1521 2818 1669 2888 namque
1694 2798 1812 2871 Domi-

259 2928 325 2990 nus
343 2917 514 2989 Nemerza
531 2917 748 3008 praedictum
768 2917 944 2989 dominum
971 2918 1209 3009 praepositum
1228 2924 1265 2990 et
1283 2925 1488 2990 conventum
1517 2919 1591 2991 eius
1610 2920 1812 2991 monasterii

258 3038 541 3127 miechoviensis,
569 3058 610 3110 ac
635 3038 789 3129 ipsorum
816 3058 1054 3128 successores,
1090 3032 1136 3109 ad
1161 3038 1303 3110 tertiam
1333 3039 1581 3128 pantomimis
1608 3045 1812 3130 patronatus

258 3159 459 3251 praedictae
486 3159 649 3230 ecclesiae
676 3159 713 3230 in
741 3159 910 3231 Tarnava
942 3158 1082 3231 admisit
1108 3160 1285 3250 perpetuis
1317 3161 1533 3250 temporibus
1560 3148 1812 3232 conterendam.

260 3280 327 3370 Qui
354 3278 491 3371 quidem
518 3279 649 3351 domiui
665 3280 893 3370 *praepositus
912 3287 948 3353 et
965 3280 1136 3352 Nemerza
1153 3281 1253 3351 nobis
1272 3280 1510 3371 supplicarimt
1536 3279 1699 3369 studiose,
1727 3300 1811 3371 qua-

260 3409 363 3473 tenus
399 3401 670 3490 ordinationem,
706 3384 943 3491 concordiam,
984 3401 1249 3473 submissionem
1285 3406 1322 3472 et
1347 3401 1590 3475 admissionem
1617 3399 1813 3491 praedictas

260 3523 474 3615 approbare,
509 3521 706 3612 gratificare
734 3527 770 3593 et
796 3521 1001 3594 confirmare
1036 3522 1269 3612 dignaremur.
1313 3521 1387 3595 Nos
1414 3524 1522 3613 igitur
1553 3521 1811 3612 praedictorum

261 3644 480 3716 dominorum
505 3643 697 3733 praepositi
733 3648 769 3714 et
794 3641 964 3714 Nemerze
999 3644 1164 3715 studiosis
1198 3644 1439 3734 petitionibus,
1475 3650 1515 3716 ut
1540 3649 1622 3733 pote
1649 3643 1750 3715 iustis
1778 3649 1814 3716 et
1898 3692 1904 3705 ·

263 3765 391 3837 rationi
418 3764 577 3835 consonis
605 3769 807 3854 annuentes,
834 3763 1097 3854 ordinationem,
1125 3764 1354 3854 concordiam,
1381 3764 1655 3854 submissionem,
1682 3770 1719 3836 et
1754 3764 1815 3836 ad-

263 3885 462 3957 missionem
489 3885 686 3975 praedictas
712 3890 832 3975 gratas
850 3889 956 3974 atque
975 3888 1070 3955 ratas
1096 3884 1274 3975 habentes,
1302 3885 1543 3975 approbamus,
1568 3884 1815 3974 gratificamur,

264 4005 475 4080 ratificamus
503 4010 539 4076 et
564 4010 686 4078 tenore
721 4006 958 4096 praesentium
989 4004 1249 4096 confirmamus,
1288 4005 1512 4077 decernentes
1534 4005 1629 4096 ipsas
1656 4006 1815 4078 obtinere

264 4126 425 4219 perpetui
452 4126 588 4197 roboris
615 4125 829 4197 firmitatem.
856 4127 896 4196 In
916 4125 1012 4197 cuius
1030 4125 1083 4196 rei
1099 4125 1345 4216 testimonium,
1372 4131 1574 4216 praesentes
1600 4144 1663 4218 per
1689 4125 1815 4219 Alber-

263 4253 337 4319 tum
355 4247 530 4318 notarium
549 4247 666 4318 curiae
684 4252 826 4318 nostrae
844 4245 1103 4336 infrascriptum
1122 4246 1237 4335 scribi,
1263 4246 1444 4336 nostrique
1472 4247 1578 4337 sigilli
1605 4247 1815 4338 appensione

262 4368 424 4440 iussimus
460 4367 672 4439 communiri
715 4367 842 4438 Actum
873 4373 910 4439 et
937 4366 1058 4439 datum
1093 4387 1184 4438 anno
1210 4365 1453 4457 pontificatus,
1480 4367 1546 4458 die,
1573 4384 1700 4457 mense,
1728 4368 1815 4456 loco,

263 4490 389 4581 quibus
416 4509 530 4579 supra.
557 4487 805 4561 Praesentibus
833 4489 1089 4568 venerabilibus
1107 4493 1143 4560 et
1160 4488 1422 4561 honorabilibus
1447 4489 1531 4560 viris
1554 4488 1711 4562 dominis:
1739 4488 1817 4560 Sta-

263 4611 375 4683 nislao
411 4611 537 4683 abbate
573 4610 775 4682 monasterii
801 4610 844 4682 de
871 4609 1025 4683 Brzesko
1062 4611 1193 4682 ordinis
1230 4612 1598 4702 praemonstratensis,
1634 4610 1815 4699 Donin...,

263 4730 476 4802 cracoviensi
504 4736 540 4802 et
566 4730 767 4821 praeposito
803 4729 921 4802 Sancti
956 4730 1112 4801 Floriani
1147 4737 1247 4801 extra
1281 4752 1400 4804 muros
1435 4731 1673 4804 cracovienses
1709 4732 1817 4802 eccle·

264 4852 406 4941 siarum,
434 4858 483 4922 et.
497 4851 642 4924 Nicolao
669 4851 925 4923 Ponaschconis
950 4851 1152 4942 praeposito
1180 4853 1403 4942 cracoviensi,
1431 4851 1575 4925 Nicolao
1602 4852 1817 4942 Lappanow-

266 4972 354 5063 szky
381 4973 580 5063 praeposito
608 4971 788 5044 kielciensi
814 4978 851 5043 et
876 4973 1042 5045 canonico
1070 4972 1292 5062 cracoviensi,
1320 4993 1361 5044 ac
1387 4973 1465 5044 aliis
1492 4972 1559 5044 fide
1586 4972 1701 5062 dignis
1718 4970 1819 5042 testi·
1895 5059 1903 5080 x

266 5094 342 5183 bus,
370 5093 462 5164 circa
488 5094 689 5184 praemissav
706 5093 838 5165 vocatis
871 5093 1070 5183 specialiter
1096 5097 1134 5163 et
1159 5092 1300 5182 rogatis.
1326 5092 1375 5164 Et
1401 5113 1465 5182 ego
1493 5091 1660 5164 Albertus
1686 5091 1818 5165 Joban-

266 5232 328 5286 nes
364 5213 408 5284 de
438 5212 659 5287 Jaroscbewo
695 5213 843 5286 clericus
869 5213 1040 5304 plocensis
1077 5212 1253 5302 dioecesis,
1280 5213 1452 5303 imperiali
1483 5212 1691 5285 auctoritate
1718 5220 1817 5287 nota·

266 5335 340 5407 rius
372 5335 548 5425 publicus,
583 5333 781 5426 praedictae
809 5333 1030 5424 ordinationi,
1060 5334 1273 5424 concordiae,
1301 5333 1559 5425 compositioni,
1587 5335 1818 5425 submissioni,

268 5455 486 5545 admissioni,
523 5455 765 5546 approbationi
801 5475 842 5526 ac
867 5455 1026 5526 omnibus
1063 5460 1099 5526 et
1126 5455 1288 5545 singulis,
1325 5454 1406 5526 dum
1433 5456 1483 5527 sic
1517 5461 1558 5527 ut
1584 5455 1819 5546 praemittitur

268 5578 391 5663 tierent
409 5582 447 5647 et
464 5582 659 5667 agerentur,
686 5595 756 5646 una
784 5594 861 5646 cum
887 5577 1159 5666 praenominatis
1176 5576 1327 5648 testibus
1346 5596 1510 5666 praesens
1529 5575 1681 5666 interfui,
1709 5598 1818 5667 eaque

268 5697 344 5770 deri
370 5697 444 5787 vidi
471 5702 506 5769 et
532 5696 666 5786 audivi,
693 5717 798 5767 manu
824 5717 901 5769 mea
928 5697 1071 5789 propria
1098 5696 1327 5786 conscribens,
1354 5697 1390 5767 in
1416 5698 1507 5768 banc
1531 5697 1676 5768 formam
1704 5697 1816 5786 publi-

268 5839 343 5891 cam
370 5817 507 5907 redegi,
535 5817 634 5907 signo
662 5823 699 5889 et
725 5818 863 5890 nomine
890 5820 976 5890 meis
994 5818 1106 5891 solitis
1134 5824 1170 5890 et
1197 5819 1380 5908 consuetis,
1407 5838 1476 5889 una
1504 5837 1580 5888 eum
1608 5816 1819 5908 appensione

269 5937 372 6031 sigilli
391 5938 671 6010 reverendissimi
690 5939 726 6009 in
745 5937 884 6012 Christo
911 5940 1023 6030 patris
1042 5939 1172 6010 domini
1198 5938 1330 6010 domini
1355 5938 1495 6009 Alberti
1522 5938 1676 6028 episcopi
1702 5958 1820 6011 craco-

268 6061 416 6149 viensis,
443 6080 485 6131 ex
512 6062 608 6130 certa
634 6061 709 6133 eius
736 6060 882 6131 scientia
907 6066 944 6132 et
966 6060 1129 6141 mandato
1157 6060 1299 6150 speciali
1335 6059 1561 6149 consignans,
1587 6058 1624 6128 in
1651 6057 1754 6161 fidem
1783 6067 1820 6133 et

267 6180 503 6253 testimonium
524 6180 690 6252 omnium
725 6186 763 6252 et
796 6180 1009 6270 singulorum
1043 6181 1333 6271 praemissorum,
1364 6184 1512 6270 'rogatus
1549 6180 1747 6271 specialiter
1781 6188 1817 6252 et

270 6302 469 6393 requisitus
496 6301 580 6373 mihi
607 6302 745 6373 notario
772 6301 950 6392 praedicto
975 6307 1112 6374 constat
1130 6301 1173 6373 de
1191 6301 1259 6373 illis
1278 6300 1488 6375 dictionibus
1506 6303 1727 6375 canonicatus
1745 6318 1822 6375 cra·

270 6422 439 6495 coviensis
466 6423 625 6514 partibus
651 6443 694 6494 ex
720 6422 833 6494 altera
848 6422 886 6495 in
903 6421 1024 6513 quinta
1049 6421 1143 6492 linea
1169 6406 1331 6496 versuum
1355 6423 1480 6520 positis
1505 6423 1606 6519 rasis,
1633 6421 1726 6518 quod
1752 6442 1822 6498 nou
1934 6404 1957 6425 '¹
1991 6452 1995 6461 ·

271 6550 351 6622 sunt
378 6563 479 6622 rasae
506 6565 549 6619 ea
577 6543 693 6642 aliquo
721 6544 808 6620 vitio
835 6543 897 6621 sed
924 6563 968 6620 ea
994 6562 1124 6623 errore.
