4200 8342
1731 1648 1804 1729 565

236 1947 238 1950 ¹
359 1859 563 1952 Znnnszrn,
589 1858 674 1935 viiia
700 1860 798 1935 iuxta
824 1858 976 1953 Vislam,
1003 1868 1040 1935 et
1059 1860 1123 1937 sub
1141 1859 1306 1954 parocbia
1332 1857 1376 1934 de
1402 1858 1702 1966 Saeczecliou
1728 1862 1805 1953 sita,

256 1985 354 2057 cuins
381 1984 578 2075 proprietas
605 1990 641 2055 et
668 1985 858 2057 dominium
886 1985 930 2057 ad
957 1985 1205 2058 monasterium
1232 1982 1541 2056 Saeczechouiense
1568 1984 1730 2074 pertinet
1764 1982 1806 2053 In

256 2115 325 2196 qua
351 2112 433 2178 sunt
459 2125 519 2176 sex
547 2106 638 2177 lanei
673 2106 924 2197 cmethonales,
961 2106 1156 2197 dequibus
1191 2106 1339 2179 solvitur
1371 2111 1409 2176 et
1435 2105 1640 2177 conducitur
1671 2103 1807 2175 decima

257 2227 497 2317 manipularis,
525 2233 561 2298 et
587 2248 650 2317 per
676 2233 748 2299 tres
777 2228 913 2316 ierugas
941 2228 1134 2317 canapalis,
1167 2249 1230 2317 pro
1257 2227 1469 2298 monasterio
1495 2220 1806 2313 Szeczecboviensi,

258 2349 354 2419 cuius
381 2348 482 2420 valor
516 2348 720 2419 aestimatur
746 2347 790 2418 ad
818 2351 967 2437 quatuor
1002 2367 1145 2419 marcas.
1189 2348 1276 2419 Item
1304 2353 1358 2419 est
1384 2348 1433 2419 ibi
1460 2367 1529 2417 uua
1555 2347 1711 2418 taberna·
1738 2366 1806 2417 non

258 2468 390 2540 habens
417 2460 539 2559 agros,
557 2469 640 2540 item
669 2472 750 2540 sunt
776 2468 825 2539 ibi
852 2474 931 2539 octo
957 2468 1192 2558 hortulauiae,
1220 2469 1325 2539 etiam
1352 2488 1420 2538 non
1447 2469 1616 2539 habentes
1642 2487 1755 2557 agros.

359 2588 556 2679 Jnuuuoiu,
591 2590 675 2662 villa
702 2590 768 2661 snb
794 2590 960 2679 parochia
994 2589 1160 2663 ecclesiae
1187 2589 1230 2661 de
1256 2588 1564 2661 Saeczechow‘
1587 2586 1673 2676 sita,
1710 2586 1807 2656 cuius

258 2711 454 2801 proprietas
481 2710 526 2782 ad
553 2711 800 2783 monasterium
836 2709 1145 2783 Saeczechoriense
1181 2711 1340 2801 pertinet
1384 2709 1425 2780 Iu
1453 2728 1521 2800 qua
1555 2714 1638 2781 sunt
1674 2712 1808 2806 septem

257 2832 349 2903 lanei
376 2831 618 2921 cmcthonales,
645 2832 840 2922 dequibus
867 2832 1016 2904 solvitur
1042 2837 1078 2903 et
1105 2830 1308 2903 conducitur
1335 2830 1469 2902 decima
1495 2827 1744 2918 manipularis,
1771 2832 1807 2896 et

258 2972 321 3043 per
338 2959 413 3025 tres
431 2954 569 3043 ierugas
588 2952 779 3043 canapalis,
806 2972 872 3042 pro
889 2952 1035 3024 ecclesia
1047 2958 1084 3024 et
1099 2951 1247 3042 plebano
1273 2951 1309 3022 in
1327 2950 1566 3040 Szeczechow,
1587 2948 1684 3020 cuius
1713 2946 1810 3018 valor
1866 2947 1869 2952 ’

259 3075 463 3146 aestimatur
500 3074 544 3145 ad
579 3080 712 3164 septem
748 3093 892 3145 marcas.
936 3074 1025 3146 Item
1061 3078 1143 3144 sunt
1177 3073 1228 3144 ibi
1254 3077 1405 3164 quatuor
1439 3072 1604 3143 tabernae
1638 3068 1806 3140 babentes

259 3208 372 3285 apros,
399 3216 466 3268 nou
493 3199 575 3268 sunt
601 3201 715 3266 autem
742 3195 970 3267 hortulaniae.
996 3195 1084 3265 Item
1104 3194 1245 3265 esttibi
1260 3214 1365 3264 unum
1392 3192 1573 3283 praedium
1600 3189 1807 3277 coenobiale,

260 3316 302 3387 de
329 3337 398 3407 qno
424 3338 494 3389 non
520 3316 625 3389 solvit
652 3306 838 3406 decimam,
865 3316 926 3388 sed
953 3336 1029 3388 eam
1055 3336 1120 3406 pro
1147 3336 1185 3386 se
1211 3315 1458 3387 monasterium
1484 3312 1587 3386 tollit.

362 3437 473 3510 iterun
500 3437 761 3527 JnnruowsKA,
798 3438 833 3509 in
860 3437 968 3510 cruda
997 3436 1116 3511 radice
1151 3437 1344 3529 extirpata,
1380 3437 1485 3509 habet
1520 3434 1718 3573 cmetlrones
1745 3394 1806 3501 sex

171 3618 175 3623 .
254 3558 314 3631 uel
341 3558 552 3648 plures...

916 3679 1161 3752 anuznrczn.

365 3800 460 3873 Villa
477 3821 586 3891 supra
603 3792 789 3872 Vislam
808 3801 888 3891 sita
913 3801 1082 3875 habens'
1071 3822 1109 3870 m
1127 3820 1165 3870 se
1183 3798 1414 3890 parochialem
1442 3740 1622 3870 ecclesiam
1647 3795 1806 3886 ligneam,

260 3922 398 3993 filialem
424 3922 590 3994 ecclcsiae
615 3921 956 4010 Szecaechovieusis,
992 3921 1090 3993 cuius
1124 3920 1228 3992 villae
1264 3920 1460 4010 proprietas
1485 3918 1531 3989 ad
1558 3916 1806 3989 monasterium

262 4042 571 4115 Saeczeclrouiense
606 4044 769 4133 pertinet.
804 4042 850 4112 In
872 4062 941 4132 qua
966 4048 1048 4113 sunt
1076 4040 1228 4132 quinq-uc
1255 4040 1347 4141 lanei
1373 4037 1728 4127 emethonales,·itam
1755 4038 1810 4105 est

215 4197 219 4204 ’
261 4166 310 4237 ibi
337 4164 498 4237 scultetis
522 4164 655 4251 babens
679 4163 769 4235 duos
795 4163 914 4234 laneos
941 4163 1088 4250 liberos3
1116 4162 1200 4233 item
1227 4166 1309 4232 sunt
1333 4167 1406 4232 tres
1431 4161 1712 4248 tabemae,'-uua
1736 4174 1810 4226 mo·

262 4286 406 4359 nasterii
432 4292 470 4358 et
495 4286 584 4357 duae
601 4284 757 4375 plebani,
784 4285 864 4355 item
875 4276 1011 4374 'quarta
1027 4283 1176 4355 taberna
1193 4287 1248 4354 est
1266 4282 1414 4372 sculteti,
1441 4284 1665 4374 quae-omncs
1681 4278 1812 4349 habent

262 4428 374 4499 agros,
401 4408 445 4479 de
472 4407 596 4498 quibus
624 4408 781 4480 omnibus
809 4406 913 4479 solvit
897 4411 956 4477 tur
983 4411 1019 4477 et
1003 4404 1252 4478 tconducitur
1277 4404 1411 4477 decima
1427 4401 1688 4494 manipularis·
1678 4405 1726 4472 -et
1743 4418 1807 4489 per

262 4551 366 4602 unam
403 4529 558 4619 ierugam
592 4529 789 4620 canapalis,
823 4549 888 4619 pro
915 4528 1062 4603 ecclesia
1088 4533 1124 4599 et
1150 4528 1225 4600 eius
1260 4527 1472 4650 plebanum
1500 4522 1811 4609 Szeciecllow,

263 4652 359 4723 cuius
385 4650 484 4726 ualor
511 4651 715 4722 aestimatur
741 4650 785 4722 ad
812 4651 964 4742 quinque
989 4669 1134 4721 marcas.

365 4771 621 4862 Moszomczu,
648 4772 731 4844 villa
757 4773 821 4844 snb
847 4773 1013 4862 parocbia
1039 4772 1083 4844 de
1109 4771 1468 4861 Brzesclrnycza
1493 4769 1579 4857 sita,
1588 4766 1704 4837 cuius
1730 4783 1811 4854 pro·

262 4893 393 4983 prietes
428 4893 473 4963 ad
499 4893 746 4964 monasterium
781 4891 1092 4964 Saec'zechoviense
1128 4890 1320 4981 pertinet·
1318 4889 1391 4959 ln
1405 4908 1473 4978 qua
1508 4891 1589 4958 sunt
1624 4904 1683 4956 sex
1720 4883 1812 4954 lanei

264 5014 516 5102 cmethonales,
552 5014 597 5085 de
623 5014 747 5104 quibus
773 5012 920 5084 solvitur
946 5018 982 5084 et
1008 5010 1214 5096 conducitur
1249 5010 1382 5081 decima
1404 5007 1660 5097 manipularis,
1687 5012 1729 5101 et
1749 5013 1812 5095 per

264 5142 338 5207 tres
364 5136 502 5226 ierugas
529 5135 721 5226 cenapolis,
747 5155 810 5224 pro
837 5134 1056 5206 monasterio·
1075 5130 1393 5225 stczeclnovi'ensi,
1428 5129 1526 5201 cuius
1554 5128 1653 5207 valor
1679 5127 1724 5198 ud
1750 5146 1811 5198 sex

264 5277 398 5329 marcas
425 5277 484 5328 aes
485 5258 637 5328 timetur.
664 5256 767 5327 ltom
777 5260 832 5329 est
859 5256 909 5326 ibi
925 5252 1169 5327 molendinum
1195 5253 1328 5324 habeus
1354 5271 1471 5342 agros,
1499 5250 1563 5321 de
1570 5250 1695 5340 quibus
1707 5248 1813 5319 deci-

265 5383 381 5450 matur
415 5399 480 5469 pro
507 5379 720 5468 plebanum
744 5378 1043 5449 Brzeznicza.
1085 5376 1175 5461 item
1207 5396 1276 5447 non
1312 5380 1367 5446 est
1392 5373 1441 5446 ibi
1468 5371 1666 5469 praedium,
1699 5391 1813 5497 neque

258 5503 448 5592 tabernae,
475 5501 661 5573 hortulani
678 5506 759 5579 sunt
785 5501 959 5571 decimant
984 5503 1099 5570 autem
1117 5498 1266 5588 plebano
1293 5497 1337 5569 de
1363 5479 1657 5572 Brzeznicza

161 5610 167 5617 ’
277 5632 280 5637 ’
370 5622 504 5713 Psam,
530 5623 613 5694 villa
635 5624 699 5694 sub
716 5621 881 5712 parochia
908 5621 951 5692 de
978 5620 1298 5711 Brzeaznycze
1326 5618 1404 5709 sita,
1431 5619 1529 5711 cuius
1546 5616 1742 5727 proprietas
1769 5611 1814 5685 ad

266 5745 516 5817 monasterium
547 5742 856 5816 Szecuechoviense
890 5743 1051 5833 pertinet.
1087 5742 1223 5833 inqua
1250 5746 1331 5813 sunt
1364 5746 1437 5811 tres
1464 5741 1555 5811 lanei
1581 5736 1813 5811 cmetbouales

267 5847 310 5935 de
337 5867 461 5955 quibus
488 5853 699 5960 saltitaret
724 5864 929 5937 conducitur
954 5864 1089 5935 decima
1114 5862 1349 5953 manipularis,
1377 5868 1414 5931 et
1439 5879 1503 5951 per
1528 5861 1813 5950 uuam-ierugam
1867 5945 1869 5949 ⁷

267 5986 453 6076 canapalia,
480 6006 544 6076 pro
571 5987 726 6058 ecclesia«
742 5985 1117 6085 iu'Saeczecbou,
1152 5990 1189 6055 et
1215 5983 1314 6056 valor
1335 5983 1414 6054 eius
1441 5982 1655 6054 aestimatur-
1670 5978 1715 6054 ad
1740 5986 1814 6052 tres

266 6127 412 6179 marcas.
446 6108 536 6180 Item
562 6128 631 6188 una
661 6108 817 6179 taberna·
842 6107 974 6179 habens
1010 6086 1129 6198 agros,
1171 6105 1321 6176 decimat
1355 6109 1471 6177 autem
1505 6122 1570 6195 pro
1596 6102 1744 6194 plebano
1771 6102 1815 6174 de

266 6229 553 6302 Braeznicza
578 6250 639 6302 seu
656 6227 889 6301 Saeczcchow.
916 6229 1003 6301 Item
1030 6228 1080 6299 ibi
1107 6227 1287 6318 praedium
1305 6247 1373 6299 non
1393 6232 1465 6318 est,
1492 6227 1574 6299 item
1592 6222 1811 6322 bortulauiae
1859 6262 1861 6267 ·

267 6371 336 6424 non
362 6359 470 6444 sunt,
516 6372 626 6444 neque
662 6350 877 6440 molendina3
921 6351 1005 6425 item
1033 6351 1077 6420 'iu
1109 6349 1326 6420 haereditate
1361 6348 1506 6440 Pscry
1542 6349 1640 6420 iuxta
1672 6346 1813 6419 fluvium

267 6474 512 6548 Ozerwona
537 6474 662 6546 unda
687 6473 837 6564 dictum,
864 6473 900 6543 in
927 6471 1035 6544 cruda·
1060 6471 1179 6543 radlce
1205 6471 1280 6560 agri
1307 6477 1388 6543 sunt
1414 6472 1550 6543 noviter
1577 6470 1753 6560 extirpati,
1779 6474 1815 6541 et

267 6596 380 6668 indies
397 6598 628 6687 extirpantur.
654 6595 743 6670 Item
767 6595 933 6682 inbonis
958 6590 1105 6684 Psary
1130 6591 1363 6665 molendinum
1378 6592 1518 6665 noviter
1534 6597 1590 6663 est
1606 6597 1814 6683 extructum,
