4200 8342
303 1619 376 1701 388

144 1859 147 1864 ·
302 1834 390 1907 duos
415 1833 543 1923 laneos,
569 1831 699 1905 ibidem
725 1831 813 1904 sitos
838 1834 922 1903 aute
938 1828 1094 1921 valvam,
1120 1832 1217 1902 retro
1243 1823 1425 1908 ecclesiam
1452 1828 1718 1919 extramuros,
1744 1843 1852 1918 penes

299 1958 410 2047 viam,
447 1972 534 2046 quae
561 1953 656 2026 ducit
682 1953 718 2024 in
745 1950 999 2044 Oppathow
1032 1952 1069 2023 in
1095 1970 1200 2024 manu
1227 1950 1353 2023 dextra
1375 1953 1477 2041 parte
1503 1950 1547 2022 ab
1573 1969 1660 2043 una,
1697 1953 1734 2022 et
1758 1950 1853 2020 inter

299 2074 436 2148 laneum
463 2076 539 2167 agri
553 2129 557 2134 -
573 2072 739 2147 stanislai
774 2072 1024 2147 Oltlrarzik
1060 2078 1097 2146 et
1120 2072 1301 2165 praedium
1333 2070 1506 2144 Matthiae
1540 2070 1718 2146 Wrona
1761 2071 1851 2143 Item

298 2198 406 2294 luebat
430 2197 571 2270 hortum
597 2202 679 2269 aute
706 2195 850 2268 eandem
870 2194 1014 2269 ¹valvam
1040 2196 1077 2266 in
1103 2195 1248 2268 sinistra
1273 2214 1393 2286 mauu,
1419 2213 1525 2287 penes
1551 2192 1692 2267 hortum
1716 2186 1851 2266 Iohan-
1950 2173 1955 2181 ’

298 2319 353 2390 nia
380 2317 678 2411 Gzyelyatko.
704 2316 792 2390 Item
818 2317 928 2392 habet
952 2319 1090 2408 pratum
1117 2316 1153 2389 in
1179 2315 1271 2389 ualle
1298 2314 1536 2409 situmdicta
1559 2314 1850 2407 Wachyczim

299 2445 336 2512 ot
362 2440 457 2511 intra
482 2438 648 2530 rismum,
686 2436 778 2529 quod
804 2441 942 2530 pratum
967 2442 1114 2511 vocatur
1139 2436 1446 2529 Dobrowoda‚
1481 2457 1588 2530 penes
1613 2442 1717 2529 prata
1740 2436 1849 2527 regia,

299 2559 511 2651 protendens
538 2580 575 2633 aa
602 2580 713 2652 osque
739 2560 784 2633 ad
800 2564 941 2652 pratum
967 2558 1065 2634 Petri
1090 2558 1348 2652 Zydoweca.
1374 2559 1465 2632 Item
1482 2558 1590 2632 habet
1607 2579 1727 2633 amum
1746 2555 1849 2632 coad-

298 2680 415 2752 iucena
441 2680 534 2753 dicto
560 2685 663 2771 prato
698 2685 735 2753 et
760 2680 892 2772 rivulo,
931 2700 1039 2773 penes
1064 2680 1175 2773 vim,
1215 2699 1303 2773 quae
1329 2679 1426 2754 ducit
1451 2678 1495 2752 de
1530 2677 1796 2774 Schydloau
1811 2678 1848 2750 in

295 2797 517 2893 Zyznowa
542 2800 710 2895 Wolya
736 2801 1017 2876 Itemiucadem
1044 2801 1267 2894 Zyznowa
1292 2793 1454 2895 Wolya
1478 2800 1586 2875 habat
1610 2798 1697 2874 duos
1723 2798 1845 2872 laneos

297 2942 477 3015 agrorum,
517 2923 553 2994 in
581 2926 731 3015 quatuor
756 2927 875 3015 partes
902 2922 1049 3015 divisos,
1090 2943 1167 2996 cum
1193 2923 1306 3015 pratia
1332 2926 1370 2996 et
1394 2921 1640 2996 exmcscentiis
1676 2920 1847 2993 dictorum

296 3041 485 3116 laneorum.
511 3043 600 3116 Item
626 3045 664 3115 in
689 3044 774 3118 villa
799 3041 985 3138 Gaczky
1010 3045 1118 3119 habet
1143 3044 1295 3117 medium
1321 3044 1468 3135 laneum,
1494 3044 1531 3116 in
1558 3063 1626 3135 quo
1651 3040 1752 3116 aedat
1768 3041 1848 3115 Sta·

296 3164 428 3238 nislaus
454 3164 758 3258 Samarazlilr‚
794 3186 900 3258 penes
926 3186 1049 3257 agrum
1074 3166 1293 3258 Rakoua,
1329 3166 1467 3258 dequo
1494 3160 1644 3239 solvitur
1679 3163 1847 3237 ecclesiae

296 3273 542 3360 consuat—Item
569 3288 605 3359 in
632 3287 800 3361 suburbio
825 3286 1033 3361 Sidloviensi
1059 3287 1167 3362 habat
1193 3307 1299 3362 unum
1325 3286 1478 3378 laneum,
1504 3287 1541 3359 iu
1567 3305 1636 3378 quo
1662 3284 1761 3360 sedat
1784 3282 1847 3359 Jo-

187 3502 191 3510 ,
295 3405 428 3482 hannes
456 3389 690 3500 Goazdek,
717 3407 823 3481 situm
841 3409 1058 3502 interagroa
1083 3408 1362 3484 Skoczkowa
1387 3414 1425 3483 et
1451 3406 1702 3500 Margaretlrae
1727 3406 1846 3481 Stal-

296 3530 541 3626 machoua,
559 3530 611 3622 ‚da
637 3549 706 3622 qno
731 3530 915 3603 solvuntur
940 3535 1019 3604 octo
1046 3530 1151 3605 scotti
1178 3550 1242 3621 pro
1268 3530 1358 3604 festo
1385 3528 1589 3604 Natiuitatis
1615 3527 1757 3621 Christi,
1782 3529 1846 3600 1η·-

183 3645 191 3656 “
294 3648 395 3741 ginta
419 3669 494 3743 cus,
522 3650 591 3723 duo
616 3651 719 3742 casei,
745 3650 814 3723 duo
840 3649 934 3743 galli,
960 3657 998 3724 et
1022 3656 1163 3724 tenetur
1190 3650 1382 3725 conducere
1408 3655 1487 3724 octo
1513 3669 1636 3725 currus
1661 3649 1755 3725 foeni
1781 3667 1845 3742 pro

294 3770 462 3865 plebano,
497 3777 535 3845 et
559 3770 710 3865 praefati
736 3772 938 3845 emathonea
964 3773 1001 3844 in
1028 3770 1215 3865 Gaczky
1249 3779 1286 3847 et
1311 3773 1488 3865 suburbio,
1511 3774 1556 3846 ab
1582 3774 1677 3846 omni
1701 3771 1846 3861 tributo,

294 3893 471 3986 servitute,
498 3893 656 3985 datione,
682 3893 803 3967 labore
829 3893 1014 3986 suffragio,
1040 3899 1123 3967 sunt
1148 3895 1260 3968 liberi.
1303 3894 1400 3967 Item·
1419 3895 1525 3968 habet
1549 3894 1718 3968 decimam
1743 3913 1845 3985 praa·

294 4014 420 4087 dialem
437 4015 474 4087 in
492 4010 779 4108 villaGaczky
806 4019 886 4107 post
903 4034 1007 4107 agros
1024 4015 1151 4107 regios.
1183 4013 1846 4107 Iteminuillallonyecamosthy

292 4136 399 4227 regla,
426 4141 507 4208 aute
533 4133 828 4227 Vislicziam,
854 4136 962 4209 habet
987 4136 1156 4210 decimam
1173 4135 1424 4228 manipularem
1450 4141 1531 4228 poat
1556 4156 1660 4229 agros
1685 4135 1845 4228 praedia-

292 4255 344 4325 lea
371 4256 495 4347 regios,
522 4276 612 4347 quae
638 4254 791 4329 decimae
817 4257 1049 4330 aestimantur
1065 4257 1111 4330 ad
1129 4262 1279 4350 quatuor
1304 4277 1449 4330 marcas.
1475 4258 1564 4331 Item
1581 4258 1689 4330 habet
1705 4256 1845 4360 tertiam

293 4379 429 4463 partem
455 4376 644 4456 molendini
669 4375 837 4452 fullonum
863 4377 900 4451 in
926 4376 1117 4471 Sidlou,
1144 4378 1189 4452 da
1214 4396 1283 4471 quo
1310 4377 1493 4454 solvuntur
1510 4379 1599 4453 duae
1616 4395 1756 4452 marcac
1779 4397 1845 4469 pro

162 4510 180 4524 “
294 4513 410 4569 censu.

675 4757 821 4843 Altero
854 4760 894 4842 ln
928 4759 1115 4845 acclcala
1147 4698 1471 4846 Schldlovlcual.

394 4976 483 5052 Italrr
510 4983 564 5052 ast
589 4980 626 5051 in
653 4980 799 5055 ecclesia
824 4978 1077 5058 Sclridlouiensi
1101 4982 1224 5077 altare,
1264 4985 1301 5057 in
1327 4985 1494 5058 honorem
1513 5039 1655 5057 ......
1681 4985 1843 5074 dicatum,

290 5105 327 5170 et
352 5101 427 5172 eiua
452 5100 617 5175 introitus
643 5106 778 5195 tenues3
803 5123 873 5176 non
900 5104 993 5177 enim
1019 5103 1116 5177 aliud
1141 5104 1258 5199 habet,
1284 5106 1353 5181 nisi
1371 5159 1485 5180 .....

393 5220 508 5294 Villae
534 5223 759 5314 parochiales:
786 5222 1021 5326 Schidlou
1048 5226 1271 5320 oppidum...
1425 5251 1427 5254 ·

438 5348 441 5356 '
965 5345 1173 5421 Omnem
1700 5424 1702 5428 ,

282 5458 287 5467 ’
390 5457 486 5535 Villo
519 5462 653 5537 habens
688 5464 869 5539 ecclesiam
906 5467 1143 5560 parochialem
1177 5468 1328 5561 lirneam
1363 5469 1399 5541 iu
1426 5489 1483 5562 se,
1518 5469 1677 5545 omnibus
1703 5468 1842 5546 Sanctis
1946 5465 1955 5477 ”

289 5580 447 5675 dIcatam,
474 5584 571 5657 cuius
597 5584 721 5659 haeres
747 5584 907 5661 Andreas
941 5587 1374 5683 Pyandziczouaky
1409 5589 1453 5663 de
1480 5593 1587 5664 armis
1626 5590 1840 5667 Dambno.

286 5703 327 5775 In
355 5725 424 5797 qua
449 5710 531 5779 suut
556 5724 680 5779 uorem
706 5706 798 5782 lanei
825 5709 1079 5803 cmethoualea,
1113 5716 1188 5784 tres
1214 5710 1382 5784 tabernae
1407 5711 1578 5787 habentes
1604 5731 1723 5805 agros,
1749 5712 1840 5786 duae

286 5824 505 5900 hortulauiae
530 5827 700 5903 habentes
727 5849 841 5924 agros,
866 5831 910 5905 dc
937 5832 1063 5924 quibus
1089 5832 1249 5907 omuibus
1275 5831 1425 5907 soluitur
1450 5840 1488 5908 et
1514 5834 1719 5909 conducitur
1745 5834 1839 5906 daci·
1919 5827 1921 5832 ’

285 5967 345 6019 ma
369 5949 595 6041 manipularis
612 5954 651 6024 et
667 5951 844 6046 canapalia
864 5972 931 6045 pro
948 5951 1149 6045 praebenda
1165 5951 1396 6047 cracoviensi,
1423 5975 1512 6048 qnae
1529 5961 1675 6031 uocatur
1691 5954 1838 6048 Ohmye·

285 6066 432 6162 licentra,
458 6074 496 6144 et
520 6073 619 6147 valor
644 6074 720 6146 eius
745 6073 950 6148 aestimatur
974 6073 1027 6148 -ad
1054 6073 1172 6148 decem
1197 6095 1342 6164 marcas.
1386 6061 1475 6177 Item
1501 6080 1556 6152 eat
1580 6078 1630 6150 ibi
1655 6076 1836 6169 praediun

284 6208 390 6260 unum
416 6189 585 6284 militare,
621 6192 665 6265 de
691 6214 760 6286 quo
787 6194 982 6268 decimatur
1006 6194 1174 6269 ecclesiae
1208 6196 1245 6269 in
1274 6195 1536 6291 Ohmyalik,
1569 6202 1607 6271 et
1631 6197 1730 6273 valor
1759 6198 1836 6271 eius
1977 6205 1981 6210 '

284 6309 442 6383 adduas
469 6331 613 6386 marcas.
656 6312 746 6386 Item
771 6313 879 6389 habet
905 6313 1051 6390 ecclesia
1076 6317 1113 6389 iu
1140 6316 1260 6390 eadam
1287 6316 1372 6391 uilla
1404 6339 1470 6418 pro
1496 6340 1561 6393 suo
1586 6318 1731 6412 praedio
1761 6324 1837 6392 tres

285 6426 413 6522 laneos,
442 6432 515 6506 doti
541 6432 683 6527 plebani
708 6434 910 6531 contiguos,
944 6437 1030 6512 item
1056 6443 1196 6533 pratum
1221 6437 1314 6513 infra
1339 6438 1580 6528 molendinum
1600 6441 1724 6534 dium,
1751 6440 1837 6516 itam

284 6547 453 6635 piscinam
479 6554 515 6625 in
542 6553 802 6650 chmyelilr,
830 6577 921 6651 quae
945 6578 1011 6652 pro
1037 6577 1143 6634 censu
1169 6558 1275 6635 solvit
1300 6559 1636 6636 madiam-marcam.
