4200 8342
1734 1635 1805 1712 109

254 1856 361 1907 unam
387 1857 561 1926 marcam,
587 1839 668 1909 item
696 1839 934 1913 fraternitates
960 1818 1125 1914 tenentur
1143 1843 1227 1914 dare
1246 1864 1360 1916 ceram
1378 1844 1602 1917 sufficientem
1619 1866 1685 1935 pro
1704 1845 1807 1917 altari

256 1957 388 2046 eodem,
414 1958 497 2028 item
523 1959 715 2061 procoma
728 1961 913 2032 altaristae
930 1962 1051 2034 altaris
1078 1963 1231 2035 eiusdem
1250 1965 1335 2036 dant
1353 1970 1505 2036 sectores
1524 1966 1620 2056 ligna
1637 1966 1807 2038 sufficien-

253 2071 323 2167 tia3
349 2079 434 2148 item
451 2077 568 2152 'habet
593 2080 684 2151 idem
713 2081 823 2152 altare
850 2102 965 2155 aream
993 2103 1055 2154 sen
1082 2082 1219 2155 domum
1246 2105 1310 2174 pro
1337 2105 1443 2156 censu
1470 2106 1542 2157 sno.

323 2197 486 2270 .·Altare
522 2197 554 2270 S.
583 2199 680 2271 Petri
715 2207 751 2272 et
782 2201 882 2272 Pauli
917 2203 953 2273 in
981 2202 1115 2293 capella
1150 2204 1193 2275 de
1224 2205 1407 2277 collatione
1439 2206 1598 2296 magistri
1632 2208 1808 2297 montium,

257 2318 351 2409 quod
378 2312 518 2410 quidem
552 2320 660 2391 habet
693 2320 780 2392 dnos
806 2321 952 2395 famulos
979 2324 1015 2393 in
1041 2329 1157 2395 monte
1184 2346 1247 2416 pro
1275 2345 1379 2397 censu
1406 2348 1487 2414 suo;
1514 2327 1598 2397 item
1623 2327 1660 2397 in
1687 2328 1808 2421 zuppis

254 2440 364 2510 habet
398 2440 599 2529 bipennales
631 2445 704 2513 tres
727 2463 883 2533 mareas,
920 2445 1004 2515 item
1029 2444 1066 2514 in
1093 2444 1194 2515 domo
1229 2444 1353 2518 Jacobi
1379 2444 1674 2538 Warczowny
1700 2447 1807 2520 habet

257 2560 409 2630 mediam
442 2580 612 2651 marcam,
647 2563 730 2633 item
766 2564 802 2634 in
828 2564 928 2636 domo
956 2564 1037 2635 olim
1074 2564 1108 2636 N
1117 2565 1318 2657 yezgoda
1351 2567 1457 2638 habet
1484 2572 1616 2657 septem
1644 2565 1809 2656 fertones,

257 2681 342 2752 item
368 2680 404 2751 in
431 2679 533 2752 domo
559 2682 795 2755 Fornesth
830 2684 937 2759 habet
971 2685 1119 2756 mediam
1146 2706 1316 2775 marcam;
1343 2687 1427 2757 item
1453 2687 1561 2758 habet
1585 2708 1693 2759 unum
1719 2707 1809 2757 eme-

257 2805 402 2875 thouem
429 2802 566 2873 invilla
590 2802 863 2896 Zaklyczin,
891 2806 962 2896 vqui
980 2827 1044 2896 pro
1069 2826 1175 2877 censu
1201 2806 1306 2878 solvit
1323 2806 1478 2878 mediam
1497 2828 1648 2879 marcam
1675 2807 1811 2880 etfacit

259 2924 427 3004 ‹lumnras
453 2903 626 3013 lignirum
653 2944 718 3013 pro
745 2925 954 2997 necessitate
981 2926 1170 2997 altaristae.

287 3041 306 3092 Ἀ
366 3044 490 3114 Altare
516 3043 723 3116 Natiuitatis
749 3046 874 3119 beatae
892 3045 1048 3136 Virginis
1075 3045 1211 3117 Mariae
1239 3046 1483 3118 decollatione
1510 3048 1701 3137 praepositi
1727 3069 1809 3138 zup-

258 3164 350 3255 parii
377 3163 440 3234 lilii
466 3167 503 3234 et
528 3162 750 3253 Liganza,
778 3164 870 3256 quod
896 3164 1003 3235 habet
1029 3163 1116 3234 dnos
1142 3163 1288 3236 famulos
1314 3164 1351 3234 in
1378 3166 1562 3255 montibus,
1589 3166 1675 3237 item
1701 3166 1809 3237 habet

259 3304 429 3375 expensas
448 3283 484 3354 in
497 3283 624 3373 zuppis
642 3302 724 3354 cum'
737 3284 883 3375 ligerio,
911 3285 996 3356 item
1013 3284 1121 3355 habet
1146 3305 1253 3357 unum
1271 3286 1428 3375 quartale
1447 3286 1528 3356 salis
1547 3286 1811 3376 septimanatim.
1956 3311 1958 3313 ¹

365 3404 488 3475 Altare
515 3402 734 3476 visitationis
760 3403 913 3495 Mariae,
950 3405 1047 3477 cuins
1073 3404 1269 3495 proprietas
1305 3412 1340 3476 et
1367 3405 1506 3477 collatio
1542 3405 1586 3492 ad
1613 3405 1810 3496 praedictos

259 3526 404 3597 Petrum
430 3525 667 3614 praepositum
693 3530 730 3595 et
746 3524 994 3614 Liganzam
1021 3525 1187 3615 pertinet,
1215 3525 1306 3616 quod
1333 3526 1439 3597 habet
1466 3527 1571 3598 etiam
1588 3526 1675 3597 duos
1701 3519 1811 3597 famn-

259 3642 314 3719 los
340 3648 377 3716 in
404 3646 597 3733 montibns3
632 3645 717 3716 item
750 3644 857 3716 habet
893 3645 1043 3736 quinque
1078 3665 1219 3734 grossos
1246 3646 1501 3735 septimanatinr
1533 3647 1577 3718 de
1603 3646 1750 3737 acontio,
1777 3652 1813 3717 et
1910 3655 1913 3660 ’

260 3768 328 3839 hoc
355 3766 492 3857 quando
520 3771 673 3837 sectores
700 3766 870 3837 laborant.
1481 3780 1485 3790 ·

367 3887 491 3959 Altare
508 3885 810 3958 praesentationis
828 3887 980 3976 Mariae,
1008 3886 1106 3958 cuius
1133 3886 1271 3958 collatio
1299 3887 1343 3958 ad
1362 3893 1517 3960 coctores
1534 3889 1696 3979 pertinet,
1724 3890 1816 3980 quod

261 4010 369 4080 habet
396 4008 515 4079 decem
549 4028 683 4079 marcas
719 4028 784 4098 pro
811 4027 915 4080 censu
943 4028 1056 4079 annuo
1084 4026 1106 4077 a
1130 4006 1351 4079 fraternitate
1385 3987 1560 4081 coctorum
1574 4009 1711 4099 ,simul
1738 4030 1815 4080 cum

263 4131 352 4221 stylo
381 4129 532 4200 eiusdem
559 4127 800 4211 fraternitatis.

365 4250 490 4321 Altare
509 4248 654 4322 Sanctae
673 4235 892 4339 Catherinae,
911 4249 1006 4319 cuius
1026 4249 1164 4319 collatio
1183 4247 1227 4319 ad
1246 4249 1403 4338 eonsules
1426 4248 1694 4340 Wyeliezenses‚
1723 4252 1815 4341 quod

263 4372 371 4443 habet
397 4392 504 4442 uuum
529 4369 694 4441 famulam
721 4369 758 4440 in
773 4371 967 4441 montibus.
1011 4370 1099 4441 Item
1135 4369 1242 4440 habet
1269 4368 1316 4440 de·
1348 4369 1450 4441 horto
1478 4369 1668 4462 Gnyady
1694 4392 1817 4443 novem

265 4493 423 4580 seothos,
450 4493 533 4563 item
562 4491 734 4562 dedomo
771 4490 919 4562 funilieis
946 4489 1109 4562 Andreae
1136 4489 1244 4562 habet
1277 4490 1427 4561 mediam
1449 4470 1631 4582 marcam,
1665 4491 1747 4563 item
1775 4492 1818 4562 de

264 4614 364 4685 domo
394 4612 475 4683 elirn
501 4612 822 4704 Dobkowskye
848 4604 957 4683 unam
978 4631 1140 4683 marcam.
1520 4681 1535 4693 .,
1585 4682 1608 4701 ,Ι

261 4755 283 4807 ·,
369 4734 492 4805 Altare
520 4733 666 4805 Sanctae
693 4732 828 4805 Mariae
854 4731 1103 4823 Magdalenae‚
1131 4731 1227 4802 cuius
1254 4710 1391 4805 collatio
1418 4733 1571 4829 pertinet
1596 4733 1642 4806 ad
1660 4735 1818 4805 consules

261 4854 535 4948 Wyeliezenses,
564 4854 656 4945 qnod
682 4855 788 4926 habet
816 4853 902 4925 duos
928 4853 1074 4925 famulos
1102 4854 1138 4924 in
1164 4853 1358 4942 montibus,
1386 4854 1468 4925 item
1496 4853 1602 4934 habet
1630 4855 1665 4924 in
1692 4855 1814 4944 zuppis

262 4982 340 5049 tres
367 4992 511 5046 marcas.
637 5034 641 5041 .
1195 5039 1197 5043 ,
1500 4954 1516 4993 ‘⁴

368 5097 491 5168 Altare
519 5095 637 5169 Sancti
663 5094 812 5186 Nicolai,
840 5094 937 5167 euius
964 5094 1104 5165 collatio
1122 5093 1274 5183 pertinet
1301 5093 1346 5163 ad
1370 5093 1586 5165 consulatum
1604 5093 1817 5185 Wyeliezen-

261 5241 336 5291 sem
372 5225 410 5289 et
436 5224 609 5288 sectorum
644 5216 915 5306 fraternitatem,
953 5216 1045 5305 quod
1080 5214 1187 5285 habet
1213 5214 1333 5285 decem
1368 5190 1503 5286 marcas
1530 5214 1573 5286 de
1599 5214 1819 5287 fraternitate

265 5346 458 5429 sectorum,
494 5340 578 5409 item
615 5339 658 5409 de
696 5338 800 5411 domo
837 5336 1051 5428 Gonyueh
1078 5335 1184 5408 habet
1210 5355 1315 5407 unam
1341 5355 1511 5427 marcam,
1538 5336 1622 5408 item
1649 5336 1691 5407 de
1718 5336 1820 5409 domo

265 5460 425 5553 Szywy
451 5481 555 5530 unam
581 5479 734 5530 marcam
761 5460 877 5530 habet.

365 5581 493 5652 ,Altero
512 5579 679 5671 Corporis
699 5579 831 5652 Christi
849 5600 990 5669 novum,
1018 5579 1116 5651 cuius
1135 5578 1273 5651 collatio
1293 5584 1347 5651 est
1366 5579 1543 5650 consulum
1563 5578 1825 5669 praedictorum

265 5702 573 5794 Wyeliezensium,
610 5701 701 5791 quod
728 5701 834 5772 habet
861 5701 897 5771 in
924 5720 1008 5771 area
1033 5700 1180 5771 mediam
1207 5721 1377 5789 marcam,
1404 5701 1487 5771 item
1514 5699 1557 5770 de
1584 5699 1685 5770 domo
1714 5698 1822 5791 Gye-

265 5824 501 5914 lythkowa
527 5822 675 5893 mediam
701 5840 869 5911 marcam,
897 5823 982 5892 item
1000 5820 1043 5891 de
1062 5821 1195 5893 acontie
1212 5819 1389 5893 fabrorum
1417 5819 1533 5890 decern
1553 5825 1632 5890 octo
1659 5839 1821 5908 grossos3

267 5946 355 6018 item
382 5944 489 6015 habet
515 5943 653 6015 domum
680 5942 877 6033 specialem,
905 5942 948 6015 <le
967 5962 1035 6033 qua
1054 5942 1121 6013 sibi
1148 5941 1329 6014 solvuntur
1356 5941 1444 6012 duae
1461 5959 1600 6011 marcae
1626 5960 1690 6030 pro
1709 5961 1826 6014 censu.

933 6062 1162 6134 Bonzauow.

371 6185 468 6257 Villa
493 6185 624 6256 habens
652 6185 688 6255 in
706 6204 744 6255 sc
762 6184 996 6273 parochialem
1022 6183 1202 6254 eeclesiam
1229 6181 1375 6254 Sanctae
1402 6233 1509 6251 .....
1536 6180 1701 6273 dicatam,
1728 6184 1825 6257 cuius

270 6307 468 6398 proprietas
504 6305 548 6376 ad
575 6305 822 6376 monasterium
858 6303 1094 6395 Thyncziense
1120 6303 1282 6392 pertinet.
1322 6302 1363 6373 In
1391 6322 1459 6392 qna
1499 6308 1581 6375 sunt
1610 6304 1703 6375 lanei
1737 6323 1826 6376 eme-

271 6428 447 6517 morales,
475 6428 559 6499 item
585 6427 770 6516 tabernae,
797 6427 881 6497 item
909 6424 1127 6496 hortulaniae
1151 6424 1322 6503 habentes
1349 6445 1467 6515 agros,
1494 6423 1537 6496 de
1565 6423 1689 6515 quibus
1717 6425 1826 6497 omni-

275 6548 338 6624 bus
364 6548 512 6641 solvitur
543 6554 579 6624 et
597 6547 801 6622 conducitur
832 6547 966 6622 decima
996 6543 1222 6642 manipularis
1252 6551 1289 6625 et
1307 6544 1483 6643 canapalis
1514 6565 1579 6642 pro
1612 6544 1757 6621 eeclesia
1788 6546 1826 6621 iu
