4200 8342
262 1608 336 1683 246

261 1816 407 1889 solvitur
434 1816 565 1891 decima
592 1816 816 1909 manipularis
843 1817 1007 1889 ecclesiae
1033 1818 1071 1891 in
1088 1814 1398 1909 Praeczycza3
1424 1815 1508 1891 item
1526 1815 1690 1910 plebania
1703 1816 1795 1893 habet

261 1959 363 2030 agros
391 1943 427 2010 et
453 1944 563 2030 prata,
590 1959 653 2030 pro
681 1959 743 2010 suo
771 1960 835 2011 usu
861 1943 899 2011 et
924 1940 1140 2012 necessitate.

363 2056 615 2151 Kawrnczrn,
642 2059 726 2131 villa
739 2059 816 2131 auh
839 2060 1004 2151 parochia
1021 2059 1065 2131 de
1083 2059 1374 2151 Przeezycza
1400 2061 1479 2151 situ,
1497 2060 1598 2131 cuius
1611 2061 1797 2151 proprietas

260 2179 305 2251 ad
331 2181 579 2252 monasterium
606 2179 841 2272 Thyncziense
868 2182 1028 2272 pertinet.
1059 2180 1100 2251 In
1128 2202 1197 2272 qua
1222 2185 1303 2255 suut
1327 2181 1420 2255 lanei
1443 2179 1701 2270 ammirandae,
1728 2182 1798 2253 item

259 2322 328 2372 una
353 2300 499 2373 taberna
524 2300 657 2373 habena
684 2321 800 2391 agros,
827 2302 870 2373 do
898 2302 1022 2393 quibus
1049 2302 1198 2375 solvitur
1225 2302 1357 2375 decima
1383 2300 1576 2392 pecunialir
1602 2320 1669 2392 pro
1695 2321 1800 2374 mona

259 2420 366 2491 sterio
393 2419 660 2513 Thynyeczenai,
687 2440 749 2513 per
775 2441 837 2496 aex
861 2420 1002 2514 prosam
1029 2423 1066 2497 in
1092 2428 1232 2496 moneta
1258 2421 1449 2511 communi3
1473 2422 1560 2493 item
1579 2420 1741 2493 scoltetia
1755 2426 1801 2493 eat

264 2540 313 2611 ibi
339 2541 470 2613 habens
497 2540 583 2614 duos
610 2542 735 2632 laneos,
754 2548 791 2615 ct
808 2543 913 2615 solvit
939 2542 1181 2632 decimam‚.,..;
1207 2543 1292 2617 item
1309 2564 1378 2617 non
1396 2548 1452 2615 est
1468 2542 1518 2615 ibi
1531 2542 1725 2634 praedium,
1741 2563 1800 2615 nou

261 2669 343 2733 sunt
377 2661 612 2753 hortulaniae,
647 2683 758 2756 neque
784 2663 1035 2755 molendinum
1061 2665 1146 2737 item
1171 2662 1581 2754 columbatia··deuariue
1607 2661 1728 2741 &neti
1744 2661 1800 2734 Pe

259 2783 308 2854 tri
334 2782 377 2855 de
403 2782 523 2855 eadem
550 2783 642 2874 uilla,
670 2783 817 2857 solvitur
843 2785 1008 2859 ecclesiae
1034 2785 1079 2858 de
1105 2783 1400 2877 Przecaycza

363 2904 607 2994 Dauaouzru,
635 2904 718 2977 villa
745 2905 808 2977 snb
831 2904 1058 2996 parochia-de
1076 2904 1365 2998 Przcczyoza
1390 2904 1467 2995 rita,
1493 2903 1593 2985 onius
1610 2903 1800 2996 proprietas

258 3025 303 3097 ad
330 3027 576 3100 nonaaerium
603 3027 826 3119 Thynczense
852 3027 1014 3117 pertinet.
1054 3027 1095 3099 ln
1122 3046 1191 3118 qua
1217 3032 1299 3101 suut
1324 3026 1417 3099 lanei
1443 3025 1702 3133 amathonalea,
1727 3026 1800 3097 item

259 3147 404 3219 taberna
430 3169 499 3220 una
525 3149 657 3221 habeus
684 3168 796 3239 agros,
822 3147 906 3221 item
932 3148 1151 3221 hortulaniae
1177 3154 1250 3231 tres
1276 3148 1447 3221 habentes
1470 3166 1586 3238 agros,
1613 3146 1661 3218 de
1687 3146 1801 3237 quibua

259 3268 405 3344 solvitur
440 3269 574 3345 decima
609 3269 809 3362 pecunialia-
833 3269 1044 3342 monasterio
1061 3318 1065 3325 -
1081 3268 1296 3362 Thynezensi
1332 3288 1395 3361 per
1422 3288 1491 3345 aer
1525 3286 1692 3358 grossos3
1726 3267 1800 3338 itan

259 3390 417 3463 scoltetia
452 3396 506 3465 eat
535 3392 571 3462 in
598 3391 719 3465 eadem
745 3390 846 3483 villa,
874 3390 1007 3465 habeus
1033 3390 1120 3462 duos
1146 3389 1283 3482 laneos,
1311 3389 1356 3462 de
1382 3389 1508 3481 quibus
1534 3387 1706 3461 decimam
1732 3441 1740 3457 .
1765 3440 1801 3457 ..

259 3564 266 3579 .
294 3565 301 3578 .
329 3562 355 3600 .‚
381 3510 467 3582 item
492 3516 547 3583 est
573 3512 622 3583 ibi
647 3511 826 3603 praedium
854 3510 1063 3601 coenobiale,
1091 3509 1134 3583 de
1162 3531 1230 3601 quo
1256 3509 1342 3583 nulli
1369 3509 1474 3583 solvit
1499 3507 1670 3584 decimam
1693 3526 1802 3581 mona·

262 3630 424 3720 sterium,
451 3630 511 3705 sed
546 3652 624 3705 eam
649 3653 714 3724 pro
746 3653 783 3705 se
819 3633 930 3723 tollit;
967 3633 1050 3707 item
1078 3631 1287 3717 columnatio
1313 3637 1351 3707 et
1376 3630 1539 3705 demamus
1566 3627 1689 3703 Sancti
1714 3627 1805 3703 Petri

261 3750 409 3845 solvitur
435 3751 600 3825 ecclesiae
626 3753 662 3825 in
688 3750 984 3845 Przeozycza
1032 3780 1035 3785 ·
1240 3736 1242 3741 ⁵

361 3872 569 3964 Zaaonzra,
595 3874 680 3947 villa
706 3875 769 3947 sub
796 3875 961 3966 parochia
987 3874 1031 3946 de
1057 3874 1348 3966 Przeczycza
1374 3873 1460 3963 sita,
1487 3871 1585 3943 cuius
1611 3871 1810 3962 proprietas

259 3993 303 4065 ad
340 3995 584 4067 monasterium
621 3995 842 4088 Thynczense
877 3996 1038 4089 pertinet
1078 3996 1119 4069 In
1155 4014 1223 4087 qua
1258 3999 1340 4067 aunt
1370 4000 1443 4066 tres
1470 3974 1690 4066 commedio
1719 3992 1817 4063 lanei

258 4116 491 4189 cmetlronales
518 4122 554 4189 et
580 4116 669 4191 duae
695 4119 828 4209 uirgae,
855 4118 939 4190 item
966 4137 1036 4190 una
1061 4118 1210 4189 taberna
1235 4116 1367 4189 habeas
1385 4134 1515 4206 „agrem
1539 4114 1626 4187 item
1653 4112 1820 4187 hortula-

256 4233 345 4324 niaa,
371 4234 414 4306 de
442 4218 566 4326 quibua
593 4237 739 4310 soluitur
765 4236 899 4310 decima
924 4236 1113 4329 pecunialis
1140 4255 1203 4328 per
1229 4255 1291 4309 seu
1308 4214 1459 4325 ¹grosaoa
1484 4232 1679 4307 communis
1705 4252 1816 4324 pem·

256 4355 335 4427 uiae
362 4376 426 4446 pro
452 4357 662 4431 monasterio
690 4357 914 4451 Thynczensi.
940 4358 1029 4430 Item
1056 4357 1105 4431 ibi
1132 4355 1311 4448 praedium
1338 4375 1407 4430 uon
1433 4360 1496 4428 eet

616 4542 635 4575 ,
878 4478 1192 4551 Rzrarunnurrrr.

359 4597 454 4669 Villa
487 4599 618 4673 habens
654 4601 690 4673 iu
725 4620 763 4671 se
797 4600 1030 4690 parochialem
1066 4599 1245 4672 ecclesiam
1281 4598 1448 4688 ligneam,
1482 4596 1610 4670 Sancto
1639 4595 1825 4687 Clementi

260 4717 417 4808 ditatam,
445 4719 541 4791 cuius
568 4721 766 4812 proprietas
791 4719 836 4791 ad
863 4710 1061 4811 episcopum
1088 4716 1353 4792 Gracouienacm
1379 4718 1541 4809 pertinet.
1567 4716 1608 4789 ln
1626 4738 1709 4808 pua
1731 4722 1821 4789 sunt

255 4860 379 4911 novem
406 4840 498 4912 lanei
525 4842 768 4932 cmethonales,
795 4841 839 4913 de
866 4842 992 4932 quibua
1017 4841 1166 4913 solvitur
1192 4840 1325 4913 decima
1351 4838 1540 4930 pecunialia
1557 4856 1622 4929 per
1639 4837 1818 4915 tertonem

257 4960 299 5030 de
328 4962 483 5051 quolibet
510 4963 629 5054 laneo,
657 4984 721 5053 pro
749 4963 910 5053 episcopo
937 4961 1178 5050 Cracorieusi3
1207 4961 1298 5041 ,item
1325 4966 1380 5032 est
1406 4960 1456 5033 ibi
1481 4959 1651 5049 taberna,
1677 4960 1811 5033 habeus

256 5101 359 5169 agros
385 5083 556 5172 propriae,
583 5090 619 5155 et
646 5084 749 5156 solvit
776 5138 784 5153 .
812 5138 819 5152 .
847 5137 855 5153 .
890 5083 979 5155 Item
1006 5088 1061 5153 est
1086 5082 1137 5155 ibi
1163 5071 1270 5155 nnum'
1294 5079 1541 5169 molendinum,
1567 5080 1656 5153 item
1681 5086 1739 5153 est
1762 5079 1808 5152 ibi

255 5201 435 5289 praedium
461 5205 666 5294 episcopale,
693 5205 736 5276 de
764 5225 831 5294 qno
858 5203 962 5277 datur
989 5203 1122 5277 decima
1147 5223 1211 5294 pro
1230 5201 1378 5275 ecclesia
1394 5202 1430 5273 in
1457 5200 1803 5294 Rzepyennykp.

360 5320 584 5413 &nenena
610 5325 695 5395 villa
721 5326 784 5398 sub
812 5325 977 5414 parochia
1003 5323 1168 5396 ecclesiae
1184 5323 1221 5394 in
1240 5321 1594 5415 Rzepyennyky‚
1612 5323 1713 5395 caina
1731 5343 1801 5414 pro

183 5534 190 5547 μ
255 5441 387 5530 prietes
413 5443 457 5515 ad
484 5444 721 5535 episcopatum
748 5443 1011 5517 Oraeoviensem
1038 5445 1200 5537 pertinet.
1235 5444 1276 5516 In
1303 5464 1373 5534 qua
1400 5447 1482 5516 sunt
1503 5443 1572 5517 duo
1597 5442 1694 5517 lanei
1720 5463 1800 5516 ome

256 5562 426 5654 thonalea,
454 5566 536 5638 item
564 5571 618 5638 est
644 5586 714 5638 uua
740 5566 898 5639 scoltetia
924 5567 1057 5638 habena
1084 5566 1244 5656 proprios
1270 5565 1407 5656 laneos,
1434 5563 1632 5656 dequibus
1659 5564 1799 5639 solvitur

254 5684 445 5773 pecunialis
473 5687 605 5759 decima
632 5707 695 5778 per
721 5707 781 5759 sex
807 5708 947 5777 grossos
975 5686 1018 5759 de
1044 5687 1155 5777 laneo,
1181 5707 1245 5777 pro
1273 5686 1366 5759 dicto
1393 5686 1556 5777 'episcopo
1574 5682 1800 5773 eracapere,

255 5814 291 5879 et
317 5808 416 5879 valor
441 5808 516 5880 eius
543 5809 749 5881 aestimatur
776 5808 819 5879 ad
847 5808 995 5881 mediam
1020 5827 1181 5880 marcam

760 6033 984 6105 Bazosruau
1010 6038 1046 6106 et
1072 6031 1301 6105 Kuraczcza.

358 6171 555 6245 Bazosrmr
582 6173 747 6263 oppidum
774 6172 906 6244 habens
933 6173 968 6242 in
996 6191 1033 6243 ae
1060 6170 1293 6263 parochialem
1320 6169 1498 6243 ecclesiam
1524 6168 1686 6261 ligneam,
1704 6169 1801 6245 Sanc·

254 6299 312 6363 tac
340 6289 441 6362 Cruci
469 6291 638 6380 dicatam,
666 6314 754 6384 quae
782 6299 836 6365 est
862 6292 988 6364 matrix
1016 6296 1051 6364 et
1077 6293 1295 6382 principalia,
1321 6289 1582 6382 Klyeozcze
1609 6296 1729 6363 autem
1754 6296 1804 6365 eat

256 6412 341 6484 villa
376 6412 513 6484 attilia
550 6412 716 6484 ecclesiae
751 6412 795 6484 de
830 6413 1079 6504 Brzostek,
1106 6412 1232 6485 Sancto
1267 6410 1452 6484 menardo
1478 6408 1668 6485 confessori
1693 6411 1805 6483 decta

258 6531 364 6609 etiam
389 6532 538 6609 ecelesia
563 6533 689 6631 lignea
715 6532 798 6610 olim
823 6532 966 6641 famosa,
992 6554 1083 6609 nunc
1108 6534 1178 6609 iam
1203 6534 1241 6611 iu
1268 6531 1478 6609 oblivionem·
1502 6529 1597 6626 data,
1623 6531 1670 6607 ad
1695 6551 1806 6628 quau,
