4200 8342
1794 1618 1815 1692 7

262 1843 327 1894 sua
351 1821 565 1915 factivitate,
602 1822 674 1895 suis
702 1844 839 1915 quoque
865 1825 1061 1915 sumptibus
1088 1825 1232 1916 pulchro
1260 1846 1364 1917 opere
1390 1824 1624 1917 fabricarunt,
1659 1832 1696 1899 et
1722 1826 1816 1900 ultra

262 1952 420 2018 caeteros
438 1945 588 2017 barones
606 1945 705 2035 regni
722 1942 898 2035 Poloniae,
916 1951 1106 2037 coeperunt
1124 1947 1284 2018 eminere.
1311 1946 1401 2019 Erat
1419 1954 1535 2019 autem
1553 1949 1813 2038 iuspatronatus

262 2065 376 2137 dictae
403 2065 569 2165 ecclesiae
595 2064 756 2139 Omnium
782 2064 986 2137 Sanctorum
1014 2088 1077 2157 per
1107 2088 1215 2139 arrnos
1243 2068 1359 2157 plures
1386 2075 1422 2140 et
1448 2075 1608 2159 tempora
1632 2069 1754 2159 generi
1780 2075 1816 2141 et

262 2185 379 2257 domui
406 2170 575 2277 praelato,
600 2192 735 2259 ettam
762 2185 863 2259 diviti
889 2206 991 2277 quam
1018 2187 1163 2278 pauperi
1181 2208 1286 2259 unum
1305 2194 1341 2259 et
1358 2208 1546 2278 commune,
1573 2195 1608 2261 et
1625 2194 1705 2280 post
1721 2210 1816 2281 vero,

262 2306 354 2377 inter
381 2307 526 2391 ditiores
552 2312 590 2379 et
614 2326 785 2398 pauperes
811 2314 933 2379 coorta
967 2328 1072 2398 super
1099 2306 1191 2379 dicto
1219 2308 1294 2380 iure
1320 2313 1525 2399 patronatus
1561 2310 1751 2401 discordia,
1781 2316 1818 2381 et

265 2426 444 2517 aliquanto
470 2432 626 2518 tempore
652 2428 840 2517 ventilata,
873 2428 1013 2501 tandem
1040 2448 1083 2501 ea
1109 2428 1305 2501 conditione
1331 2429 1470 2521 direpta
1496 2436 1565 2519 est,
1593 2437 1633 2501 ut
1658 2431 1816 2520 barones,

262 2548 321 2637 qui
348 2552 433 2619 tunc
450 2548 738 2639 quemadmodum
756 2555 793 2620 et
810 2549 847 2619 in
866 2550 1141 2639 praesentiarum
1159 2555 1231 2621 tarn
1250 2556 1374 2640 castra,
1400 2549 1564 2623 videlicet
1575 2549 1811 2641 Melsthin,

263 2666 467 2741 Tiar-now
492 2675 531 2741 et
555 2668 579 2741 J
584 2668 759 2743 aroslaw
786 2670 1002 2761 obtinentes,
1037 2671 1140 2741 unius
1166 2671 1278 2761 partis
1305 2671 1418 2743 dictae
1452 2671 1619 2767 ecclesiae
1652 2669 1814 2743 Omnium

263 2787 468 2861 Sanctorum
495 2791 667 2881 integram
698 2791 851 2864 habeant
869 2792 1219 2882 'praesentationem
1256 2812 1344 2883 quae
1370 2801 1454 2865 tnnc
1479 2796 1515 2863 et
1541 2792 1644 2865 bodie
1670 2797 1813 2865 vocatur

260 2916 407 2981 murata
432 2908 612 2985 Johannes
637 2913 730 2983 enim
759 2912 944 2985 canonicus
974 2912 1254 3003 Tharnoviensis,
1281 2913 1326 2985 ad
1361 2914 1473 3003 ipsam
1501 2914 1647 2986 alteram
1674 2920 1810 3005 partem

258 3030 455 3103 medietatis
480 3032 647 3105 ecclesiae
672 3030 835 3105 Omnium
859 3032 1066 3107 Sanctorum
1083 3054 1126 3105 ex
1144 3034 1422 3124 praesentatione
1440 3032 1675 3124 praefatorum
1702 3035 1809 3107 trium

261 3152 432 3225 baronum
466 3154 649 3228 institutus
681 3154 869 3247 plebanus,
908 3154 1054 3226 lacdvus
1082 3155 1156 3246 ipse
1182 3160 1219 3225 et
1244 3154 1416 3245 locuples,
1452 3155 1488 3226 in
1515 3155 1607 3227 areis
1633 3154 1811 3246 praefatae

262 3272 427 3346 ecclesiae
446 3272 608 3347 Omnium
633 3258 838 3347 Smetomm
865 3281 939 3347 tres
965 3275 1086 3348 domos
1113 3274 1223 3348 latero
1251 3282 1385 3363 murat3
1411 3275 1557 3348 alteram
1575 3296 1659 3347 vero
1676 3283 1813 3366 partem

261 3401 296 3465 et
323 3395 543 3469 collationem
569 3396 749 3469 baberent
774 3396 834 3467 alii
860 3396 988 3467 milites
1014 3397 1125 3487 magis
1152 3402 1274 3469 tenues
1300 3403 1338 3468 et
1363 3416 1549 3487 pauperes,
1576 3396 1744 3468 haeredes
1772 3397 1815 3469 de

262 3536 406 3605 parva
432 3522 468 3589 et
494 3520 656 3608 magna
681 3516 910 3609 Pyasselr,
945 3516 1126 3607 Slupow
1153 3523 1190 3590 et
1216 3514 1430 3607 Gadawa,
1466 3536 1555 3609 qnae
1581 3518 1618 3588 in
1644 3518 1814 3589 hactenus

263 3644 407 3708 vocatur
434 3638 559 3728 liguea3
586 3638 630 3708 ab
657 3658 766 3729 eoque
794 3645 950 3729 tempore
968 3638 1169 3729 idemptitos
1196 3636 1388 3727 plebanalis
1415 3637 1528 3709 dictae
1555 3637 1721 3709 ecclesiae
1746 3636 1813 3710 init

263 3756 433 3839 distracta
468 3764 504 3829 et
529 3758 643 3830 divisa
676 3779 786 3849 usque
816 3759 852 3829 in
880 3758 971 3829 diem
1007 3764 1234 3848 praesentem.
1279 3756 1427 3848 Utrique
1462 3764 1578 3829 mmen
1614 3744 1754 3847 patroni
1777 3758 1814 3829 iu

262 3884 410 3969 utraque
436 3882 536 3969 parte
562 3878 737 3969 plebanali
773 3898 970 3951 communes
996 3884 1033 3949 et
1060 3878 1219 3949 confusas
1246 3878 1379 3950 habeut
1405 3899 1517 3967 voces,
1543 3885 1688 3969 propter
1714 3878 1815 3951 villas

262 4004 297 4068 et
323 3998 569 4089 haereditates,
596 4019 639 4069 ex
666 3998 792 4089 quibus
818 3999 873 4070 ius
899 3999 1081 4089 utriusque
1099 3999 1263 4069 ecelesiae
1290 4000 1487 4089 quaeritur,
1515 3998 1549 4070 iu
1568 4019 1654 4089 quas
1681 4018 1817 4081 succes:

262 4124 390 4191 serunt
429 4117 496 4191 Est
520 4125 638 4190 autem
664 4138 755 4191 nunc
780 4119 883 4190 unius
910 4120 1018 4209 partis
1052 4119 1166 4189 dictae
1202 4118 1367 4189 ecclesiae
1403 4116 1562 4189 Omnium
1598 4118 1817 4209 Sanctorum,

263 4260 350 4329 quae
377 4246 523 4312 vocatur
558 4245 713 4329 murata,
739 4239 916 4331 plebanus
950 4238 1130 4311 dobauues
1157 4239 1200 4309 dc
1228 4239 1453 4311 Tharnow
1488 4239 1614 4309 nobilis
1641 4238 1684 4309 de
1711 4238 1813 4311 domo

262 4360 446 4465 Leliwa,
470 4352 946 4450 canonicus.Oracoviensis;
972 4360 1116 4432 alterius
1144 4380 1226 4432 vero
1254 4361 1374 4451 partis,
1402 4380 1490 4451 quae
1517 4366 1660 4432 uocatur
1687 4360 1811 4450 lignea,
1908 4378 1910 4382 ·

260 4481 427 4570 plebanus
445 4486 499 4554 est
512 4482 678 4572 magister
695 4480 923 4557 Arnollusde
939 4480 1220 4574 Myrzeuyecz,
1239 4482 1456 4552 decretarum
1475 4482 1606 4571 doctor,
1625 4481 1809 4553 canonicus

263 4602 512 4693 Oracoviensis,
539 4602 664 4675 nobilis
691 4603 735 4674 de
762 4603 864 4675 domo
884 4658 998 4674 .....

264 4866 501 4949 Proventua
516 4867 733 4950 eeclesiae
754 4866 952 4987 Omnium
976 4866 1230 4947 Sanctorum
1255 4866 1418 4947 mediae
1448 4867 1579 4971 partia
1611 4873 1813 4948 muratae.

364 5085 665 5176 Ponsnanunur,
700 5086 784 5159 villa
811 5088 876 5159 sub
911 5088 1077 5177 parochia
1104 5086 1147 5157 de
1173 5084 1440 5157 Modluicza
1475 5087 1562 5176 sita,
1598 5087 1634 5156 iu
1663 5092 1813 5177 quaest

262 5208 401 5281 unicum
435 5209 625 5299 praedium,
650 5208 784 5282 habens
819 5229 923 5299 agros
950 5214 985 5279 et
1019 5213 1140 5299 prata,
1176 5207 1272 5277 cuius
1308 5207 1504 5297 proprietas
1542 5208 1634 5278 omni
1670 5208 1747 5278 iure
1773 5208 1818 5280 ad

261 5330 447 5419 plebanum
482 5327 641 5421 Omnium
668 5328 872 5401 Sanctorum
906 5328 1042 5401 mediae
1079 5328 1189 5417 partis
1225 5332 1381 5397 muratae
1417 5328 1576 5417 pertinet
1621 5328 1707 5399 Item
1735 5334 1818 5401 sunt

261 5451 310 5521 ibi
336 5457 408 5521 tres
435 5450 649 5539 ortulnniae,
684 5456 719 5521 et
745 5450 891 5541 quilibet
925 5449 1104 5521 ortulanus
1140 5450 1277 5520 laborat
1312 5469 1417 5520 urium
1444 5448 1535 5519 diem
1562 5449 1598 5519 in
1625 5448 1817 5539 septimana

261 5572 433 5661 pedester,
458 5577 495 5643 et
521 5592 625 5643 unum
651 5570 819 5643 fertonem
847 5592 911 5661 pro
938 5592 1044 5641 censu
1070 5571 1193 5659 solvit;
1228 5570 1395 5641 decimam
1422 5576 1538 5642 autem
1564 5568 1814 5659 manipularem

262 5693 304 5763 de
331 5692 528 5764 huiusmodi
563 5692 705 5781 praedio
741 5693 827 5763 nulli
862 5692 984 5781 solvit,
1019 5693 1081 5763 sed
1112 5712 1188 5763 eam
1222 5692 1316 5763 solus
1352 5692 1500 5782 percipit
1525 5697 1561 5763 et
1587 5691 1622 5761 in
1649 5692 1813 5763 horreum

262 5835 361 5884 suurn
387 5814 528 5886 inducit

366 5934 537 6007 Wrnnes
564 5956 708 6025 wunsz,
742 5936 826 6008 villa
851 5936 915 6007 sub
951 5936 1118 6025 parocbia
1144 5936 1187 6007 de
1214 5934 1332 6007 Alba
1352 5935 1568 6006 Ecclesia
1595 5932 1680 6021 sita,
1716 5933 1814 6005 cuius

261 6057 458 6147 proprietas
483 6057 529 6129 ad
555 6056 823 6143 serenissimum¹
847 6055 1013 6128 Poloniae
1044 6078 1161 6147 regem
1197 6056 1366 6145 pertinet,
1403 6056 1438 6125 in
1465 6075 1534 6144 qua
1560 6060 1642 6126 sunt
1667 6058 1816 6145 septem·

261 6178 373 6249 decim
398 6176 491 6251 lanei
509 6176 763 6266 cmetbonales,
789 6177 872 6249 item
890 6178 1036 6250 taberna
1055 6200 1133 6267 una,
1151 6178 1283 6249 babens
1302 6197 1414 6266 agros,
1441 6177 1523 6247 item
1543 6177 1718 6247 ortulauia
1736 6196 1815 6265 una,

260 6319 329 6369 non
354 6298 462 6371 babet
486 6320 609 6389 agros,
644 6298 841 6388 dequibus
871 6299 1030 6371 omnibus
1066 6298 1213 6370 solvit-ur
1239 6304 1274 6368 et
1302 6297 1506 6369 conducitur
1542 6297 1676 6368 decima
1701 6296 1811 6367 mani-

260 6418 393 6509 pularis
420 6424 456 6489 et
472 6419 648 6509 canapalis
666 6440 731 6509 pro
749 6418 908 6509 plebania
934 6419 1068 6491 mediae
1095 6419 1205 6508 partis
1232 6426 1388 6490 muratae
1414 6416 1573 6489 Omnium
1600 6417 1814 6507 Sanctorum,

260 6544 297 6611 et
321 6540 421 6612 ralor
446 6542 522 6613 eius
548 6540 757 6637 aprunam
782 6540 827 6635 ad
853 6541 1046 6631 quindecim
1074 6560 1228 6631 marcas;
1253 6541 1338 6611 item
1363 6539 1543 6631 praedium
1569 6558 1684 6610 unum
1717 6591 1719 6595 -
