4200 8342
1702 1635 1789 1776 'aar

240 1853 395 1924 nostram
422 1871 500 1924 cum
526 1845 715 1948 iacturam,
742 1845 910 1924 decimam
935 1835 1213 1944 in‘Klyszow
1240 1855 1321 1943 post
1343 1855 1520 1924 araturam
1540 1857 1695 1924 nostram
1715 1871 1791 1925 cum

240 1971 436 2069 iaulnapap,
464 1972 632 2045 decimam
648 1973 796 2054 ibidem
823 1974 858 2044 in
886 1973 1103 2064 lilyszou
1130 1979 1210 2065 post
1236 1994 1338 2064 agros
1365 1973 1596 2065 scoltetiales‚
1624 1973 1791 2046 decimam

240 2095 275 2166 in
302 2094 699 2187 Dzyewyantblyc
725 2102 806 2184 post
832 2099 942 2166 totam
970 2095 1097 2186 villam,
1127 2095 1294 2168 decimam
1320 2095 1357 2166 in
1384 2095 1578 2168 Zdakou
1606 2101 1686 2186 post
1713 2117 1790 2167 ara-

239 2223 351 2288 turam
380 2222 536 2288 nostram
562 2236 640 2288 cum
667 2211 856 2312 ludicram,
884 2216 1050 2288 decimam
1078 2217 1113 2287 in
1141 2216 1471 2290 Scznkomlotb
1497 2217 1586 2288 etin
1604 2215 1790 2290 Rablou·

240 2343 320 2429 post
346 2342 523 2414 araturam
550 2343 706 2411 nostram
733 2357 809 2408 cum
836 2333 1034 2432 lulla-aym,
1061 2336 1229 2409 decimam
1256 2339 1293 2409 in
1319 2337 1580 2430 Brzesczyc
1607 2343 1687 2428 post
1714 2356 1791 2411 ara-

239 2464 355 2530 turam
390 2464 545 2530 nostram
580 2479 659 2530 cum
692 2453 881 2554 lutlrapny.
920 2457 1052 2530 Damus
1086 2459 1192 2530 etiam
1219 2457 1329 2529 cidem
1357 2458 1521 2530 ecclesiae
1549 2458 1729 2530 tabernam
1756 2460 1792 2529 in

240 2581 343 2672 rippa
368 2580 655 2671 Wyszlocze,
683 2600 760 2666 cum
787 2580 889 2652 horto
917 2580 1088 2652 adiacenti
1115 2601 1221 2671 penes
1248 2577 1549 2672 Wyszlokam‚
1576 2579 1790 2652 obstaculum

239 2703 276 2772 in
301 2701 405 2773 fluuio
432 2701 526 2773 dicto
553 2700 1003 2793 Brcn,lacumb1ssan
1031 2723 1108 2774 cum
1135 2701 1301 2774 ambabus
1329 2701 1447 2792 nippis,
1470 2702 1637 2792 incipiens
1664 2721 1686 2773 a
1712 2701 1790 2772 Ro-

239 2841 427 2912 goszno,
454 2842 563 2914 usque
599 2821 644 2892 ad
670 2821 813 2894 fluuium
838 2809 1104 2913 Wyszloka‚
1130 2822 1243 2894 lacum
1269 2821 1540 2914 Nyeczycza
1566 2843 1642 2893 curn
1669 2822 1790 2912 pratis,

240 2944 352 3034 agris,
380 2964 468 3034 quac
502 2944 551 3015 lbi
588 2943 687 3034 suant,
715 2949 750 3016 et
776 2943 853 3016 fieri
880 2950 1043 3036 possunt,
1071 2964 1147 3016 cum
1174 2949 1249 3016 tota
1275 2944 1373 3035 sylva
1409 2943 1503 3015 dicta
1530 2943 1789 3035 Zawyerzb,

241 3083 318 3136 cum
343 3065 532 3156 mellificiis,
559 3065 608 3135 nil
635 3085 699 3156 pro
726 3066 826 3138 nobis
853 3065 1024 3138 servando
1051 3072 1088 3138 et
1115 3066 1245 3137 nostris
1272 3066 1546 3157 successoribus,
1577 3065 1744 3156 incipiens
1771 3084 1792 3134 a

240 3206 330 3258 nova
356 3185 629 3278 Nyeczycza,
655 3207 765 3278 nsque
784 3187 828 3259 ad
846 3207 1004 3279 campum
1023 3188 1058 3258 in
1077 3187 1195 3260 villam
1213 3187 1344 3277 eundo;
1371 3208 1528 3279 campum
1546 3193 1626 3278 post
1643 3185 1790 3276 Mssan‚

240 3313 404 3400 tangens,
431 3309 504 3382 sinc
540 3309 631 3380 uiam
666 3309 867 3381 tendentem
903 3311 938 3380 in
974 3309 1007 3380 N
1015 3309 1296 3402 yeczyczky‚
1324 3309 1451 3380 ibidem
1478 3329 1555 3380 cnm
1582 3313 1683 3400 prato
1710 3314 1791 3399 post

240 3429 415 3522 blason,
450 3451 559 3521 usque
596 3430 640 3500 ad
675 3431 843 3522 granities
878 3431 982 3503 villae
1016 3431 1233 3522 Klyszow
1268 3431 1463 3522 incipiendo
1499 3451 1520 3502 a.
1554 3428 1728 3521 Mssan,
1755 3435 1792 3502 et

241 3570 398 3641 campum
433 3551 527 3622 ultra
552 3558 710 3642 pratum,
738 3553 832 3625 circa
857 3553 967 3642 viam,
994 3571 1082 3643 quae
1109 3552 1207 3624 vadit
1227 3551 1276 3634 ,dc
1304 3543 1727 3634 Gauluscbo'uicze
1755 3552 1789 3622 in

99 3657 102 3662 ⁵
239 3670 451 3744 Kliszow.
489 3671 609 3744 Etiam
644 3672 765 3745 damus
800 3675 994 3748 rectoribus
1030 3674 1186 3746 eiusdem
1222 3673 1386 3745 ecclesiae
1422 3693 1557 3745 omnem
1592 3672 1790 3745 libertatem

239 3793 412 3884 pascendi,
427 3793 534 3890 ¹ligna
559 3793 700 3865 secandi
726 3815 790 3886 pro
817 3797 910 3866 omni
937 3795 1154 3886 necessitate,
1180 3795 1231 3865 ita
1257 3799 1384 3884 tamen,
1412 3793 1503 3884 quod
1528 3813 1592 3866 nos
1619 3799 1655 3866 et
1681 3793 1792 3866 nostri

241 3933 465 4004 successores,
492 3912 615 3986 etalii
642 3895 836 4007 quicunque
862 3916 899 3987 in
926 3917 1011 4005 ipsis
1026 3914 1312 3986 haereditatibus
1339 3918 1498 3986 araturas
1516 3914 1704 4006 habebunt,
1722 3934 1790 3987 non

181 4087 184 4092 -
240 4035 451 4108 tenebuntur
476 4035 580 4107 alicui
606 4036 729 4127 alteri·
746 4057 848 4127 quam
875 4037 983 4127 ipsius
1001 4034 1167 4110 ecclesiae
1185 4035 1322 4126 rectori,
1341 4034 1399 4125 qui
1418 4054 1482 4135 pro
1501 4041 1657 4126 tempore
1674 4033 1790 4125 luerit,

241 4157 465 4248 quovismodo
501 4157 699 4248 assignare,
725 4163 762 4229 et
795 4158 911 4230 omnia
946 4157 1184 4249 suprascripta
1220 4161 1389 4246 perpetuo
1425 4155 1515 4228 idem
1543 4159 1659 4227 rector
1686 4154 1791 4227 debet

240 4277 426 4368 possidere,
452 4283 493 4349 ut
519 4277 601 4350 inde
625 4285 742 4351 rector
768 4279 934 4350 ecclesiae
960 4278 1160 4369 praedictae
1188 4297 1229 4348 co
1257 4276 1417 4349 devotius
1444 4297 1508 4368 pro
1536 4277 1649 4350 salute
1671 4283 1791 4349 nostra

241 4405 276 4470 et
301 4399 561 4490 progenitorum
596 4405 795 4473 nost-rorum
830 4401 947 4474 ualeat
980 4401 1092 4472 Deum
1128 4401 1282 4472 exorare.
1322 4397 1372 4471 Ut
1398 4404 1514 4482 autern
1541 4399 1628 4472 baec
1657 4397 1792 4472 dotatio

240 4527 361 4592 nostra
394 4520 501 4593 robur
536 4522 692 4594 obtineat
726 4530 916 4615 perpetuae
950 4522 1145 4613 firmitatis,
1181 4520 1423 4612 praesentibus
1459 4520 1607 4612 sigillum
1635 4526 1790 4592 nostrum

240 4641 401 4714 iussimus
428 4642 586 4733 appendi.
613 4642 740 4717 Actum
766 4650 803 4716 ct
829 4645 948 4717 datum
975 4645 1011 4716 in
1037 4644 1259 4735 Klpszow,
1285 4643 1320 4714 in
1347 4641 1448 4720 domo
1475 4648 1606 4734 nostra,
1632 4632 1708 4733 ipso
1736 4641 1791 4712 die
1899 4685 1902 4690 -

240 4762 359 4835 Sancti
386 4762 547 4856 Gregorii
574 4765 790 4858 confessoris,
809 4765 899 4838 anno
917 4766 1057 4839 Domini
1075 4764 1257 4836 millesimo
1275 4762 1509 4836 ducentesimo
1527 4762 1791 4854 decimoquinto,

198 4983 202 4990 Ι
240 4887 481 4975 praesentibus
516 4887 571 4957 bis
605 4888 770 4960 testibus:
806 4892 948 4960 strenuo
986 4887 1097 4958 milite
1123 4886 1242 4977 Zyra
1256 4883 1459 4956 ·rexillilero
1487 4883 1529 4954 de
1556 4883 1790 4972 Ratblrow,

241 5005 264 5078 J
274 5008 463 5080 aroslao
499 5008 650 5079 haerede
684 5009 729 5080 de
755 5008 1028 5099 Byeganow‚
1055 5006 1294 5080 Ranimiro
1321 5006 1364 5079 de
1391 5005 1729 5096 Woyslawicze
1755 5009 1791 5076 et

240 5129 434 5202 honorabili
470 5129 546 5202 uiro
583 5129 722 5202 domino
758 5127 977 5220 Sigismnndo
1008 5128 1157 5220 plebano
1185 5128 1227 5200 dc
1253 5127 1552 5220 Konyeczno,
1579 5131 1615 5198 et
1630 5125 1790 5198 discreto

241 5249 378 5325 domino
404 5251 537 5325 Jacobo
565 5249 868 5344 Sczekoczyn,
895 5255 931 5323 et
957 5249 1035 5322 aliis
1063 5270 1165 5343 quam
1192 5251 1350 5342 pluribus
1378 5249 1425 5324 ad
1440 5249 1631 5342 praemissa
1648 5248 1791 5322 vocatis.

289 5511 456 5595 Fundus
487 5527 618 5621 super
650 5516 856 5600 decimam
890 5514 1146 5621 praadlelam
1179 5515 1425 5599 alternatum
1459 5517 1498 5597 ln
1532 5515 1731 5622 lllyszow
1902 5595 1904 5602 .

493 5645 536 5714 ο
1768 5647 1772 5654 .

346 5729 576 5822 Sbigneue
606 5736 672 5808 Ilei
707 5739 822 5828 gratia
856 5737 1040 5830 episcopus
1067 5737 1305 5812 Gracovicnsis
1341 5739 1385 5811 ad
1410 5742 1614 5828 perpetuam
1641 5737 1693 5812 rci
1721 5755 1791 5807 me·

243 5852 396 5923 moriam.
429 5850 514 5924 (lum
542 5855 707 5944 optimum
734 5864 771 5929 et
796 5860 975 5949 egregium
1001 5859 1154 5932 iustitiae
1182 5879 1291 5948 genus
1319 5859 1382 5948 sit,
1410 5856 1621 5928 differentias
1648 5861 1685 5926 et
1710 5849 1790 5926 lites

243 5975 449 6064 reprimere,
476 5979 516 6044 ut
541 5974 674 6046 cunctis
699 5980 811 6066 possit
836 5979 962 6069 quictis
988 5980 1142 6054 suauitas
1169 5979 1372 6070 provenire,
1399 5977 1508 6048 multo
1534 5983 1651 6050 manen
1678 5977 1790 6050 excel·
1863 6041 1865 6046 .

242 6094 369 6167 lentius
403 6100 441 6166 et
466 6093 676 6167 laudabilius
702 6102 774 6189 est,
798 6097 943 6188 reducta
968 6101 1013 6172 ad
1038 6120 1158 6192 pacem
1185 6100 1343 6190 negotia,
1370 6117 1414 6169 nc
1441 6097 1540 6170 novis
1567 6118 1726 6172 successu
1752 6105 1788 6170 et

242 6217 450 6308 antiquitate
474 6216 642 6307 temporis
655 6217 892 6291 involvantur
908 6221 1178 6312 quaestionibus
1197 6219 1364 6292 stabilire.
1389 6219 1540 6293 Proinde
1558 6219 1790 6311 significamus

242 6339 414 6412 uniuersis
441 6338 566 6431 quibus
592 6321 752 6431 expedit,
780 6339 930 6430 qualiter
955 6340 1177 6413 honorabiles
1205 6341 1290 6412 viri:
1315 6339 1493 6414 Jobannes
1520 6343 1557 6413 in
1584 6341 1630 6411 W
1637 6341 1744 6432 yely
1754 6363 1790 6414 a·

243 6477 391 6548 nyesz
418 6466 454 6533 et
471 6459 635 6534 Nicolaus
653 6461 689 6532 in
707 6453 1151 6552 Gauluscbouycze‚
1170 6462 1390 6542 ecclesiarum
1410 6462 1658 6555 parochialium
1675 6468 1789 6535 recto·

243 6597 317 6670 res,
350 6587 503 6672 nostram
538 6584 746 6658 accedentes
776 6584 1010 6674 praesentiam
1045 6589 1083 6656 et
1118 6591 1336 6676 conspectum
1373 6584 1652 6675 supplicauerunt
1687 6585 1787 6658 nobis
