4200 8342
1728 1650 1800 1726 571

358 1860 676 1957 Buaoaownonca,
703 1862 788 1938 villa
812 1862 878 1938 suh
904 1863 1071 1956 parochia
1096 1859 1140 1936 de
1166 1858 1328 1937 (turos
1355 1861 1446 1956 sita·
1461 1863 1559 1938 cuius
1578 1860 1709 1938 haeres
1726 1864 1804 1938 Gu-

255 1989 438 2079 rowslry
464 1986 651 2079 praefatus.
677 1986 718 2059 lu
745 2007 814 2077 qua
841 1992 923 2058 suut
947 1983 1309 2075 lanei-cmcthouales,
1337 1986 1380 2056 de
1408 1985 1532 2076 quihus
1558 1987 1718 2059 omnihus
1736 1986 1804 2058 sol-

256 2112 351 2183 vitur
376 2116 414 2181 et
439 2108 642 2182 conducitur
669 2108 801 2180 decima
822 2108 1048 2198 manipularis
1067 2112 1102 2178 ct
1120 2105 1295 2196 canapalis
1313 2126 1376 2196 pro
1395 2107 1557 2198 episcopo
1575 2104 1804 2198 Gracovieusi,

255 2231 354 2302 cuius
380 2230 479 2303 valor
505 2227 549 2300 ad
577 2233 654 2300 octo
681 2248 833 2319 marcas,
860 2232 1001 2318 praeter
1026 2234 1143 2299 tamen
1170 2226 1257 2298 duos
1283 2228 1423 2316 laneos,
1447 2228 1491 2299 de
1521 2229 1646 2318 quihus
1672 2226 1806 2301 decima

256 2351 348 2423 cedit
372 2368 438 2440 pro
462 2349 676 2422 monasterio
704 2348 851 2421 Sanctae
878 2346 1009 2438 Crucis.
1035 2348 1123 2418 Item
1151 2342 1208 2419 ihi'
1227 2368 1296 2418 non
1324 2353 1379 2418 est
1405 2347 1593 2437 praedium.

295 2520 298 2524 -
361 2471 561 2562 woman,
588 2471 671 2542 villa
698 2471 763 2542 suh
789 2469 955 2562 parochia
979 2468 1023 2540 de
1050 2466 1211 2539 Gurow
1237 2469 1323 2557 sita,
1350 2468 1448 2540 cuius
1475 2468 1598 2541 haeres
1624 2470 1716 2542 idern
1743 2472 1805 2545 Jo-

256 2593 391 2664 hanues
425 2590 677 2682 Zbauszlry.
715 2591 757 2662 lu
793 2611 862 2683 qua
896 2597 978 2662 sunt
1012 2589 1105 2661 lanei
1139 2588 1390 2679 emethoualcs,
1417 2589 1460 2660 de
1496 2591 1620 2680 quihus
1648 2593 1806 2665 omuibus

256 2714 405 2786 solvitur
430 2719 467 2783 ct
493 2711 697 2785 conducitur
724 2711 857 2782 decima
883 2709 1107 2801 manipularis
1135 2717 1171 2782 et
1198 2710 1382 2801 canapalis,
1409 2731 1473 2799 pro
1500 2712 1662 2803 episcopo
1680 2712 1807 2785 Gracoss

258 2833 378 2924 riensi,
403 2832 501 2905 cuius
527 2834 626 2905 valor
651 2832 695 2904 ad
723 2838 872 2924 quatuor
898 2848 1031 2903 marcas
1058 2832 1271 2902 aestimatur.
1297 2828 1389 2902 ltem'
1410 2835 1466 2902 est
1492 2833 1540 2905 ihi
1563 2832 1736 2925 scultetis,
1764 2836 1806 2905 de

257 2955 355 3027 cuius
380 2955 476 3044 agris
502 2953 694 3026 decimatur
718 2953 868 3044 plebano
894 2953 930 3023 iu
956 2950 1124 3061 (lurow.
1150 2952 1237 3024 Item
1264 2973 1332 3024 non
1359 2961 1414 3025 est
1440 2954 1490 3026 ihi
1515 2955 1702 3044 praedium.

639 3178 785 3252 Wouua
811 3177 1019 3251 Kourusun
1046 3177 1134 3251 alias
1161 3177 1429 3253 Wrunowsun.

361 3318 457 3391 Villa
482 3318 614 3391 hahens
641 3319 676 3388 in
703 3338 741 3389 sc
766 3316 999 3408 parochialem
1027 3314 1216 3408 ecclesiam,
1243 3316 1389 3389 Sanctae
1416 3317 1536 3391 Crucis
1563 3320 1687 3421 honori
1714 3320 1807 3393 dica·
1940 3313 1948 3325 “

257 3446 340 3532 tam,
365 3441 464 3512 cuius
489 3439 613 3511 haeres
639 3436 818 3510 lohannes
844 3437 1096 3529 Kouinslry.
1122 3439 1163 3509 ln
1189 3458 1258 3529 qua
1284 3446 1366 3511 sunt
1391 3440 1483 3511 lanei
1501 3441 1744 3533 cmethoualcs,
1763 3442 1806 3513 de

259 3560 384 3651 quihus
410 3558 568 3631 omnibus
594 3558 743 3631 solvitur
768 3563 804 3629 et
830 3557 1033 3630 conducitur
1060 3558 1194 3630 decima
1221 3559 1444 3650 manipularis
1464 3567 1507 3633 et
1534 3562 1720 3653 canapalis,
1743 3584 1807 3654 pro

258 3681 404 3752 ecclesia
428 3685 467 3752 et
491 3679 639 3770 plebano
666 3680 741 3750 eius
766 3679 803 3750 iu
830 3677 990 3770 Wolya
1016 3678 1286 3772 Konynska,
1313 3688 1350 3753 et
1376 3683 1474 3754 valor
1500 3685 1575 3756 eius
1602 3674 1806 3756 aestimatur

260 3800 305 3872 ad
331 3807 410 3872 octo
429 3820 587 3889 -ruarcas3
615 3801 698 3871 item
724 3778 855 3872 eet'ihi
881 3820 987 3871 unum
1013 3800 1195 3890 praedium
1222 3802 1453 3892 militarede
1472 3805 1569 3875 cuius
1587 3806 1692 3877 etiam
1711 3806 1806 3897 agris

258 3921 450 3993 decimatur
476 3943 540 4012 pro
566 3921 684 3993 eadem
712 3920 865 3992 ecclesia.
892 3920 979 3991 Item
1007 3922 1152 3993 ecclesia
1178 3926 1214 3992 et
1239 3922 1408 4012 plebanus
1435 3925 1509 3996 eius
1536 3925 1643 3997 habet
1660 3902 1709 4019 ihi
1727 3946 1807 4016 pro-

258 4043 354 4132 prios
381 4064 484 4132 agros
510 4043 649 4133 liberos,
677 4062 740 4132 pro
768 4030 1000 4135 suo'praadio
1027 4048 1064 4113 ct
1090 4043 1307 4114 necessitate.

363 4163 610 4253 Vrrnowrcn,
646 4163 729 4234 villa
765 4163 830 4235 suh
865 4163 1031 4254 parochia
1063 4162 1115 4240 dc,
1134 4162 1294 4255 Wolya
1320 4163 1570 4257 Konyuska
1596 4168 1681 4258 sita,
1709 4168 1808 4245 cuius

260 4284 382 4355 haeres
418 4282 541 4355 Petrus
577 4283 794 4374 Konynsk
803 4306 825 4375 y
861 4283 904 4355 de
941 4283 1041 4355 domo
1078 4284 1219 4356 Rana.
1259 4286 1299 4355 ln
1336 4307 1404 4376 quia
1431 4294 1511 4359 sunt
1536 4289 1628 4360 lanei
1656 4290 1808 4362 ematho-

260 4404 364 4495 uoles,
393 4405 435 4476 de
463 4406 587 4496 quihus
614 4405 761 4477 solvitur
787 4411 823 4475 et
851 4403 1055 4476 conducitur
1081 4404 1214 4476 decima
1242 4407 1477 4498 manipularis,
1505 4428 1567 4499 pro
1597 4412 1806 4483 monasterio

261 4524 407 4597 Sanctae
433 4523 563 4615 Grucis,
590 4525 687 4598 cuius
713 4524 813 4597 valor
838 4525 883 4595 ad
911 4544 971 4596 sex
998 4544 1133 4597 marcas
1160 4526 1374 4599 aestimatur.
1402 4529 1488 4600 Item
1515 4531 1566 4601 ihi
1584 4551 1688 4602 unum
1708 4552 1807 4621 prae-

145 4636 148 4641 ’
260 4644 354 4718 diora
380 4639 542 4736 militare,
568 4646 611 4718 dc
638 4647 734 4718 cuius
760 4647 855 4736 agris
882 4645 1075 4717 decimatur
1100 4637 1266 4719 ecclesiae
1296 4649 1332 4719 in
1360 4644 1521 4741 Wolyo
1545 4650 1808 4743 Konynska.

281 4814 284 4819 -
364 4765 516 4858 Ouarar,
542 4767 626 4840 silla
651 4768 717 4839 suh
742 4767 907 4858 parochia
933 4767 977 4837 de
1003 4766 1256 4856 Konynska
1283 4768 1440 4860 Wolyo
1467 4758 1543 4861 sita,
1571 4773 1667 4844 cuius
1685 4774 1808 4844 haeres

262 4886 435 4960 Martinus
461 4888 713 4979 Konynslcy
740 4887 782 4958 de
809 4874 914 4958 armis
941 4887 1081 4959 Rawa.
1109 4888 1149 4957 ln
1177 4908 1244 4979 qua
1270 4896 1352 4961 sunt
1377 4890 1468 4974 lanei
1496 4892 1739 4984 cmethonales,
1766 4894 1809 4965 de

263 5009 387 5100 quibus
421 5009 569 5081 solvitur
603 5015 640 5080 et
671 5008 876 5081 conducitur
901 5008 1046 5079 decima.
1061 5008 1287 5099 manipularis
1314 5016 1350 5080 et
1377 5012 1556 5101 canapalis·
1580 5012 1746 5086 ecclesiae
1773 5022 1815 5086 ct-

262 5128 410 5219 plehauo
436 5122 760 5221 iu'Golambyc,
787 5130 884 5201 cuius
911 5129 1010 5201 ralor
1037 5129 1082 5200 ad
1109 5135 1242 5220 septem
1270 5131 1526 5204 marcas'ltem
1554 5140 1609 5205 est
1634 5135 1683 5206 ihi
1698 5122 1810 5225 ¹prae-

150 5298 156 5310 .
262 5249 355 5321 diam
382 5251 543 5342 militare,
570 5250 614 5322 de
640 5251 738 5322 cuius
766 5250 859 5341 agris
886 5249 1079 5321 decimatur
1109 5251 1274 5322 ecclcsiae
1302 5252 1337 5322 in
1364 5244 1614 5346 Konynska
1639 5255 1809 5349 Wolya.

371 5370 589 5463 anocnoW,
616 5372 701 5445 villa
727 5371 791 5444 sub
808 5372 973 5462 parochio
991 5370 1033 5442 de
1051 5370 1148 5442 Wol
1159 5392 1212 5462 ys
1238 5371 1488 5464 Konynska
1514 5377 1592 5468 sita,
1611 5378 1708 5449 cuius
1727 5379 1808 5450 hae-

263 5510 319 5563 res
345 5490 471 5569 Petrns
497 5492 751 5585 Konyuslry
777 5492 963 5583 praelatus.
989 5491 1030 5562 ln
1058 5514 1126 5583 qua
1153 5500 1234 5564 sunt
1251 5494 1342 5565 lanei
1361 5475 1604 5589 cmcthonales,
1624 5498 1666 5570 de
1686 5501 1809 5589 quihus
1850 5545 1852 5548 -

262 5612 409 5686 solvitur
435 5614 820 5705 decima‘manipularis
847 5634 911 5705 pro
937 5614 1100 5704 episcopo
1126 5611 1357 5707 Oracovieusi,
1385 5619 1482 5697 curius
1508 5618 1668 5690 volorad
1687 5640 1810 5692 novem

264 5752 398 5806 marcas
424 5735 639 5807 aestimatur.
1650 5750 1655 5758 '
1763 5742 1766 5749 '

366 5853 640 5946 Ksaoszownx,
666 5856 750 5928 villa
785 5857 849 5928 sub
876 5857 1042 5948 parochia
1070 5854 1113 5928 de
1140 5856 1391 5947 Konynslra
1417 5857 1575 5949 Wolya
1601 5860 1686 5950 sita,
1713 5861 1809 5932 cuius

263 5973 387 6045 haeres
413 5973 539 6047 Petrus
566 5977 656 6047 idern
682 5976 944 6070 Konynsky.
971 5977 1012 6047 In
1039 5999 1108 6068 qua
1131 5982 1217 6071 sunt
1243 5977 1345 6067 lanei,
1367 5960 1425 6049 ¹de¹
1444 5980 1719 6068 quihus'decima
1736 6002 1809 6054 ma-

263 6095 432 6185 nipularis
467 6096 615 6168 solvitur
649 6102 686 6168 et
721 6097 926 6170 conducitur
960 6118 1025 6188 pro
1059 6098 1224 6189 episcopo
1251 6098 1489 6191 cracoviensi,
1517 6084 1614 6171 cuius
1640 6102 1739 6177 valor
1766 6104 1810 6175 ad

262 6216 410 6288 mediam
437 6216 582 6288 alteram
607 6217 843 6290 tantummodo
870 6238 1021 6290 marcam
1047 6219 1263 6309 aestimatur,
1288 6198 1451 6310 'quonum
1479 6241 1587 6312 parva
1612 6227 1649 6292 et
1674 6223 1811 6295 noviter

263 6335 408 6409 mndata
433 6344 488 6410 est
514 6335 634 6410 eadem
661 6338 761 6427 uilla3
787 6345 939 6411 nonest
965 6338 1153 6429 praedium.

361 6457 501 6549 -Pozoo,
528 6458 610 6533 villa
636 6460 701 6532 sub
727 6461 892 6550 parochia
916 6460 962 6533 de
988 6458 1147 6551 Wolya
1172 6459 1425 6553 Konynska
1451 6464 1538 6553 sita,
1565 6463 1661 6535 cuius
1688 6466 1810 6546 haeres

263 6576 450 6653 Martinus·
465 6579 716 6674 Ronmanis-y
741 6578 794 6653 de
811 6582 918 6657 armis
943 6580 1086 6655 Rana
1112 6581 1154 6653 Iu
1171 6600 1241 6675 qua
1258 6588 1339 6654 suut
1354 6583 1447 6654 lanei
1465 6584 1709 6678 auctionales,
1727 6589 1811 6659 iteru
