4200 8342
1717 1687 1790 1762 ddi

245 1899 282 1970 in
308 1896 541 1970 Sclridlou
567 1900 604 1967 61
630 1900 768 1987 pratum
795 1895 929 1984 curiae,
965 1894 1054 1967 alter
1080 1894 1117 1967 in
1144 1895 1214 1968 alia
1239 1900 1342 1988 parte
1367 1895 1489 1987 villae,
1524 1895 1625 1970 iuxta
1650 1895 1794 1974 candem

246 2019 350 2110 viam,
376 2016 419 2090 de
446 2015 571 2110 quibus
598 2014 744 2090 solvitur
770 2015 904 2089 decima
929 2017 1155 2110 manipularis
1181 2017 1348 2092 ecclesiae
1374 2017 1562 2111 parochiali
1589 2018 1626 2090 in
1652 2017 1796 2118 unno-

244 2160 324 2231 wa‚
352 2144 388 2211 et
414 2138 513 2211 valor
540 2137 615 2210 eius
643 2138 687 2211 6(1
714 2137 800 2210 duas
827 2158 961 2211 marcas
988 2139 1199 2212 aestimatur.
1609 2199 1612 2204 .

349 2259 540 2349 Oaruona,
566 2258 651 2332 villa
677 2259 742 2332 sub
768 2258 934 2351 parocbia
960 2259 1004 2332 de
1029 2260 1216 2366 Lyssou
1244 2253 1339 2350 sita‚'
1365 2261 1461 2332 euius
1488 2259 1655 2332 haeredes
1681 2259 1795 2334 Stani-

246 2382 340 2455 slaus
366 2381 480 2453 dictus
508 2380 827 2473 Sayeczipywo
863 2380 906 2452 de
934 2379 1039 2453 armis
1067 2380 1255 2474 Gzewya
1287 2401 1351 2473 pro
1378 2402 1447 2453 uua
1473 2379 1659 2454 medietate
1684 2382 1797 2472 villae,

244 2526 307 2596 pro
334 2504 447 2576 altera
481 2507 596 2575 autem
625 2502 811 2576 medietate
838 2501 964 2576 Petrus
991 2502 1431 2597 Szwyaszkowszky
1467 2502 1510 2575 de
1538 2503 1644 2574 armis
1671 2503 1795 2576 Szro·

245 2624 364 2698 koml
374 2645 436 2718 ya.
462 2625 506 2697 In·
518 2644 587 2716 qna
605 2629 686 2696 sunt
704 2645 827 2697 novem
845 2624 936 2696 lanei
955 2625 1198 2716 emethonales‚
1226 2626 1308 2698 item
1326 2624 1492 2697 tabernae
1511 2624 1601 2696 duae
1626 2623 1795 2700 habentes

245 2768 357 2838 agros,
382 2747 467 2819 item
493 2745 694 2819 hortularia
719 2766 789 2817 una
813 2745 946 2819 babens
973 2767 1095 2838 agros,
1123 2747 1165 2818 de
1193 2746 1317 2838 quibus
1345 2747 1503 2819 omnibus
1530 2745 1677 2820 soluitur
1704 2746 1795 2819 deci-

244 2889 302 2941 ma
327 2867 553 2960 manipularis
579 2873 616 2940 et
643 2867 820 2959 canapalis
845 2888 910 2960 pro
936 2867 1136 2959 praebenda
1163 2867 1378 2960 Kyelciensi,
1415 2888 1503 2959 quae
1534 2865 1663 2940 dicitur
1690 2867 1796 2938 Brzu-
1947 2855 1949 2859 ’

161 3032 163 3035 -
246 2990 435 3082 cbowazlra,
461 2995 498 3062 et
523 2989 623 3062 valor
649 2989 723 3062 eius
750 2989 955 3062 aestimatur
981 2989 1026 3063 ad
1044 3010 1106 3061 sex
1125 3009 1269 3062 mareas.
1296 2990 1384 3062 Item
1411 2990 1445 3061 in
1475 2989 1594 3061 eadem
1612 2988 1697 3061 uilla
1714 2993 1796 3062 sunt

245 3111 313 3184 duo
339 3107 483 3204 praedia
509 3109 693 3201 militaria,
729 3109 925 3203 dequibus
959 3110 1107 3184 solvitur
1141 3111 1274 3184 decima
1309 3110 1534 3202 manipularis
1560 3131 1624 3201 pro
1651 3109 1796 3184 ecclesia

246 3234 281 3306 iu
308 3234 507 3325 Lyssow,
535 3237 572 3306 et
595 3231 694 3306 valor
720 3232 795 3306 eins
821 3233 1027 3306 aestimatur
1053 3232 1098 3305 ad
1124 3233 1211 3306 duas
1238 3253 1381 3306 1666666.

347 3354 567 3447 Soumateon,
593 3343 677 3427 villa
695 3355 759 3428 sub
777 3356 943 3447 parochia
969 3354 1135 3428 ecclesiae
1162 3355 1205 3428 de
1232 3355 1567 3448 Pyandziczow
1592 3354 1670 3443 sita,
1698 3352 1794 3424 cuius

243 3477 367 3550 haeres
403 3475 563 3550 Andreas
598 3475 1051 3569 Pyandziozowszlry
1087 3477 1131 3550 de
1167 3475 1269 3550 domo
1304 3476 1518 3549 Dambno.
1553 3475 1593 3546 ln
1621 3495 1690 3567 qua
1716 3477 1798 3546 sunt

243 3598 423 3672 duodecim
458 3598 549 3671 lanei
586 3598 839 3690 cmethouales,
875 3600 958 3672 item
991 3598 1139 3672 taberna
1172 3620 1242 3672 una
1276 3600 1407 3671 habeus
1434 3617 1557 3688 agros,
1593 3595 1636 3668 (16
1672 3595 1796 3687 quibus

246 3721 404 3794 omnibus
440 3719 588 3794 solvitur
613 3726 650 3794 et
676 3717 880 3795 'conducitur
915 3721 1047 3794 decima
1082 3720 1308 3812 manipularis
1334 3726 1370 3792 ot
1395 3719 1571 3811 canapalis
1605 3738 1670 3811 pro
1697 3737 1797 3811 prae-

244 3842 356 3915 benda
381 3841 597 3936 llyelciensi‚
625 3862 714 3933 quae
732 3840 859 3914 dicitur
876 3841 1090 3932 Zidowszka
1117 3847 1154 3914 et
1170 3843 1268 3914 valor
1285 3842 1361 3913 eius
1379 3841 1584 3913 aestimatur
1601 3840 1646 3911 ad
1664 3845 1795 3930 septem

243 3985 386 4039 marcas.
420 3964 508 4038 Item
536 3968 619 4037 6661
644 3963 694 4036 111
720 3963 828 4056 aliqui
854 3965 949 4056 agri,
985 3961 1086 4056 pandi
1113 3970 1248 4055 tamen,
1284 3963 1327 4035 de
1354 3962 1478 4054 quibus
1514 3961 1707 4034 decimatur
1732 3981 1796 4050 pro

243 4088 444 4181 episcopatu
471 4085 704 4179 cracoviensi,
730 4085 828 4159 culus
854 4086 952 4160 valor
969 4086 1015 4159 ad
1033 4086 1182 4159 mediam
1208 4105 1359 4157 maroam
1387 4082 1602 4156 aestimatur.
1628 4082 1714 4153 Item
1743 4087 1797 4153 est

243 4209 293 4282 ibi
327 4208 465 4281 unicum
500 4207 681 4301 praedium
717 4207 885 4300 militare,
921 4209 965 4281 de
1000 4207 1098 4281 cuius
1135 4207 1229 4298 agris
1264 4205 1455 4279 decimatur
1489 4226 1553 4298 pro
1584 4203 1734 4277 'ecclesia
1760 4203 1795 4276 in

244 4331 440 4424 byssore,
467 4334 504 4403 et
529 4329 628 4403 valor
653 4329 729 4404 eius
755 4330 959 4404 aestimatur
985 4331 1030 4402 ad
1058 4329 1208 4422 quinque
1234 4349 1377 4402 marcas.

346 4451 578 4543 Munnzwun,
604 4451 689 4550 uilla
714 4451 779 4525 sub
806 4451 971 4544 parochia
998 4451 1042 4525 de
1061 4506 1175 4523 .....
1203 4450 1280 4524 6116.
1316 4451 1357 4522 16
1384 4471 1453 4543 qua
1480 4453 1562 4523 sunt
1587 4425 1681 4520 lanei
1706 4466 1797 4518 ome·

242 4572 410 4664 thonales
437 4572 480 4645 de
507 4572 640 4676 quibus,
658 4573 805 4647 solvitur
831 4573 965 4647 decIma
984 4629 1151 4646 .......
1177 4575 1265 4646 Item
1292 4572 1419 4646 ibidem
1439 4576 1521 4645 sunt
1537 4569 1680 4662 praedia
1707 4568 1796 4640 mili-

243 4693 344 4784 taria,
370 4692 414 4767 de
440 4691 565 4785 quibas
591 4691 737 4766 soletan
763 4693 896 4768 (1661666
921 4693 1088 4768 ecelesiae
1115 4695 1150 4767 in
1177 4693 1365 4783 hieron,
1391 4694 1529 4765 ratione
1555 4691 1661 4781 fundi,
1688 4689 1796 4780 privi-

242 4815 324 4908 legii
350 4821 386 4887 et
411 4815 703 4908 praescriptionis.

346 4936 473 5010 Pusrn
500 4937 835 5029 Manrnscuownn‚
863 4936 947 5010 villa
964 4938 1029 5011 sub
1046 4937 1211 5029 parochia
1229 4935 1394 5009 ecclesiae
1417 4936 1460 5009 de
1487 4933 1795 5028 Pyotrkowioze

243 5061 319 5133 sita.
346 5060 386 5131 In
414 5079 482 5151 qua
509 5064 591 5130 sunt
616 5057 760 5150 praedia
786 5057 962 5150 nobilium,
990 5079 1079 5151 quae
1105 5078 1169 5149 per
1195 5078 1255 5130 eos
1282 5062 1436 5149 arantur,
1462 5056 1649 5149 dequibus
1675 5076 1796 5127 secum-

242 5182 323 5253 dum
351 5179 577 5254 assertionem
605 5179 744 5270 plebani
771 5179 807 5252 iu
834 5179 1022 5271 Lissow‚
1049 5178 1199 5251 dabatur
1225 5177 1358 5252 decima
1375 5178 1600 5271 manipularis
1627 5176 1671 5250 ad
1689 5176 1796 5250 eccle·
1917 5179 1920 5188 '

243 5305 329 5375 siam
357 5305 390 5375 in
418 5303 604 5394 blason,
631 5300 693 5374 sed
719 5300 872 5375 alienata
898 5308 953 5374 ost
979 5307 1015 5375 et
1042 5302 1228 5393 abstracta,
1255 5307 1291 5374 et
1317 5301 1483 5374 ecclesiae
1508 5301 1544 5372 in
1571 5300 1599 5372 P
1608 5295 1796 5392 petrino.-

243 5425 381 5498 wicze
407 5424 570 5499 adiuncta
596 5429 634 5498 61
660 5424 895 5517 appropriata,
922 5428 959 5496 et
983 5422 1045 5496 illa
1071 5407 1163 5497 nunc
1189 5429 1243 5498 est
1262 5424 1297 5496 iu
1315 5425 1390 5497 eius
1416 5423 1616 5515 posessione
1643 5423 1795 5515 pacifica.

346 5545 525 5637 Bunnow,
560 5546 644 5619 villa
669 5546 734 5620 sub
761 5546 926 5640 parocbIa
960 5544 1005 5619 (16
1023 5601 1193 5618 .......
1220 5547 1306 5639 sito,
1341 5547 1439 5620 cuirrs
1466 5548 1590 5619 haeres
1617 5545 1794 5618 Jobannes

243 5664 502 5739 Budkowslr
511 5689 535 5760 y
561 5666 604 5740 de
631 5669 738 5740 armis
763 5663 1084 5762 Kopascby'na.
1110 5669 1150 5742 ln
1178 5691 1247 5763 qua
1265 5675 1347 5742 sunt
1364 5669 1456 5741 lanei
1483 5667 1726 5756 emetbonales‚
1754 5665 1797 5736 (16

244 5785 368 5876 quibus
395 5784 542 5858 solvit-ur
567 5787 702 5860 decima
720 5841 834 5861 .....
860 5791 949 5863 Item
967 5798 1023 5864 est
1039 5791 1090 5863 ibi
1111 5790 1293 5884 praedium
1310 5791 1471 5880 militare,
1498 5789 1541 5861 (16
1568 5788 1666 5861 cuius
1692 5787 1796 5877 agris,

242 5907 435 5980 dealmatur
469 5925 534 5998 pro
569 5906 715 5980 ecclesia
748 5909 784 5981 in
819 5909 851 5982 L
858 5931 1017 6005 yssow,
1063 5917 1099 5984 61
1134 5912 1232 5985 valor
1267 5912 1342 5985 eius
1377 5909 1579 5982 aestimatur
1613 5907 1657 5980 ad
1694 5928 1795 5980 unam

243 6048 461 6120 sexagenum.
497 6026 696 6101 Notandum
733 6034 866 6124 autem,
903 6033 996 6129 quod
1030 6033 1115 6106 villa
1150 6032 1309 6124 praelata
1344 6031 1545 6103 Budkow
1581 6028 1650 6103 sita
1680 6030 1795 6103 estin

241 6150 393 6227 dioecesi
418 6153 455 6224 et
479 6156 577 6224 terra
602 6149 877 6245 Praemysliensi,
904 6153 1091 6248 praedialis
1117 6160 1234 6228 tamen
1261 6152 1395 6226 decima
1412 6152 1456 6226 de
1473 6152 1534 6225 illa
1560 6152 1663 6225 datur
1689 6151 1796 6224 eccle-

243 6274 316 6347 siae
342 6274 378 6346 16
405 6271 593 6366 LIsson,
627 6272 764 6346 ratIone
789 6273 888 6348 fundi
915 6281 952 6349 et
976 6275 1170 6368 privilegii,
1197 6281 1234 6348 et
1259 6275 1423 6369 antiquae
1449 6274 1732 6369 praescriptionis
1758 6273 1794 6344 in

241 6393 424 6469 dioecesim
451 6393 725 6487 cracoviensem,
752 6396 852 6471 etad
869 6396 1050 6471 ecclesiam
1067 6396 1260 6488 praelatam
1287 6398 1322 6470 in
1350 6398 1519 6490 Lissum,
1546 6383 1675 6488 absque
1702 6395 1795 6468 omni

241 6516 430 6590 realtentia
454 6522 492 6591 et
517 6517 773 6612 impedimento.

346 6635 523 6732 8666666,
549 6639 634 6714 villa
650 6639 715 6714 sub
731 6625 900 6736 parocbia
917 6641 961 6716 de
979 6696 987 6715 .
1006 6696 1014 6715 .
1033 6696 1041 6715 .
1060 6696 1068 6716 .
1087 6641 1164 6716 sita.
1190 6643 1231 6717 ln
1249 6663 1319 6743 qua
1336 6645 1418 6722 sunt
1434 6642 1525 6722 lanei
1551 6640 1794 6740 cuetbouales,
