4200 8342
1750 1673 1823 1750 283

264 1866 319 1949 ad
347 1875 605 1949 serenissimum
639 1874 805 1950 Poloniae
839 1896 956 1968 regem
987 1876 1149 1969 pertinet.
1184 1877 1224 1949 lu
1252 1900 1321 1970 qua
1347 1885 1429 1952 snut
1455 1886 1527 1952 tres
1554 1880 1645 1953 lanei
1673 1884 1825 1954 cmetho-

259 1998 382 2087 males,
409 1999 604 2089 dequibus
631 1999 778 2071 solvitur
805 1999 937 2070 decima
970 1999 1159 2089 pecunialis
1186 2000 1379 2089 perunum
1406 2000 1574 2073 fertonem
1603 2002 1646 2072 de
1673 2003 1827 2093 quolibet

260 2118 387 2209 laneo,
412 2118 580 2191 ecclesiae
605 2124 642 2190 et
667 2119 814 2209 plebano
829 2121 876 2190 ‘in
904 2120 1113 2211 Zrzanczyu²
1139 2126 1175 2191 et
1201 2122 1409 2211 proveniunt
1435 2127 1508 2195 tres
1534 2122 1697 2196 fertones.

380 2239 640 2331 Bazrszczus,·
663 2241 747 2313 uilla
773 2241 837 2313 sub
863 2241 1030 2330 parochia
1056 2238 1148 2311 de'J
1158 2242 1284 2312 aszel
1312 2243 1398 2332 sita,
1434 2244 1531 2314 cuins
1558 2246 1755 2335 proprietas
1782 2242 1827 2315 ad

270 2360 537 2432 serenissimum
557 2360 721 2433 Polouiae
739 2380 855 2451 regem
874 2362 1033 2452 pertinet.
1052 2361 1091 2430 In
1108 2382 1175 2451 qua
1192 2367 1274 2432 suut
1287 2362 1379 2432 lanei
1393 2364 1633 2454 cmethonales,
1652 2364 1827 2454 dequibus

270 2474 427 2551 soluitur
451 2482 641 2571 pecunialis
676 2480 825 2571 decima,
861 2482 904 2553 de
931 2482 1085 2571 quolibet
1110 2482 1211 2553 laneo
1238 2502 1431 2572 perunum
1466 2482 1636 2556 fertonem
1663 2484 1827 2556 ecclesiae

272 2597 310 2669 iu
337 2598 627 2693 Zrzauczya3
662 2602 744 2673 item
772 2607 826 2673 est
852 2602 902 2673 ibi
929 2601 1090 2673 scultetis
1116 2602 1247 2673 habens
1273 2601 1360 2674 duos
1386 2603 1515 2695 laneos,
1543 2605 1586 2676 de
1614 2605 1740 2697 quibus
1767 2604 1827 2674 de-

273 2718 426 2791 cimatur
442 2720 618 2793 ecclesiae
644 2723 681 2793 in
706 2721 897 2814 Jaszyel
925 2723 1114 2813 manipulo,
1143 2730 1179 2794 et
1205 2724 1351 2813 quilibet
1377 2726 1513 2797 cmetlro
1532 2727 1574 2797 de
1592 2726 1693 2797 laneo
1720 2744 1827 2798 unum

276 2839 429 2911 chorum·
446 2840 603 2933 siliginis.
630 2897 638 2913 .
656 2898 665 2913 .
683 2899 691 2914 .
709 2898 717 2914 .
1707 2856 1711 2869 '

381 2959 619 3054 ilsunowss,
645 2964 729 3035 uilla
755 2964 819 3035 sub
846 2963 1011 3055 parochia
1040 2961 1084 3034 de
1119 2942 1277 3035 Ja'szel
1313 2965 1399 3054 sita,
1434 2965 1531 3036 anius
1557 2966 1755 3056 proprietas
1782 2964 1828 3036 ad

278 3082 536 3155 serenissimum
551 3174 554 3185 Ι
570 3082 735 3157 Pelopiae
770 3104 887 3176 regem
922 3086 1083 3176 pertinet.
1119 3086 1159 3156 lu
1187 3106 1255 3176 qua
1281 3092 1361 3156 sunt
1386 3087 1479 3157 lanei
1506 3086 1756 3176 amethouales‚
1784 3087 1827 3159 de

280 3202 404 3291 quibus
429 3204 589 3277 omnibus
614 3206 763 3277 solvitur
789 3214 825 3278 et
852 3206 1055 3277 conducitur
1081 3206 1214 3276 decima
1249 3207 1473 3296 manipularis
1500 3213 1536 3278 et
1562 3207 1738 3298 canapalis
1764 3224 1828 3297 pro

280 3322 426 3393 ecclesia
450 3330 487 3395 et
512 3324 586 3397 eins
612 3326 759 3416 plebano
787 3327 820 3397 in
849 3326 1057 3417 Zrnanczpn,
1084 3332 1120 3398 et
1138 3327 1237 3398 valor
1254 3327 1328 3397 eius
1355 3327 1559 3398 aestimatur
1586 3327 1631 3399 ad
1649 3383 1657 3397 .
1676 3382 1710 3397 ..
1742 3328 1827 3398 item

280 3447 331 3513 est
356 3443 406 3514 ibi
434 3445 595 3517 scollatia
610 3447 751 3518 babens
778 3447 865 3519 dnos
892 3447 1020 3537 laneos,
1047 3448 1090 3518 de
1118 3448 1243 3538 quibus
1270 3447 1403 3518 decima
1429 3447 1655 3538 manipularis
1682 3448 1831 3519 solvitur

280 3562 445 3635 ecclesiae
481 3565 517 3635 in
547 3564 758 3657 vJaszyel:
793 3569 876 3638 item
913 3568 1059 3658 quilibet
1103 3569 1239 3640 cmetho
1276 3568 1318 3640 de
1355 3568 1454 3640 laneo
1490 3573 1632 3641 tenetur
1667 3569 1830 3641 ecclesiae

281 3682 413 3755 solvere
440 3705 546 3757 unum
573 3686 715 3759 chorum
742 3688 891 3779 siliginis
917 3689 954 3759 in
980 3688 1183 3780 Jaszpel.

382 3803 565 3896 Gownus
593 3807 674 3880 villa
699 3810 764 3880 snb
790 3810 956 3900 parochia
982 3811 1148 3881 ecclesiae
1175 3811 1218 3881 de
1244 3809 1386 3881 Jaszel
1414 3809 1499 3899 sita,
1536 3811 1633 3881 cuius
1660 3808 1830 3883 haeredes

282 3922 473 3997 Stabislaus
500 3932 536 3998 et
561 3925 732 4018 Georgius
758 3930 915 4018 germani
943 3929 986 4000 da
1013 3930 1120 4000 armis
1139 3985 1252 4000 .....
1290 3930 1329 4000 In
1357 3949 1425 4021 qua
1451 3937 1533 4001 sunt
1558 3930 1649 4001 lanei
1677 3920 1830 4002 cmetho-

279 4046 391 4136 unies,
420 4047 503 4118 item
539 4049 720 4139 praedium
754 4050 924 4140 militare,
959 4051 1155 4142 dequibus
1190 4051 1348 4122 omnibus
1384 4051 1531 4123 solvitur
1565 4056 1602 4122 et
1628 4050 1832 4123 conducitur

277 4165 414 4239 decima
438 4169 664 4259 manipularis
681 4177 719 4242 ot
735 4171 911 4261 cauapalis
938 4190 1002 4261 pro
1028 4172 1174 4242 ecclesia
1200 4173 1235 4242 in
1262 4170 1541 4262 Zrzanczyno‚
1568 4176 1605 4242 et
1631 4171 1729 4242 valor
1755 4172 1830 4242 eius

271 4287 486 4360 aestimatur
500 4290 556 4362 ad
575 4344 707 4382 ......
743 4293 825 4363 hem
852 4296 907 4363 est
933 4291 982 4363 ibi
1009 4292 1104 4363 aliud
1138 4292 1319 4384 praedium
1356 4292 1524 4381 militare,
1560 4290 1603 4361 de
1629 4311 1698 4382 quo
1725 4291 1833 4387 etde

267 4408 454 4499 aliquibus
479 4410 573 4500 agris
600 4413 884 4504 cmetboualibus‚
911 4412 1016 4484 datur
1041 4412 1175 4485 decima
1200 4413 1426 4504 manipularis
1445 4412 1609 4482 ecclesiae
1627 4406 1663 4481 in
1681 4409 1705 4481 J
1710 4409 1831 4499 aszel,

262 4536 308 4603 et
337 4531 443 4602 valor
476 4532 552 4603 eins
579 4532 639 4613 ad¹
641 4586 755 4604 .....
782 4554 917 4606 marcus
953 4534 1176 4625 aestimatur,
1211 4535 1294 4607 item
1324 4534 1470 4625 quilibet
1496 4518 1642 4604 cmetbo¹
1660 4532 1703 4604 de
1729 4532 1830 4602 laueo

258 4652 368 4724 solet
394 4651 562 4725 ecclesiae
587 4654 632 4729 dc
658 4654 817 4726 Jaszel
844 4656 979 4727 solvere
1005 4677 1110 4727 unum
1138 4656 1281 4728 chorum
1308 4654 1466 4745 siliginis.

382 4771 604 4865 Sounaurn,
639 4776 721 4847 villa
756 4776 888 4847 habens
922 4777 1103 4848 ecclesiam
1138 4775 1371 4867 parochialem
1405 4776 1440 4844 iu
1468 4794 1505 4845 se
1532 4774 1699 4863 ligneam,
1735 4773 1832 4842 euius

254 4889 476 4967 haeres..
494 4894 1016 4988 dedomoWyberschton.
1043 4899 1083 4968 In
1098 4917 1166 4989 qua
1183 4902 1265 4970 sunt
1289 4896 1381 4968 lanei
1395 4894 1638 4982 amathonales‚
1666 4893 1749 4963 item
1776 4896 1829 4962 ta-

257 5012 429 5106 bersae,
454 5016 539 5089 item
564 5016 792 5109 hortulaniae,
819 5018 1006 5108 dequibus
1032 5019 1201 5109 omnibus,
1228 5017 1376 5090 solvitur
1402 5021 1439 5087 et
1465 5013 1681 5086 conducitur
1698 5011 1833 5084 decima

256 5116 507 5227 manipularis
533 5143 570 5211 et
595 5138 769 5230 canapalis
797 5139 962 5211 ecclesiae
989 5140 1024 5209 in
1051 5139 1307 5231 Zrzauczyn,
1338 5143 1375 5210 et
1401 5134 1500 5208 valor
1526 5135 1600 5206 eius
1627 5128 1833 5206 aestimatur

259 5257 322 5329 ad
343 5310 460 5328 .....
463 5280 480 5347 -3
514 5258 600 5330 item
627 5264 682 5330 est
708 5260 757 5330 ibi
781 5258 961 5351 praedium
987 5259 1186 5351 antiquum,
1212 5260 1256 5332 ds
1283 5260 1380 5330 cuius
1407 5258 1501 5348 agris
1528 5254 1674 5327 solvitur
1700 5254 1834 5324 decima

261 5376 508 5469 manipularis
533 5378 699 5452 ecclesiae
726 5380 853 5452 ibidem
879 5381 915 5451 in
943 5380 1196 5472 Scltebnya.
1792 5390 1794 5395 '

292 5538 301 5545 -
385 5496 549 5592 Jnsrnu,
584 5502 748 5593 oppidum
783 5501 915 5574 habens
940 5502 978 5572 in
1005 5521 1043 5572 se
1070 5500 1256 5575 ecclesiam
1285 5498 1536 5590 parochialem,
1571 5495 1678 5569 Sauct
1697 5551 1726 5566 ..
1747 5550 1753 5564 .
1774 5551 1781 5564 .
1799 5538 1834 5565 ..-

270 5618 451 5711 haum,
485 5622 582 5695 cuius
616 5622 742 5695 haeres
778 5622 1018 5694 serenissimus
1039 5604 1219 5693 ·Poloniae
1253 5641 1335 5710 rex,
1370 5621 1468 5695 cuius
1503 5620 1661 5690 consules
1697 5620 1733 5686 et
1759 5620 1834 5685 tots

276 5742 529 5834 communitas,
554 5745 655 5815 annis
682 5744 826 5834 singulis
853 5744 988 5815 solvere
1014 5747 1155 5814 tenetur
1181 5743 1346 5813 ecclesiae
1373 5746 1409 5811 et
1435 5738 1644 5830 plebane.,:in
1672 5734 1833 5804 Zraan-

280 5882 390 5953 czyn
416 5862 490 5935 tres
515 5862 679 5955 fertones,
705 5865 840 5936 ratione
868 5864 1084 5954 quorundam
1111 5882 1287 5954 agrorum,
1314 5863 1348 5932 in
1369 5861 1492 5951 quibus
1511 5854 1688 5951 ciues-ipsi
1706 5853 1835 5923 babent

280 5966 413 6073 honos,
431 5983 476 6055 'in
499 5984 628 6077 quibus
654 5986 834 6079 plantatur
858 5984 1029 6075 humulus,
1058 5985 1116 6074 qui
1143 5984 1219 6074 agri
1245 5980 1438 6052 reddebant
1464 5977 1629 6048 decimam
1655 5971 1834 6064 praelatae

282 6103 450 6175 acclesiae
473 6104 512 6175 ln
538 6104 568 6175 Z
576 6104 597 6176 r
605 6116 827 6197 z'anczyn,
854 6100 1034 6196 quad'ber
1059 6103 1256 6176 huiusmodi
1287 6107 1361 6172 tres
1386 6097 1540 6169 semones
1566 6100 1782 6185 repensatur.

385 6222 608 6316 Pournsrn,
641 6226 725 6320 pilia
750 6227 815 6297 snb
847 6225 1011 6316 parochia
1038 6225 1082 6296 de
1101 6277 1240 6293 ......
1266 6220 1352 6309 sita,
1389 6220 1485 6289 cuius
1510 6217 1635 6288 haeres
1654 6268 1768 6285 .....
1795 6210 1836 6281 Iu

282 6358 350 6435 qua
374 6350 459 6417 aaut
482 6345 575 6418 lanei
611 6346 862 6435 cmethonales,
897 6347 981 6416 item
1018 6347 1204 6433 tabernae,
1240 6342 1324 6413 item
1358 6339 1596 6428 hortulauiae,
1633 6337 1676 6408 de
1712 6334 1836 6426 quibus

284 6465 441 6538 omnibus
467 6466 618 6540 solvitur
642 6473 679 6541 et
705 6466 910 6539 conducitur
936 6466 1070 6537 decima
1096 6461 1320 6554 manipularis
1348 6467 1384 6533 et
1411 6459 1589 6550 canapalis
1616 6455 1783 6528 ecclesiae
1800 6454 1862 6549 iu„

284 6582 571 6679 Zeus-scura,
596 6588 686 6660 item·
705 6588 887 6679 praedium
913 6592 969 6661 cst
993 6587 1061 6677 ibi,
1088 6584 1131 6657 de
1158 6584 1255 6657 cuius
1283 6583 1377 6675 agris
1405 6581 1596 6698 decimatur
1622 6598 1686 6668 pro
1705 6631 1713 6647 .
1732 6630 1740 6646 .
1759 6629 1793 6647 ..
