4200 8342
354 1642 426 1713 332

387 1882 410 1934 ,·
455 1849 655 1918 Wrssonrn
682 1844 803 1931 tertia,
831 1827 1006 1912 villa-snb
1032 1840 1200 1930 parochia
1226 1837 1270 1910 de
1297 1838 1566 1927 Sczcglicze
1594 1837 1670 1925 sita,
1698 1836 1795 1906 cuius
1822 1835 1904 1906 hae-

349 1971 468 2042 redes:
495 1965 687 2044 Dobeslans
724 1962 1038 2054 Bisszowslry,
1065 1965 1102 2034 et
1136 1958 1408 2031 Prandotha
1444 1957 1487 2028 de
1514 1956 1620 2028 armis
1648 1955 1904 2049 Nyecznya,

353 2097 389 2162 et
424 2089 576 2159 lacobus
612 2086 656 2157 de
691 2084 797 2156 annis
832 2081 1163 2172 Odrowansch,
1200 2087 1236 2152 et
1270 2079 1423 2152 Iacchus
1457 2077 1825 2169 Jugosszowsky
1861 2077 1904 2148 de

267 2297 269 2302 Ι
350 2208 587 2281 Habdanh.
613 2207 653 2277 in
682 2227 750 2296 qua
776 2211 859 2276 sunt
885 2224 1007 2276 novem
1034 2203 1127 2290 lanei
1154 2201 1398 2290 emethonales,
1424 2199 1508 2272 item
1533 2220 1604 2271 una
1630 2199 1794 2288 taberna,
1822 2199 1905 2270 item

352 2339 424 2403 tres
453 2329 670 2400 lamtulaniae
703 2327 873 2399 habentes
909 2345 1030 2416 agros,
1057 2324 1100 2395 dc
1127 2324 1253 2415 quibus
1280 2322 1439 2394 omnibus
1464 2314 1613 2395 solvitur
1639 2325 1677 2393 et
1702 2320 1906 2393 conducitur

352 2453 486 2524 decima
511 2448 737 2539 manipularis
765 2453 801 2518 et
828 2446 1004 2537 canapalis
1028 2466 1096 2535 pro¹
1120 2443 1402 2516 archidiaconatu
1428 2441 1718 2531 Sandomiriensi,
1745 2446 1781 2513 ct
1806 2441 1906 2513 valor

352 2573 427 2643 cius
464 2572 670 2640 aestimatm·
706 2567 751 2639 ad
787 2566 905 2638 decem
940 2585 1085 2638 marcas.
1123 2565 1213 2637 Item
1248 2568 1311 2635 est.
1337 2564 1387 2636 ibi
1412 2561 1592 2654 praedium
1618 2561 1743 2636 Jacobi
1768 2559 1906 2633 Odru-

353 2691 543 2778 wansch,
570 2689 613 2761 de
639 2710 707 2779 quo
734 2687 927 2759 decimatur
953 2686 1120 2794 ecclesiae
1146 2686 1182 2756 in
1210 2684 1492 2775 Sczeglicze.
1516 2684 1605 2756 Item
1631 2690 1686 2756 est
1710 2683 1761 2755 ibi
1780 2689 1906 2774 quarta

353 2811 569 2900 hortulanis,
596 2810 640 2882 de
676 2831 744 2901 qua
770 2830 834 2900 pro
861 2808 1049 2880 medietate
1084 2807 1277 2879 decimatur
1303 2805 1601 2880 archidiaconatui
1627 2803 1908 2896 Sandomiriensi,

353 2942 390 3007 et
416 2953 480 3024 pro
507 2932 693 3003 medietate
721 2931 888 3005 ecclesIae
909 2931 945 3002 in
972 2929 1242 3021 Kyelczina.

462 3053 577 3124 Villae
611 3052 844 3143 parochiales:
880 3051 1169 3141 Sczeglicze,
1196 3049 1580 3140 Damaradzicze,
1614 3047 1908 3140 Zagorzicze,
2013 3125 2016 3132 ,

352 3172 969 3264 Panczlawicze,Laziszlra,
987 3167 1906 3262 W·issokye,altcraWissolrye‚tertiaWys-

355 3277 696 3388 sohye,'W0lya
720 3291 1088 3365 Pauczslawska.

1025 3410 1242 3485 Goszmczn.

365 3585 368 3590 -
435 3538 553 3609 1Villa
578 3537 711 3608 habens
738 3535 916 3607 ecclesiam
943 3534 1179 3625 parochialem
1204 3537 1376 3607 muratam
1407 3532 1523 3624 lapide
1549 3534 1585 3604 in
1612 3554 1668 3624 se,
1694 3539 1733 3605 et
1757 3531 1908 3605 dicatam

355 3658 592 3748 Assumptioni
619 3657 749 3727 Beatac
776 3655 912 3727 Mariae
940 3655 1107 3745 virgime,
1134 3654 1231 3727 cuins
1258 3659 1373 3726 rector
1391 3653 1584 3727 Stanislaus
1601 3655 1794 3746 presbyter,
1812 3655 1909 3727 cuins

355 3781 480 3849 haeres
507 3778 668 3848 Andreas
696 3776 1166 3868 Glymyunthowszhy
1192 3774 1318 3847 nobilis
1337 3773 1380 3846 de
1399 3775 1501 3847 domo
1527 3774 1846 3866 Bippcnninm.
1868 3776 1908 3845 In

356 3919 424 3989 qua
451 3903 531 3970 sunt
558 3898 649 3969 lanei
677 3897 929 3986 cmethonsles,
956 3895 1000 3968 de
1027 3895 1151 3988 quibus
1177 3896 1354 3988 perceptio
1380 3893 1534 3968 decimae
1560 3895 1734 3985 variatnr3
1761 3917 1840 3968 nam
1867 3895 1910 3967 de

208 4023 215 4030 ’
354 4022 484 4110 campIs
511 4040 574 4091 sou
600 4018 694 4109 agris
721 4039 843 4090 versus
870 4018 1066 4108 aquilonum
1093 4021 1130 4089 ct
1157 4021 1278 4089 versus
1305 4020 1463 4090 occasum
1491 4016 1575 4089 solis
1602 4037 1712 4108 usquc
1739 4016 1783 4089 ad
1809 4038 1909 4109 gays,

357 4142 440 4213 item
476 4162 519 4211 ex
546 4140 615 4211 alia
648 4145 750 4229 parte
785 4139 889 4212 villae
924 4159 1046 4210 versus
1081 4137 1280 4228 meridiem,
1307 4158 1371 4230 per
1396 4142 1546 4230 quatuor
1571 4138 1703 4228 stadia,
1729 4158 1839 4230 usque
1865 4138 1910 4209 ad

288 4285 291 4290 ·
354 4262 462 4351 gades
490 4261 593 4332 villae
619 4260 845 4351 Zakrzow,
872 4260 1005 4332 decima
1023 4259 1249 4352 manipadan's
1275 4264 1312 4331 ct
1338 4258 1514 4351 canapalis
1541 4257 1689 4332 solvitur
1715 4265 1752 4332 et
1778 4259 1908 4332 condu-

355 4383 447 4453 citur
473 4402 536 4471 pro
564 4381 711 4453 ccclesia
736 4381 773 4452 in
799 4379 1039 4470 (lozlicze3
1064 4381 1148 4452 item
1175 4379 1219 4453 de
1245 4380 1340 4472 agris
1366 4379 1521 4454 ciusdem
1539 4380 1650 4471 villae,
1669 4381 1746 4454 sitis
1763 4401 1785 4453 a
1802 4381 1910 4472 eigins

359 4502 558 4592 passionum
593 4501 744 4590 Christi,
770 4521 879 4593 usque
915 4501 960 4572 ad
996 4522 1100 4592 agros
1117 4501 1239 4574 -villae
1265 4502 1443 4593 Oaros,
1470 4501 1618 4574 solvitur
1644 4506 1681 4574 ct
1696 4501 1911 4576 conducitur

356 4622 489 4693 decima
515 4622 750 4712 manipularis
768 4628 805 4694 et
831 4623 1006 4713 canapalis
1033 4643 1097 4714 pro
1116 4621 1269 4716 ¹ccclesia
1294 4623 1331 4694 in
1358 4622 1600 4713 Wlostow3
1635 4623 1719 4697 item
1746 4623 1789 4696 de
1816 4625 1910 4715 agris

274 4783 277 4788 -
356 4763 478 4815 versus
504 4742 779 4815 Ilikowicze
814 4748 851 4815 et
886 4742 1050 4815 Zukow
1086 4743 1182 4836 sitis,
1209 4743 1356 4816 solvitur
1381 4748 1428 4815 et·
1443 4743 1648 4818 conducitur
1673 4765 1738 4838 pro
1765 4745 1911 4818 ecclesia

355 4864 457 4934 Beati
483 4863 583 4935 Pauli
611 4869 710 4935 extra
737 4885 854 4936 rnuros
881 4864 1188 4938 Sandomirienses.
1205 4866 1303 4937 'Item
1330 4865 1366 4936 in
1393 4864 1514 4937 eadem
1540 4865 1624 4938 villa
1652 4871 1706 4938 est
1730 4867 1910 4958 praedium
1965 4917 1967 4922 -

355 4986 494 5057 unicum
531 4985 703 5076 militare,
737 4984 780 5057 de
817 4985 915 5058 cuius
951 4986 1046 5076 agris
1082 4986 1229 5060 soluitur
1262 4985 1399 5059 decima
1429 4987 1656 5077 manipularis
1683 4988 1847 5062 ecclesiae
1873 4989 1910 5058 in

356 5102 585 5177 Gozlicze.
623 5106 712 5178 Item
747 5105 854 5179 habet
887 5127 1005 5178 aream
1046 5106 1259 5199 praedialem
1293 5107 1437 5180 liberam
1456 5128 1534 5199 pro
1567 5109 1729 5199 ecclesia,
1766 5112 1802 5181 et
1835 5114 1911 5182 tres

356 5247 458 5298 arvos
485 5247 547 5298 seu
573 5247 713 5316 campos
739 5232 834 5299 retro
862 5227 999 5300 domum
1027 5227 1177 5319 plebani,
1202 5249 1279 5300 cum
1305 5233 1413 5320 prato.
1434 5234 1472 5300 et
1489 5228 1624 5301 duabus
1641 5230 1795 5319 piscinis.
1821 5231 1910 5302 Item

356 5346 464 5440 habet
487 5348 668 5419 tabernam
694 5348 880 5420 habentem
906 5369 1009 5440 agros
1036 5354 1085 5454 et·
1098 5350 1246 5440 hortum,
1263 5348 1308 5420 de
1327 5335 1396 5440 quo
1414 5349 1481 5422 sibi
1499 5370 1563 5440 pro
1582 5369 1687 5423 censu
1706 5351 1909 5426 solvitur...

326 5466 444 5540 -.Item
471 5467 579 5540 habet
604 5487 708 5540 unam
734 5468 966 5543 hortulaniam
992 5469 1178 5543 habentem
1204 5489 1319 5561 agros,
1346 5490 1435 5561 quae
1461 5469 1529 5544 sibi
1547 5470 1704 5544 soluit...

399 5633 402 5638 «
461 5587 672 5679 Dzrwnow,
698 5588 782 5661 villa
808 5592 872 5663 sub
899 5590 1066 5682 parochia
1092 5590 1135 5662 de
1163 5587 1384 5664 Gozlicze
1412 5591 1488 5663 sita
1514 5591 1556 5664 In
1583 5613 1652 5684 qua
1668 5593 1776 5667 habet
1792 5594 1910 5667 taber-

241 5742 249 5755 ·
356 5730 437 5781 nam
465 5715 501 5781 et
528 5730 644 5780 aream
669 5710 855 5783 habentem
881 5731 995 5802 agros,
1021 5732 1110 5803 quae
1136 5711 1433 5786 solvit-ecclesiae
1459 5734 1524 5805 pro
1551 5733 1656 5788 censu
1683 5768 1691 5785 .
1717 5769 1725 5786 .
1752 5768 1761 5785 .
1788 5769 1796 5785 .
1821 5715 1911 5788 Item

355 5831 462 5902 habet
487 5830 721 5902 hortulaniam
746 5831 876 5922 ibidem
902 5831 1088 5904 habentem
1115 5851 1229 5923 agros,
1255 5838 1293 5905 et
1318 5833 1362 5905 dc
1388 5838 1537 5928 chaque
1562 5836 1713 5929 percipit
1730 5835 1912 5924 decimam

356 5945 433 6022 tota
458 5969 541 6022 vero
568 5927 709 6024 residua
735 5951 869 6024 decima
894 5952 1048 6041 pertinet
1074 5951 1119 6023 ad
1144 5953 1344 6045 episcopum
1370 5953 1643 6030 Grarovicnsem.

417 6029 441 6074 '
461 6052 660 6146 Znnnzow,
685 6055 769 6128 villa
795 6054 861 6127 suh
885 6055 1053 6146 parochia
1074 6054 1240 6130 ecclesiae
1265 6057 1309 6130 de
1327 6055 1547 6134 Gozlicze
1573 6061 1651 6153 sita,
1670 6061 1768 6135 cuius
1785 6062 1912 6136 haeres

356 6172 579 6248 ctdominus
605 6175 765 6272 Andreas
791 6173 1103 6271 Osszolinsky
1130 6177 1302 6253 dedomo
1329 6179 1643 6274 Bippcnninm.
1669 6181 1711 6254 In
1737 6189 1912 6276 quaeunt

290 6385 292 6390 ἢ
356 6293 448 6366 lanei
484 6297 736 6386 cmcthonales,
771 6296 855 6370 item
889 6298 1075 6391 tabernac,
1100 6298 1186 6372 item
1221 6301 1459 6395 hartmaniae,
1486 6305 1571 6377 item
1597 6292 1779 6395 praedium
1806 6326 1911 6378 unum

356 6416 521 6507 mihtare,
550 6417 593 6488 do
627 6417 752 6508 quibus
788 6420 947 6494 omnibus
982 6419 1131 6496 solvitur
1168 6427 1206 6494 et
1231 6422 1435 6498 conducitur
1461 6423 1597 6499 decIma
1621 6425 1848 6518 manipularis
1875 6431 1912 6499 et

358 6538 532 6630 caruapalIs
560 6538 725 6613 ecclcsiae
752 6539 788 6613 in
815 6538 1045 6638 Gozlicze,
1072 6549 1109 6616 et
1136 6543 1235 6618 valor
1260 6545 1335 6618 eius
1362 6544 1566 6620 aestimatur
1592 6545 1638 6620 ad
1664 6598 1673 6620 .
1700 6599 1708 6618 .
1735 6599 1743 6618 .
1768 6551 1912 6641 praeter
