4200 8342
308 1597 380 1675 154

301 1806 627 1898 Pobycdnyky,
654 1813 691 1879 ct
716 1808 815 1879 valor
842 1808 1046 1879 aostImatur
1072 1808 1226 1881 decimae
1254 1808 1298 1880 ad
1325 1808 1475 1881 sedecim
1500 1829 1645 1907 marcas.
1670 1810 1762 1895 Item
1780 1810 1849 1901 ple-

301 1929 412 2001 banus
446 1929 553 1999 habet
588 1927 637 1999 ibi
673 1927 838 2018 speciales
874 1949 977 2018 agros
1013 1935 1049 2000 ot
1075 1935 1195 2020 prata,
1221 1950 1286 2020 pro
1313 1950 1376 2001 sno
1403 1930 1546 2021 praadIo
1573 1935 1610 2003 et
1636 1931 1848 2003 necessitate.

300 2048 388 2120 Item
415 2056 469 2120 est
495 2049 544 2121 ibi
564 2070 660 2119 unns
685 2048 807 2120 laneus
834 2051 993 2141 scolteti.
1007 2050 1067 2140 qui
1094 2051 1291 2142 mandatus,
1319 2052 1424 2127 solvit
1449 2072 1513 2143 pro
1540 2050 1685 2143 scolteto
1704 2056 1850 2142 quatuor

300 2191 443 2260 marcas,
471 2175 507 2240 et
532 2189 596 2259 pro
623 2170 771 2267 plebano
799 2170 954 2264 quintam
980 2192 1142 2243 marcam.
1167 2171 1254 2244 Item
1282 2172 1449 2263 plebanus
1476 2173 1656 2245 consuerit
1680 2172 1849 2243 arendare

299 2311 428 2382 pascua
453 2312 517 2381 pro
544 2291 665 2380 bobus,
692 2295 727 2362 et
754 2312 776 2361 a
802 2291 957 2382 quolibet
981 2293 1069 2363 bove
1097 2293 1222 2384 occipit
1247 2313 1309 2365 sex
1336 2293 1497 2379 denarios
1511 2313 1587 2384 -pro
1611 2298 1765 2383 pastura

403 2411 539 2482 Parva
566 2410 810 2497 Ponrunuru,
838 2412 922 2515 villa
948 2413 1012 2483 snb
1039 2414 1205 2503 parochia
1232 2406 1614 2521 dePobyedn'yky
1639 2412 1728 2503 sita,
1754 2413 1849 2485 onius

299 2534 496 2624 proprietas
523 2532 567 2603 ad
593 2531 759 2603 moniales
785 2532 1076 2625 Zwycrnynenses
1094 2535 1255 2624 pertinet:
1281 2534 1322 2606 In
1341 2555 1410 2625 qna
1426 2539 1507 2607 sunt
1525 2538 1603 2607 octo
1619 2532 1849 2621 hortulaniae

299 2660 336 2725 et
363 2653 538 2743 quaelibet
573 2652 677 2724 solvit
712 2652 878 2725 decimam
914 2654 1164 2744 manipularem
1200 2674 1263 2744 pro
1290 2654 1439 2745 plebano
1465 2655 1501 2725 in
1527 2653 1849 2751 Pobyednykp.

298 2774 388 2847 Item
416 2775 522 2845 habet
549 2773 597 2845 ibi
623 2773 791 2863 plebanus
817 2794 921 2845 unam
948 2775 1182 2846 hortulauiam
1209 2796 1273 2866 pro
1301 2796 1364 2847 sna
1389 2776 1613 2867 proprietate,
1632 2774 1848 2867 dequasol-

299 2896 395 2968 uitur
423 2895 490 2966 sibi
516 2914 605 2965 unus
632 2893 721 2965 ferto
748 2914 812 2984 pro
840 2900 1132 2986 commoturus
1160 2895 1233 2968 dios
1261 2897 1297 2967 in
1324 2897 1517 2987 septimana
1541 2895 1733 2977 laboratur.

400 3015 675 3106 Waoznurczn,
702 3015 787 3087 villa
823 3016 886 3095 sub
922 3017 1088 3106 parochia
1121 3016 1165 3088 de
1190 3015 1474 3108 Pobyednyk
1482 3039 1505 3108 y
1531 3018 1618 3107 sita,
1645 3016 1744 3089 cuius
1770 3037 1848 3107 pro

297 3137 430 3228 prietes
457 3136 501 3207 ad
528 3137 776 3208 monasterinm
802 3136 1020 3226 Mogilncnse
1047 3137 1210 3228 pertiuet.
1237 3137 1276 3208 In
1297 3158 1365 3228 qua
1382 3143 1464 3211 sunt
1481 3142 1630 3228 quotuor
1647 3137 1742 3209 lanei
1760 3130 1848 3210 crue-

296 3258 455 3329 thonales
491 3258 598 3347 largi,
615 3257 710 3328 item
746 3278 816 3333 una
851 3258 998 3329 taberna
1033 3257 1165 3329 habens
1192 3278 1313 3349 agros,
1340 3259 1425 3335 item
1453 3264 1603 3349 quatuor
1627 3256 1848 3342 hortulanIae

296 3378 464 3449 habentes
491 3398 604 3467 agros,
631 3382 667 3448 et
685 3376 727 3449 de
747 3378 904 3449 omuibus
922 3378 1115 3449 decimatur
1132 3378 1313 3473 manipulo
1326 3378 1490 3451 ecclesiae
1507 3358 1544 3450 in
1560 3377 1849 3471 Pobyednykp,

297 3504 334 3569 et
369 3498 467 3568 valor
502 3497 653 3568 decimae
689 3498 891 3569 aestimatur
927 3498 971 3569 ad
999 3498 1180 3570 duodecim
1205 3518 1350 3571 marcas.
1385 3500 1486 3572 Item¹
1500 3504 1556 3593 est
1581 3499 1635 3577 ¹ibi
1665 3499 1847 3599 praedium

297 3618 504 3708 coenobiale,
532 3617 574 3688 de
602 3619 699 3688 cuius
726 3619 820 3709 agris
847 3620 1093 3690 monasterinm
1120 3639 1183 3709 pro
1211 3640 1248 3692 se
1275 3620 1368 3710 capit
1395 3619 1597 3693 decimam..

319 3758 322 3763 ·
401 3739 655 3828 Msczauczru,
682 3740 765 3810 villa
790 3740 853 3811 sub
880 3740 1047 3830 parochia
1066 3741 1108 3811 de
1135 3740 1451 3833 Pobyednpky
1478 3742 1555 3832 sita,
1573 3742 1671 3813 cuius
1689 3741 1846 3832 proprie·

295 3865 351 3932 tas
378 3861 421 3932 ad
449 3860 696 3932 monasterium
722 3859 989 3952 Myechovieuse
1016 3862 1176 3951 pertiuet.
1203 3862 1242 3932 In
1271 3882 1340 3952 qua
1364 3868 1449 3945 sunt
1471 3862 1563 3945 lanei
1580 3862 1785 3948 indistincti,
1804 3862 1846 3933 de

297 3981 421 4071 quibus
449 3981 607 4052 omnibus
634 3980 781 4052 solvitur
807 3985 842 4052 et
868 3981 1073 4053 conducitur
1099 3983 1232 4054 decima
1249 3982 1474 4075 manipularis
1492 3988 1528 4055 ct
1545 3982 1721 4073 canapalis
1738 3981 1845 4053 eccle·

295 4103 367 4175 siae
393 4102 429 4174 in
456 4102 780 4193 Pobyednyky,
806 4103 905 4175 cuius
930 4102 1028 4174 valor
1055 4103 1259 4183 aestImatur
1285 4103 1330 4174 ad
1357 4109 1506 4203 quatuor
1532 4123 1675 4193 marcas

402 4224 689 4312 Bornunzmnn‚
715 4222 799 4294 villa
824 4224 887 4295 sub
915 4223 1083 4313 parochia
1108 4223 1151 4295 da
1169 4222 1408 4315 Igolomya
1433 4224 1511 4315 sita
1530 4224 1627 4297 cuins
1644 4223 1843 4321 proprietas

296 4343 340 4415 ad
366 4342 560 4414 Iohannem
587 4343 849 4415 Bothnern
863 4345 945 4435 sky
971 4344 1249 4416 archidiaconum
1277 4343 1529 4417 Sandecensem
1555 4351 1592 4416 et
1617 4343 1746 4433 matres
1765 4365 1844 4417 snos

296 4463 339 4535 dc
375 4463 476 4535 domo
512 4463 765 4554 Vschewya
799 4466 959 4556 pertinet.
998 4465 1039 4535 In
1079 4486 1148 4556 qna
1182 4471 1238 4537 est
1272 4465 1452 4556 praedium
1478 4465 1647 4558 militare,
1674 4465 1719 4538 dc
1746 4466 1843 4537 culus

223 4592 227 4599 '
295 4583 430 4656 dnobus
465 4585 574 4655 laneis
602 4583 749 4657 solvitur
776 4584 908 4657 decima
934 4586 1158 4676 manipularis
1184 4592 1221 4657 ct
1248 4586 1513 4679 campalis-..pro
1540 4586 1685 4659 ecclesia
1703 4590 1746 4659 et
1772 4586 1844 4677 ple-

293 4706 385 4778 bano
413 4706 448 4776 iu
477 4704 804 4798 Pobyednyky,
831 4711 866 4778 ot
891 4707 990 4778 valor
1017 4709 1092 4778 eius
1119 4708 1323 4781 aestimatur
1349 4706 1394 4779 ad
1421 4706 1515 4783 (luas¹
1533 4728 1676 4781 marcas.

915 4827 1228 4900 Pnoscuowrczn.

396 4948 569 5040 Oppidum
606 4948 737 5020 habens
773 4948 809 5019 in
845 4968 882 5020 se
917 4949 1150 5039 parochialem
1185 4948 1365 5023 ccclesIam
1400 4949 1509 5021 latere
1534 4954 1634 5022 ¹cocto
1659 4954 1843 5043 muratam,

292 5070 438 5143 Sanctae
472 5070 608 5142 Mariae
644 5069 883 5160 Assumptioui
919 5076 955 5140 et
989 5068 1116 5141 Sancto
1150 5068 1302 5142 iohanni
1338 5070 1518 5161 Baptistae
1550 5070 1718 5163 dIcatam,
1746 5071 1843 5143 culus

291 5193 488 5283 proprietas
515 5192 559 5262 ad
595 5192 851 5262 serenissimum
878 5190 1041 5261 Poloniae
1068 5211 1185 5281 regem
1212 5191 1372 5280 pertinet
1407 5191 1448 5262 In
1474 5192 1541 5281 qud
1569 5197 1651 5287 snut
1677 5198 1843 5285 quatuor-

292 5312 401 5384 decIm
428 5313 519 5383 lanei
546 5308 804 5402 oppidanorum,
831 5312 916 5383 item
942 5333 1048 5382 unum
1074 5311 1253 5401 praedium
1280 5312 1431 5404 reglum,
1459 5311 1503 5383 de
1530 5313 1654 5403 quibus
1681 5315 1841 5386 omnibus

292 5432 439 5505 solvitur
474 5439 510 5503 et
538 5433 741 5504 conducitur
768 5431 900 5503 decima
926 5433 1151 5522 manipularis
1179 5439 1215 5505 ot
1241 5418 1417 5523 canapalis
1442 5436 1506 5523 pro
1533 5433 1679 5517 ecclesia
1705 5435 1842 5535 eteius

291 5553 439 5645 plebano
472 5555 507 5623 iu
535 5553 917 5644 Proschowycze‚
944 5559 980 5625 ct
1007 5554 1104 5626 valor
1131 5555 1205 5625 eius
1232 5555 1437 5625 aestImatur
1463 5553 1508 5626 ad
1535 5554 1681 5627 sedecim
1707 5576 1842 5643 marcas

291 5680 328 5746 et
353 5675 440 5766 plus.
468 5675 554 5744 Item
582 5674 749 5763 plebanus
777 5680 813 5745 ot
840 5674 985 5745 ecclesia
1010 5675 1117 5775 habet
1144 5674 1193 5746 ibi
1219 5658 1280 5747 sex
1307 5673 1427 5767 domos
1445 5675 1482 5746 in
1500 5675 1637 5766 oppido,
1655 5675 1698 5747 da
1716 5677 1842 5767 quibus

291 5797 358 5867 sibi
393 5817 457 5886 pro
494 5817 599 5866 censu
635 5795 783 5866 solvitur
818 5795 860 5866 do
896 5795 1050 5885 quolibet
1078 5816 1140 5884 por
1166 5816 1288 5867 novem
1317 5800 1447 5867 scottos
1474 5795 1519 5867 ad
1546 5794 1713 5886 quartale.
1752 5796 1841 5870 Item

289 5917 397 5989 habet
431 5917 480 6015 ibi
515 5917 684 6007 plebanus
720 5938 825 5987 nuum
860 5921 997 6006 pratum
1034 5915 1214 6006 proprium
1241 5922 1277 5986 et
1302 5915 1469 6007 liborum;
1495 5936 1565 5996 non
1590 5916 1699 5989 habet
1723 5923 1839 5989 tamen

290 6057 411 6127 agros,
439 6038 499 6109 sod
535 6039 671 6110 hortum
709 6059 786 6110 cum
821 6037 965 6109 allodio:
1001 6037 1084 6108 item
1117 6036 1284 6127 plebanus
1311 6038 1420 6110 habet
1446 6037 1733 6111 columbationcnr
1760 6044 1842 6131 post

290 6157 486 6248 serviles,
514 6163 550 6229 et
576 6160 651 6229 eius
677 6159 798 6230 vicarii
825 6164 905 6249 post
933 6164 1091 6248 quatuor.

394 6277 659 6369 senuerimus,
687 6279 770 6350 uilla
805 6279 868 6350 sub
904 6278 1069 6369 parochia
1104 6276 1268 6361 ecclesiae
1299 6278 1343 6350 de
1370 6278 1736 6371 Proschouycze
1764 6280 1840 6373 sita,

290 6399 387 6470 cuius
421 6399 590 6471 haeredes
626 6397 899 6491 Pyelgruym
940 6401 982 6471 de
1022 6399 1128 6470 armis
1164 6399 1318 6471 Nabra
1353 6400 1439 6470 alias
1475 6399 1703 6493 Waldorf,
1737 6400 1840 6474 Joco

291 6518 358 6599 bus
392 6518 511 6593 Kola
545 6520 588 6595 de
623 6519 1051 6617 Woiczeclrouyczo
1087 6527 1123 6593 ct
1158 6518 1335 6593 Johaunes
1370 6510 1623 6615 Nyemstlra
1657 6521 1701 6595 de
1737 6522 1839 6599 domo
