4200 8342
1730 1634 1805 1706 289

252 1829 361 1901 nobili
396 1827 596 1920 Helvigo
632 1830 675 1902 de
710 1831 993 1923 Besdzedza,
1029 1834 1156 1906 coemit
1192 1833 1283 1924 apud
1325 1855 1402 1907 eum
1439 1836 1634 1926 quindecim
1669 1861 1805 1912 marcas

253 1970 385 2041 census,
411 1955 449 2022 et
474 1949 553 2022 illas
580 1951 831 2044 prpebendario
857 1959 895 2024 et
920 1954 1139 2043 praebendae
1166 1955 1201 2024 in
1220 1955 1490 2028 Besdzedza
1516 1958 1751 2050 incorporavit
1769 1969 1806 2034 et

252 2071 499 2162 appropriavit.
526 2069 661 2144 Coemit
686 2078 723 2143 et
750 2095 855 2144 unum
881 2074 1028 2164 laneum,
1056 2075 1099 2146 ad
1126 2075 1306 2164 praedium
1326 2076 1408 2148 dicti
1428 2077 1617 2169 Helvigi
1645 2081 1804 2153 haeredis

251 2193 294 2264 de
323 2191 592 2264 Bcsdzedza
617 2193 859 2284 pertinentem,
885 2200 922 2266 et
948 2194 1045 2266 illum
1064 2196 1167 2266 etiam
1187 2197 1300 2268 dictae
1318 2198 1537 2287 praebendae
1556 2201 1799 2293 incorporavit,

252 2313 294 2384 de
323 2336 391 2406 quo
417 2320 457 2386 et
483 2314 576 2387 solus
603 2312 875 2404 praebendarius
901 2315 1068 2388 decimam
1097 2317 1254 2407 percipit,
1273 2318 1417 2388 ecclesia
1429 2320 1625 2407 parochiali
1642 2323 1676 2392 in
1697 2325 1800 2394 Bes·

252 2435 426 2508 dzedaa
452 2435 621 2526 spoliata3
648 2435 833 2526 obligando
860 2437 1048 2528 quemlibet
1075 2438 1189 2532 dictae
1215 2437 1433 2528 praebendae
1452 2441 1751 2534 praebendarium,
1769 2451 1805 2516 et

253 2559 288 2630 id
315 2556 508 2648 privilegiis
543 2562 580 2628 et
614 2556 833 2630 mnhouibus
869 2558 1085 2649 roborando,
1106 2558 1157 2632 ¹ad
1192 2563 1308 2632 certas
1344 2561 1467 2632 missas
1494 2566 1530 2632 et
1557 2563 1741 2654 psalteria,
1769 2570 1804 2635 et

253 2679 298 2752 ad
324 2679 461 2770 vigilias
487 2678 662 2769 legendas.
689 2675 795 2752 Cuius
813 2700 906 2751 nuuc
931 2685 985 2752 est
1011 2679 1285 2770 praebendarius
1313 2682 1477 2772 magister
1503 2681 1713 2756 Laurentius
1742 2737 1749 2756 .
1777 2739 1784 2754 .

932 3041 1124 3114 Zvvvvscu.

353 3161 526 3252 Oppidum
561 3161 693 3234 habens
730 3137 765 3232 in
792 3181 830 3234 se
857 3161 1090 3254 parochialem
1116 3162 1316 3253 ecelesiam,
1343 3163 1449 3238 Sanct
1476 3218 1678 3256 .......
1705 3169 1801 3239 euius

250 3284 372 3355 haeres
408 3282 534 3360 Petrus
568 3283 972 3373 Komorovvskyde
1007 3284 1109 3356 domo
1145 3281 1381 3378 (liliorum,
1421 3284 1462 3356 In
1498 3307 1565 3376 quo
1602 3293 1684 3360 suut
1710 3288 1800 3361 lanei

251 3405 493 3495 emethonales,
519 3405 563 3476 de
589 3405 715 3496 quibus
741 3405 874 3476 decima
898 3427 921 3476 a
945 3405 1123 3495 primaeva
1149 3403 1352 3478 fundatione
1369 3406 1533 3479 ecclesiae
1552 3406 1801 3500 Gracoviensis

250 3528 451 3599 solvebatur
487 3526 694 3598 scholastico
721 3525 961 3617 cracoviensi,
988 3527 1033 3600 ob
1062 3526 1371 3618 sequestrationem
1399 3547 1483 3600 vero
1510 3529 1609 3618 regui
1637 3528 1801 3602 Poloniae

250 3654 286 3720 et
319 3667 493 3739 gwerras,
528 3647 671 3719 decimis
705 3647 893 3737 mutilatis,
920 3646 1102 3720 solvuntur
1137 3647 1321 3744 pecuniae,
1347 3653 1384 3722 et
1415 3647 1608 3738 praelat-mn
1637 3629 1800 3740 oppidum

248 3770 354 3842 solvit
379 3789 501 3841 novem
528 3769 667 3841 seothos
692 3768 842 3846 latorum
867 3788 1079 3857 grossorum,
1106 3790 1175 3842 una
1201 3789 1278 3840 eum
1306 3769 1380 3842 vieo
1408 3767 1687 3860 Sporzysch:
1716 3772 1800 3844 item

249 3891 373 3962 tabern
399 3944 408 3958 .
434 3943 443 3958 .
471 3943 478 3959 .
505 3888 589 3959 item
615 3888 791 3962 hortulani
817 3942 826 3958 .
853 3941 861 3958 .
888 3941 917 3977 .,
952 3889 1036 3960 item
1063 3889 1241 3980 praedium
1268 3943 1276 3958 .
1303 3942 1311 3958 .
1338 3912 1361 3977 .;
1387 3889 1471 3961 item
1498 3890 1642 3962 ecelesia
1667 3896 1703 3964 ct
1728 3892 1800 3982 ple-

248 4012 358 4083 banus
383 4009 491 4081 habet
516 4009 566 4080 ibi
592 4009 752 4099 proprios
777 4028 882 4098 agros
908 4013 946 4081 et
960 4012 1083 4099 prata,
1110 4029 1173 4098 pro
1200 4029 1264 4081 suo
1291 4030 1358 4082 usu
1384 4013 1420 4080 et
1446 4010 1661 4082 necessitate.

351 4129 528 4211 humens
553 4129 746 4219 Zvvvracz,
773 4117 856 4201 villa
881 4128 949 4202 sub.
971 4129 1137 4220 parochia
1163 4127 1206 4202 de
1232 4128 1449 4220 Zywyeez
1477 4129 1554 4220 sita,
1574 4130 1669 4202 cuius
1689 4130 1797 4202 domi-

249 4253 343 4324 nium
379 4251 531 4341 pertinet
565 4249 610 4322 ad
645 4249 840 4341 praelatum
874 4249 1017 4326 Petrum
1052 4249 1394 4343 Komorovvskp.
1429 4250 1469 4322 In
1498 4272 1569 4342 qua
1600 4257 1681 4324 sunt
1707 4252 1798 4324 lanei

249 4371 500 4461 emethonales,
527 4371 570 4443 de
597 4371 722 4463 quibus
758 4371 917 4445 omnibus
953 4371 1077 4462 datur,
1103 4369 1263 4464 darique-
1283 4371 1388 4446 debet
1414 4371 1556 4450 decima¹
1569 4372 1799 4464 manipularis

247 4514 311 4585 pro
337 4491 546 4566 scholastria
571 4489 803 4583 cracoviensi,
830 4493 927 4566 euius
953 4493 1059 4566 etiarn
1086 4495 1263 4588 perceptio
1290 4494 1326 4566 in
1345 4493 1530 4585 manipulis
1548 4493 1726 4567 abstracta
1744 4499 1798 4566 est

215 4675 218 4680 ,
252 4637 274 4686 a
299 4614 524 4704 scholastria,
550 4617 587 4686 et
611 4613 745 4686 incolae
780 4613 849 4686 sibi
874 4634 951 4687 eam
978 4614 1126 4706 quilibet
1152 4615 1201 4688 de
1223 4635 1285 4688 sno
1312 4635 1397 4706 agro
1424 4614 1638 4706 percipiunt,
1665 4621 1702 4686 et
1728 4614 1796 4688 sol-

250 4741 334 4810 vunt
360 4733 545 4808 summarie
571 4754 635 4825 pro
661 4733 723 4806 illa
749 4733 957 4816 scholastico
975 4732 1197 4809 Gracoviensi
1217 4734 1479 4827 quatuordeeim
1497 4740 1629 4808 scottos
1646 4735 1797 4807 latorum

249 4876 449 4946 grossorum
474 4853 711 4946 Pragensinm.

349 4976 556 5066 meracas,
582 4975 669 5048 villa
694 4975 759 5047 sub
785 4976 951 5066 parochia
976 4973 1020 5048 de
1046 4975 1075 5046 Z
1082 4995 1263 5067 ynyecz
1290 4974 1367 5065 sita,
1395 4973 1492 5046 cuins
1518 4972 1641 5045 haeres
1668 4971 1794 5045 Petrus

247 5097 573 5188 Komorowsky
600 5094 785 5186 praelatus.
811 5094 852 5168 In
880 5115 949 5186 qua
973 5102 1055 5168 sunt
1081 5096 1173 5168 lanei
1201 5093 1443 5186 emethonales,
1470 5094 1513 5167 de
1541 5093 1667 5186 quibus¹
1684 5095 1794 5165 omui-

247 5219 311 5290 bus
337 5217 459 5307 datur,
485 5216 629 5309 darique
665 5216 769 5289 debet
804 5214 938 5289 decima
971 5215 1198 5306 manipularis
1234 5237 1297 5308 pro
1324 5215 1531 5288 scholastria
1556 5213 1797 5305 cracoviensi3

247 5341 343 5412 cuius
378 5339 485 5412 etiam
518 5338 697 5430 perceptio
723 5338 768 5410 in
802 5337 988 5429 manipulis
1018 5338 1196 5410 abstracta
1221 5344 1276 5410 est
1303 5357 1325 5410 a
1350 5337 1572 5428 scholastria,
1599 5339 1636 5410 et
1662 5336 1795 5410 incolae

246 5459 313 5532 soli
348 5459 443 5532 illam
478 5459 624 5550 quilibet
658 5459 701 5532 de
737 5481 823 5552 agro
859 5480 922 5532 suo
955 5458 1170 5550 percipiunt,
1197 5465 1234 5532 et
1259 5458 1397 5532 solvunt
1423 5458 1618 5532 summatim
1645 5478 1709 5549 pro
1736 5457 1796 5528 illa

245 5581 450 5654 scholastico
476 5579 624 5654 mediam
651 5601 803 5656 marcam
828 5581 979 5654 latorum
1003 5601 1214 5672 grossorum.

348 5679 557 5793 Czsczvun,
585 5701 668 5774 villa
693 5703 757 5775 sub
786 5703 951 5793 parochia
975 5701 1019 5774 de
1045 5701 1074 5772 Z
1081 5723 1262 5794 ywyecz
1289 5702 1366 5792 sita,
1393 5701 1490 5774 cuius
1517 5700 1641 5770 haeres
1667 5695 1793 5768 Petrus

244 5822 576 5914 Komorouslry
602 5821 789 5914 praelatus.
815 5823 854 5894 In
881 5841 950 5915 qna
975 5826 1058 5895 snut
1083 5822 1176 5895 lanei
1203 5821 1445 5910 emethonales,
1472 5820 1515 5890 de
1543 5817 1666 5909 quibus
1684 5816 1794 5888 omni-

245 5943 311 6038 bns
336 5943 458 6034 datur,
485 5943 630 6032 darique
656 5941 777 6033 debet,
804 5942 937 6016 decima
960 5941 1188 6034 manipularis
1215 5941 1439 6014 scholastriae
1467 5936 1705 6025 ermonense
1732 5956 1794 6027 per

245 6064 391 6138 abusum
424 6069 542 6136 tamen
577 6068 615 6135 et
640 6062 886 6154 negligentiam
920 6063 1207 6137 scholasticorum
1235 6064 1289 6134 est
1315 6061 1351 6131 in
1377 6057 1590 6150 pecunialem
1617 6076 1792 6148 conversa,
1915 6065 1919 6072 “

244 6191 282 6259 et
307 6186 413 6261 solvit
438 6185 539 6258 annis
565 6183 711 6275 ungulis
737 6183 942 6256 scholastico
969 6237 978 6254 .
1004 6237 1013 6254 .
1039 6237 1048 6256 .

349 6305 536 6378 Wrarazr
562 6303 811 6397 umor,‘viHa
835 6303 900 6377 sub
926 6304 1093 6394 parochia
1119 6303 1162 6376 de
1188 6301 1405 6395 Zyuyecz
1432 6299 1519 6392 sita,
1545 6298 1643 6373 cuius
1668 6298 1792 6372 haeres

245 6429 337 6502 idem
361 6427 489 6502 Petrus
514 6425 850 6517 Komororvslvy.
875 6425 917 6496 In
939 6443 1009 6516 qua
1025 6430 1109 6497 sunt
1126 6423 1218 6496 lanei
1235 6423 1469 6498 emethonales
1495 6421 1539 6502 de
1558 6421 1682 6512 quibus
1700 6419 1793 6492 deei-

244 6569 301 6622 ma
333 6549 578 6650 manipularis,
612 6548 838 6642 aprimaeva
870 6543 1074 6624 laudatione
1108 6543 1274 6620 eeclesiae
1309 6543 1564 6635 Graeoviensis,
1592 6542 1792 6616 solvebatur

347 6717 395 6761 aaa
411 6717 510 6759 nonme.
522 6717 553 6760 n.
1586 6692 1622 6742 ³7
