4200 8342
949 1851 1207 1935 Kounczrczn.

902 2334 1215 2405 bnsznmnzm

299 2482 301 2486 ·
406 2454 501 2528 Villa
526 2454 659 2526 habens
685 2455 721 2524 in
748 2475 786 2525 se
813 2454 1043 2544 parochialem
1071 2454 1260 2542 ecclesiam,
1287 2452 1433 2525 Sanctae
1460 2454 1633 2525 Trinitati-
1651 2461 1687 2525 et
1704 2453 1853 2526 Sanctae

302 2575 543 2667 Margaritbae
571 2576 729 2664 dicatam,
756 2580 792 2645 et
817 2596 880 2665 per
905 2575 1149 2665 Helrigum
1176 2575 1361 2645 haeredem
1389 2574 1431 2645 de
1458 2574 1604 2663 ibidem,
1631 2574 1781 2645 nobilem
1809 2574 1852 2645 de

304 2697 414 2802 dpmp
432 2694 683 2787 Grzymala,
710 2702 892 2786 muratam,
917 2696 1016 2767 turri·
1035 2701 1072 2767 et
1098 2696 1305 2767 coemeterio
1324 2694 1368 2765 de
1384 2694 1500 2784 lapide
1517 2714 1582 2783 per
1600 2713 1678 2765 eum
1696 2695 1851 2784 impenso

306 2797 343 2888 'e‘t
367 2799 536 2889 lubricam
573 2817 840 2905 circumdatam
876 2817 936 2908 qui
962 2815 1192 2906 Helrigus
1224 2815 1316 2887 illius
1342 2816 1445 2887 villae
1471 2821 1509 2886 et
1534 2815 1700 2887 ecclesiae
1726 2816 1851 2887 haeres

302 2939 423 3009 unicus
450 2944 485 3009 et
512 2943 679 3028 patronus
715 2936 788 3009 luit.
824 2938 865 3009 ln
893 2958 961 3027 qua
989 2942 1071 3008 sunt
1096 2936 1189 3007 lanei
1216 2936 1470 3025 cmetbonales,
1496 2937 1580 3007 item
1606 2957 1676 3006 uua
1701 2937 1850 3008 taberna

214 3050 217 3053 ’
302 3060 433 3132 babens
468 3081 588 3150 agros,
615 3060 697 3129 item
732 3058 911 3148 praedium
948 3059 1086 3129 iunicum
1121 3057 1271 3128 militare
1299 3063 1354 3128 est
1379 3058 1446 3145 ibi,
1473 3057 1517 3127 de
1543 3058 1675 3147 quinos.
1693 3058 1853 3129 omnibus

303 3181 451 3253 soluitur
477 3187 513 3250 et
538 3179 741 3252 conducitur
772 3178 906 3249 decima
932 3171 1222 3267 manipularisbet
1247 3177 1423 3267 canapalis
1449 3177 1614 3248 ecelesiae
1640 3183 1678 3249 et
1704 3177 1852 3268 plebano

303 3302 339 3374 in
366 3300 699 3391 Reszdzyedza,
726 3300 823 3369 cuius
849 3299 949 3370 valor
976 3298 1180 3369 aestimatur
1207 3298 1252 3368 ad
1279 3296 1428 3383 sedecim
1455 3315 1608 3386 marcas3
1635 3299 1719 3370 item
1744 3299 1854 3370 eccle·

304 3423 356 3491 sio
381 3421 489 3493 habet
523 3408 573 3492 ibi
610 3440 713 3510 agros
739 3425 776 3490 et
802 3424 920 3509 prata,
947 3420 1029 3489 item
1056 3418 1164 3490 habet
1188 3406 1348 3489 ecclesia‘
1358 3424 1396 3491 et
1421 3423 1496 3489 tres
1523 3418 1729 3509 piscinulus;
1756 3420 1853 3491 cuius

305 3562 395 3612 nuuc
421 3541 588 3631 plebanus
607 3540 770 3611 Nicolaus
797 3538 840 3610 de
865 3538 1100 3610 Poznania
1126 3538 1318 3629 presbyter.
1346 3538 1459 3610 Villae
1486 3540 1720 3629 parochiales:
1747 3539 1851 3612 Bes-

307 3662 520 3753 dzyedza,
546 3660 857 3749 Beszdzadka,
884 3659 1072 3748 Sowina,
1098 3659 1334 3740 Lublicza.

409 3783 674 3872 Basnzrsnnn,
700 3781 784 3852 villa
810 3781 874 3853 sub
901 3781 1067 3871 parochia
1093 3780 1137 3851 de
1163 3778 1491 3871 Baszdzye'dza
1516 3781 1594 3871 sita,
1612 3782 1710 3853 cuius
1727 3783 1853 3854 haeres

305 3904 532 3994 Helvigus
568 3902 611 3974 de
638 3902 967 3992 Beszdzyedza
992 3902 1035 3973 de
1062 3903 1168 3973 armis
1196 3900 1450 3994 Grzymala.
1486 3903 1531 3972 ln
1558 3908 1735 3993 qua-sunt
1760 3903 1852 3975 lanei

234 4006 237 4013 ’
306 4025 556 4114 cmetbonaleS,
594 4024 637 4096 de
675 4024 799 4115 quibus
835 4024 992 4095 omnibus
1027 4024 1174 4095 solvitur
1209 4023 1342 4094 decima
1376 4024 1601 4113 manipularis
1628 4025 1792 4095 ecclesiae
1818 4025 1855 4095 in

304 4146 641 4236 Beszdzyedza,
668 4150 808 4236 praeter
834 4165 963 4234 paucos
989 4166 1104 4234 agros,
1131 4146 1191 4234 qui
1216 4144 1478 4237 Zagumnye
1505 4151 1682 4234 vocantur,
1709 4166 1751 4216 ex
1779 4145 1854 4235 qni-
1984 4225 1986 4229 ,

304 4269 368 4338 bus
395 4267 529 4337 tollitur
557 4266 689 4338 decima
715 4265 759 4338 ad
786 4265 1065 4336 Praeczicza
1091 4265 1209 4337 villam
1235 4263 1389 4356 episcopi
1416 4263 1665 4355 cracoviensis,
1691 4273 1727 4338 et
1755 4266 1882 4337 valm.

306 4386 456 4457 decimae
483 4387 686 4458 aestimatur
713 4385 757 4456 ad
783 4405 913 4457 novem·
934 4404 1078 4457 marcas.
1659 4381 1662 4386 ’

410 4506 621 4603 Lunbuczs,
648 4506 730 4577 villa
757 4506 820 4578 sub
847 4506 1011 4595 parocbia
1037 4506 1203 4577 ecclesiae
1229 4506 1273 4577 de
1300 4505 1628 4598 Beszdzyedza
1652 4508 1730 4597 sita,
1752 4508 1855 4580 euius

305 4627 429 4708 haeres
456 4625 685 4716 Helrigus
711 4626 755 4698 de
781 4624 1114 4716 Beszczyecza.
1141 4626 1180 4697 ln
1209 4648 1278 4716 qna
1303 4633 1386 4699 sunt
1412 4648 1473 4725 ser
1500 4627 1854 4717 laneicmetbonales,

305 4753 342 4818 et
367 4747 514 4845 quilibet
539 4746 676 4818 cmetbo
702 4744 746 4817 de
772 4746 873 4818 laneo
899 4750 1038 4817 tenetur
1064 4744 1149 4818 dare
1175 4747 1323 4836 plebano
1341 4748 1376 4819 in
1395 4747 1724 4839 Beszdzyedza
1749 4768 1855 4820 unum

190 4908 195 4923 ι
304 4869 447 4940 charum
474 4867 631 4957 siliginis,
657 4887 762 4937 unum
789 4887 929 4956 avenae,
955 4888 1060 4938 unum
1086 4888 1252 4957 grossum·
1273 4889 1337 4958 pro
1363 4889 1468 4941 censu
1483 4870 1550 4959 ¹qui
1568 4866 1856 4960 vueaelmcappel·

304 4987 415 5076 latur3
442 4988 526 5059 item
552 4988 752 5059 cmetbones
779 4986 932 5059 eiusdem
960 4987 1076 5059 villae<
1090 4988 1219 5061 millam
1246 4988 1331 5061 dant
1357 4989 1534 5079 decimam,
1560 5010 1672 5080 neque
1698 4989 1855 5078 manipu-
1989 5049 1991 5054 .

304 5109 422 5197 larem,
449 5129 560 5198 neque
586 5108 809 5198 pecunialem.

408 5227 579 5317 Souras,
606 5226 689 5297 villa
715 5229 780 5301 sub
807 5228 972 5317 parochia
998 5228 1164 5301 ecclesiae
1190 5229 1233 5301 de
1260 5227 1575 5319 Beszdzedza,
1601 5228 1700 5300 cuius
1728 5231 1852 5302 haeres

305 5347 556 5437 Helvigius
583 5346 627 5417 de
654 5347 989 5438 Beszdzyedaa.
1016 5349 1058 5420 ln
1084 5369 1153 5439 qua
1178 5353 1262 5421 suut
1286 5349 1377 5421 lanei
1404 5349 1649 5440 cmetbonales
1675 5350 1758 5422 item
1787 5371 1858 5422 una

306 5466 464 5539 scoltetia
488 5467 621 5537 habens
647 5488 769 5558 agroS,
796 5469 839 5541 de
866 5470 990 5559 quibus
1026 5470 1203 5559 omnibus,
1230 5490 1348 5541 omnes
1375 5471 1574 5542 cmetbones
1601 5476 1742 5542 etcum
1768 5472 1857 5543 scol

161 5645 165 5654 .
305 5592 399 5676 teto,
426 5586 571 5677 singulis
606 5587 707 5658 annis
741 5592 907 5661 tenentur
941 5589 1025 5662 dare
1060 5590 1208 5681 plebano
1235 5590 1272 5661 in
1299 5590 1613 5680 Bcszdzedza,
1639 5592 1675 5662 in
1702 5592 1857 5682 pecuniis

304 5728 368 5797 pro
395 5706 627 5780 decimatrus
653 5727 730 5779 cum
757 5709 871 5782 media
895 5730 1041 5800 marcas,
1067 5710 1181 5782 minus
1207 5709 1341 5784 duobus
1367 5711 1509 5801 grossis.

408 5826 678 5918 honowucza,
705 5828 789 5901 villa
815 5830 879 5902 sub
906 5831 1073 5922 parochia
1098 5829 1142 5902 de
1156 5829 1392 5923 Bessczye
1418 5832 1495 5922 sita,
1513 5830 1613 5904 cuius
1630 5819 1784 5904 baares.
1813 5886 1820 5902 .
1849 5888 1857 5904 .

306 5949 341 6018 in
361 5968 430 6038 qua
447 5953 529 6021 sunt
545 5948 639 6021 lanei
665 5950 910 6040 cmetbonales,
936 5951 1021 6023 item
1047 5951 1205 6042 taberna,
1222 5950 1305 6023 item
1322 5950 1553 6040 hortulaniae,
1569 5950 1653 6022 item
1671 5952 1854 6041 praedium

307 6088 411 6138 unum
438 6070 596 6160 militare,
623 6069 667 6142 de
693 6092 762 6162 quo
789 6070 938 6144 solvitur
963 6070 1098 6144 decima
1122 6072 1348 6164 manipularis
1374 6074 1410 6144 in
1428 6071 1724 6145 Bessdzedza
1749 6073 1859 6144 ecclc·

306 6188 388 6277 siae,
415 6193 451 6259 et
476 6190 574 6261 valor
591 6191 665 6263 eius
692 6192 896 6265 aestimatur
922 6190 967 6265 ad
994 6196 1069 6266 tres
1094 6208 1240 6284 mareas,
1266 6194 1400 6269 ratione
1418 6193 1516 6267 cuius
1533 6190 1712 6284 praefatus
1729 6193 1857 6267 nobilis

307 6356 314 6371 ·
343 6314 454 6381 ..est
479 6316 649 6400 patronus
675 6310 840 6385 ecclesiae
866 6314 903 6385 in
929 6312 1234 6386 Beszdzedza.
1944 6395 1964 6406 ,-

409 6428 616 6502 Praebenda
642 6431 678 6502 in
705 6431 1004 6526 Besdzyedza
1030 6435 1067 6507 in
1092 6436 1261 6509 bonorem
1289 6433 1394 6505 Sanct
1412 6487 1446 6504 ..
1470 6488 1477 6503 .
1504 6439 1622 6507 erecta
1647 6439 1685 6506 et
1705 6411 1859 6526 fundata,

309 6565 412 6636 quarn
437 6549 613 6625 fundando
640 6553 806 6648 plebanus
829 6556 866 6631 in
881 6555 1210 6648 Dobrzecboou,
1227 6554 1320 6628 datis
1337 6554 1472 6648 aliquot
1488 6556 1646 6630 centenis
1664 6575 1860 6631 marcarum
