4200 8342
902 1845 1197 1922 Bncznowuozn.

374 1973 469 2045 Villa
494 1973 625 2044 habens
652 1969 832 2042 ecclesiam
857 1969 1092 2061 parochialem
1119 1970 1279 2060 ligneam,
1306 1966 1435 2042 Sancto
1461 1967 1608 2041 Nicolao
1636 1965 1821 2041 confessori

270 2097 435 2184 dicatam,
471 2094 568 2165 ouius
595 2093 790 2183 proprietas
826 2091 871 2163 ad
898 2092 1097 2182 episcopum
1133 2089 1447 2164 Vladislaviensem
1472 2090 1645 2181 pertinet,
1682 2091 1743 2181 qui
1770 2096 1821 2162 est

269 2217 389 2287 unicus
408 2215 500 2286 illius
518 2213 682 2285 ecclesiae
709 2219 892 2303 patronus,
920 2219 956 2285 et
974 2217 1027 2285 est
1044 2212 1116 2302 tilia
1133 2211 1300 2283 ecclesiae
1328 2211 1551 2309 chLagou,
1579 2212 1680 2285 cuius
1709 2266 1822 2282 .....

185 2360 190 2369 ·
269 2336 544 2427 Milrulowslry
572 2336 734 2407 dedomo
760 2334 1068 2425 Mandrosthuy
1093 2334 1262 2425 plebanus
1285 2339 1349 2405 est.
1388 2334 1429 2404 ln
1448 2355 1517 2426 qua
1534 2340 1617 2407 sunt
1636 2340 1717 2406 octo
1735 2334 1823 2406 lanei

270 2459 519 2548 emethonales‚
547 2459 589 2528 de
617 2458 741 2548 quibus
769 2457 926 2529 omnibus
962 2457 1110 2530 solvitur
1144 2461 1180 2527 et
1205 2455 1410 2528 conducitur
1436 2455 1571 2528 decima
1597 2456 1823 2546 manipularis

268 2588 303 2653 et
331 2579 505 2671 canapalis
540 2601 603 2670 pro
631 2579 774 2651 ecclesia
809 2579 845 2649 in
871 2577 1220 2668 Baczkovacze,
1246 2582 1283 2649 et
1308 2578 1407 2649 valer
1438 2578 1514 2649 eius
1541 2577 1753 2650 aestimatur
1778 2577 1821 2649 ad

269 2708 346 2773 octo
373 2722 515 2773 marcas.
554 2702 642 2772 Item
669 2700 836 2790 plebanus
863 2698 970 2772 habet
996 2700 1045 2771 ibi
1068 2699 1230 2791 proprios
1248 2720 1352 2790 agros
1370 2699 1500 2772 liberos
1527 2704 1563 2770 et
1580 2705 1697 2790 prata
1736 2697 1822 2771 Item

269 2845 337 2894 non
366 2829 420 2895 est
447 2824 495 2893 ibi
523 2821 701 2912 praedium
729 2818 869 2911 aliquod
895 2821 1102 2912 episcopale.

371 2944 685 3034 Ouscnowmcm,
723 2943 806 3016 villa
832 2943 896 3015 sub
924 2943 1090 3033 parochia
1115 2941 1282 3014 ecclesiae
1309 2941 1352 3014 de
1380 2942 1717 3015 Baczkowicze
1744 2944 1819 3033 sita,

266 3068 362 3138 cuius
381 3068 577 3158 proprietas
596 3067 641 3137 ad
659 3065 894 3156 episcopatum
913 3063 1225 3136 Vladislaviensem
1252 3065 1415 3154 pertinet.
1455 3064 1494 3135 In
1513 3085 1583 3155 qua
1602 3072 1687 3137 sunt
1704 3065 1817 3137 decem

204 3240 209 3247 .
266 3196 302 3259 et
329 3211 451 3261 novem
478 3189 569 3259 lanei
597 3187 843 3277 cmethonales,
870 3186 1058 3277 dequibus
1085 3186 1233 3259 solvitur
1264 3193 1300 3257 et
1319 3187 1524 3258 conducitur
1549 3185 1686 3259 decima
1712 3187 1816 3259 mani·

238 3311 396 3401 ‘pularis
424 3316 460 3381 et
478 3310 652 3401 canapalis
679 3330 743 3398 pro
761 3309 922 3400 episcopo
949 3307 1233 3398 Vladislaviensi,
1261 3313 1297 3379 et
1314 3308 1414 3380 valor
1440 3309 1514 3380 eius
1541 3309 1752 3381 aestimatur
1776 3309 1817 3381 ad

267 3432 460 3522 quindecIm
488 3452 633 3502 marcas.
678 3429 767 3500 Item
794 3436 849 3500 est
875 3430 923 3501 ibi
951 3429 1130 3527 scoltetia,
1165 3430 1298 3502 habens
1325 3435 1398 3501 tres
1424 3428 1543 3502 laneos
1569 3451 1754 3523 agrorum,
1779 3430 1818 3504 ue

267 3555 391 3645 quibus
419 3554 567 3625 solvitur
602 3558 638 3623 et
665 3550 868 3624 conducitur
895 3550 1028 3622 decima
1063 3551 1290 3641 manipularis
1317 3559 1354 3623 et
1379 3552 1556 3643 canapalis
1583 3573 1649 3643 pro
1677 3552 1842 3626 ecclau·

170 3698 172 3702 ·
267 3676 302 3745 in
330 3674 678 3763 Baczkowicze,
706 3673 804 3744 cuius
830 3672 928 3745 valor
954 3672 999 3745 ad
1026 3672 1113 3744 duas
1140 3694 1275 3745 marcas
1302 3674 1517 3746 aestiuatur.

372 3796 685 3886 Nuuwsnunzow,
731 3795 814 3866 uilla
849 3795 912 3866 sub
948 3795 1114 3885 parochia
1149 3794 1192 3866 de
1228 3795 1560 3868 Baczkowicze
1596 3796 1686 3888 sita,
1722 3797 1814 3868 cuius

265 3919 462 4008 proprietas
498 3917 542 3989 ad
570 3919 805 4009 episcopatum
831 3916 1144 3988 VladIslaviensem
1179 3917 1342 4007 pertinet
1381 3916 1423 3989 In
1449 3939 1518 4008 qua
1554 3924 1638 3990 sunt
1673 3919 1815 4009 tulgInta

141 4120 144 4131 ¹
265 4039 356 4112 lanei
383 4039 631 4129 emethonales‚
663 4039 858 4129 dequibus
886 4037 1086 4110 solvebatur
1113 4036 1498 4131 decimamanipularis
1524 4060 1589 4130 pro
1617 4040 1816 4131 episcopatu

187 4200 190 4204 ·
266 4160 555 4249 Vladislaviensi3
587 4160 648 4232 sed
674 4159 827 4233 Iacobus
855 4160 898 4233 de
924 4159 1102 4251 Syenne
1130 4160 1283 4233 existens
1310 4160 1492 4253 epIscopus
1518 4160 1815 4252 Vladislaviensis,

266 4282 308 4354 de
335 4303 503 4354 consensu
539 4282 592 4353 sui
620 4281 780 4372 capituli,
816 4281 960 4353 donavit
994 4302 1071 4353 eam
1101 4284 1288 4373 perpetuo,
1323 4282 1541 4355 monasterio·
1570 4281 1609 4353 iu
1635 4281 1816 4375 Wpelgi

265 4404 398 4495 Mlyn,
426 4404 557 4476 ordinis
583 4402 686 4474 Beati
703 4402 813 4473 ¹Pauli
839 4403 944 4493 primi
969 4403 1176 4494 heremitae,
1208 4403 1244 4505 in
1271 4400 1468 4477 Gueznensi
1493 4403 1647 4476 dioecesi
1673 4403 1816 4477 atelle

265 4527 362 4597 navit
396 4547 470 4596 eam
507 4546 530 4595 a
564 4547 626 4596 suo
661 4525 881 4615 episcopatu3
923 4525 1021 4597 cuius
1057 4526 1155 4597 valor
1190 4516 1240 4596 ad
1269 4525 1394 4617 viginti
1429 4545 1564 4599 marcas
1600 4526 1815 4601 munstur.

266 4648 355 4719 Item
383 4653 438 4719 est
464 4648 513 4718 ibi
532 4647 689 4718 scoltetia
715 4646 847 4719 habens
873 4652 947 4718 tres
965 4646 1098 4738 laneos,
1123 4647 1207 4720 Item
1234 4653 1308 4719 tres
1325 4646 1494 4720 tabernae
1519 4647 1694 4722 habentes
1711 4669 1818 4741 agros

267 4768 364 4840 etde
383 4769 541 4841 omnibus
566 4768 714 4840 solvitur
740 4768 873 4840 decima
899 4769 1125 4860 manipularis
1151 4769 1188 4840 in
1203 4766 1411 4866 pooitdwom
1530 4770 1620 4843 Item
1648 4770 1814 4862 plebanus

263 4893 299 4961 in
327 4891 656 4963 Baczkowicze
691 4912 760 4963 non
786 4891 894 4962 habet
918 4890 983 4982 ibi,
1010 4891 1077 4962 nisi
1104 4890 1392 4964 columbatIonem
1420 4896 1457 4963 et
1482 4891 1666 4966 denarium
1702 4891 1814 4966 Sancti

263 5012 369 5084 Petri.

368 5135 534 5225 Zruumr,
561 5135 645 5208 villa
673 5136 737 5206 sub
764 5135 930 5224 parochla
956 5135 999 5207 de
1026 5134 1354 5208 Baczkowicze
1380 5135 1465 5227 sita,
1492 5135 1591 5208 cuins
1617 5137 1813 5228 proprietas

263 5255 307 5325 ad
334 5257 530 5347 episcopum
567 5256 879 5328 Vladislaviensem
914 5258 1076 5348 pertinet.
1119 5257 1160 5329 In
1189 5278 1259 5349 qua
1283 5263 1366 5333 sunt
1401 5257 1559 5331 undecim
1587 5278 1667 5331 cum
1704 5259 1812 5332 medie

262 5375 353 5447 lanei
380 5377 632 5466 emethonales,
659 5378 742 5447 item
761 5382 833 5448 tres
851 5378 1071 5451 hortulanIae
1097 5380 1267 5451 habentes
1293 5401 1415 5471 agros,
1442 5379 1629 5471 dequibus
1657 5381 1813 5455 omnibus

262 5498 408 5569 solvitur
443 5504 479 5569 et
506 5496 709 5569 conducitur
735 5497 867 5570 decima
892 5501 1118 5591 manipularis
1145 5507 1181 5574 et
1206 5501 1383 5593 canapalis
1408 5522 1473 5593 pro
1500 5502 1706 5594 episcopatu
1733 5503 1812 5577 Vla-

262 5620 480 5710 dislaviensi,
518 5620 615 5690 cuius
642 5619 739 5692 valor
765 5621 809 5692 ad
837 5628 915 5694 octo
941 5643 1076 5697 marcas
1103 5623 1317 5727 aestimatur.
1360 5624 1449 5697 Item
1476 5629 1531 5696 est
1557 5624 1606 5696 ibi
1634 5604 1812 5717 praedium

262 5742 470 5832 episcopale,
498 5742 540 5814 de
567 5743 665 5814 cuius
691 5743 785 5834 agris
812 5743 959 5817 solvitur
984 5744 1118 5817 decima
1144 5746 1370 5837 manipularis
1395 5745 1562 5819 ecclesiae
1587 5746 1631 5818 in
1652 5745 1814 5820 Modli-

260 5863 467 5954 bozicze,
494 5870 530 5935 et
557 5864 654 5936 valor
681 5865 754 5937 eius
781 5866 983 5939 aestimatur
1010 5866 1160 5941 adduas
1187 5888 1332 5940 marcas.
1371 5868 1460 5941 Item
1487 5890 1556 5941 non
1574 5873 1631 5941 est
1648 5868 1699 5941 ibi
1727 5869 1813 5942 scol-

260 5986 355 6057 tetia.
394 5987 482 6058 Item
509 5987 654 6059 ecclesia
681 5988 723 6059 de
751 5987 1078 6061 Baczkowicze
1105 6012 1175 6063 non
1202 5990 1308 6063 habet
1333 5990 1403 6081 ibi,
1429 5989 1813 6065 ntanoolunbationen

260 6113 296 6179 et
323 6106 501 6179 denarium
529 6107 648 6180 Sancti
674 6108 781 6181 Petri.
1248 6180 1255 6197 ,

362 6231 568 6319 Baunuow,
595 6229 678 6301 uilla
696 6233 760 6303 sub
779 6234 944 6323 parochia
958 6232 1001 6304 de
1019 6233 1314 6306 Baczkowicze
1333 6234 1418 6324 sita,
1434 6235 1532 6307 cuius
1549 6233 1754 6326 proprietas
1770 6235 1813 6310 ad

257 6352 453 6442 episcopum
482 6350 793 6423 Vladislaviensem
829 6356 989 6446 pertinet.
1033 6355 1073 6425 In
1102 6376 1171 6446 qua
1206 6363 1288 6426 sunt
1315 6355 1574 6447 quatuordecim
1602 6356 1697 6430 lanei
1725 6378 1814 6430 cme·

255 6473 424 6544 thonales.
467 6471 554 6542 Item
590 6471 749 6546 scoltetia
783 6463 915 6550 habens
949 6485 1023 6550 tres
1059 6477 1195 6569 laneos,
1230 6478 1314 6550 ilem
1349 6477 1438 6550 dnae
1460 6478 1642 6561 ,taberme
1677 6484 1813 6552 etune

254 6594 453 6668 hodnlanIa
470 6595 637 6670 habentes
655 6619 778 6690 agros,
819 6601 902 6672 item
920 6620 990 6672 nna
1011 6600 1162 6674 taberna
1187 6599 1520 6690 Pialrernslra,
1545 6600 1681 6677 habeus
1698 6622 1813 6696 aprus,
