4200 8342
293 1622 342 1693 44

294 1827 427 1898 decima
454 1823 678 1915 manipularis
705 1843 768 1912 pro
788 1822 907 1893 eadem
931 1820 1077 1891 ecclesia
1104 1820 1139 1889 in
1166 1819 1340 1889 Minori
1367 1817 1675 1907 Morawycza3
1702 1822 1841 1907 praeter

249 1978 252 1983 ·
293 1953 407 2019 tamen
436 1954 508 2017 tres
534 1946 663 2034 laneos,
691 1943 876 2033 dequibus
905 1941 1038 2012 decima
1057 1940 1284 2029 manipularis
1311 1938 1404 2009 cedit
1430 1937 1590 2028 episcopo
1610 1936 1839 2008 Gracoviensi.

399 2067 633 2155 Sczanmcza,
660 2064 743 2136 villa
769 2064 832 2134 suh
859 2061 1025 2152 parochia
1051 2060 1094 2131 de
1121 2060 1296 2131 hliuori
1321 2059 1491 2135 Moraw
1500 2063 1523 2149 y
1532 2079 1610 2131 cza
1636 2058 1719 2148 sita,
1747 2058 1840 2128 cuins

249 2228 252 2237 ·
293 2191 417 2260 haeres
455 2208 518 2276 pro
546 2206 615 2258 una
644 2191 744 2274 parte
781 2183 955 2274 praelatus
991 2181 1290 2272 Ossolinsky,
1326 2173 1389 2271 pro
1427 2179 1555 2252 alterae
1574 2200 1658 2250 vero
1686 2177 1841 2269 Ohrycht

294 2310 337 2381 de
364 2309 470 2379 armis
498 2305 824 2396 Bippennium,
852 2305 887 2375 in
908 2324 976 2393 qua
994 2309 1075 2374 sunt
1100 2303 1193 2374 lanei
1219 2301 1463 2390 emethonales,
1490 2288 1575 2398 iterii
1591 2320 1661 2371 una
1687 2301 1840 2388 taberna,

294 2430 463 2500 habentes
490 2447 611 2516 agros,
649 2426 692 2497 do
719 2426 843 2516 quihus
872 2427 1017 2497 solvitur
1044 2429 1080 2495 et
1105 2423 1309 2495 conducitur
1343 2418 1569 2511 manipularis
1604 2427 1642 2492 et
1668 2420 1840 2511 canapalis

295 2550 428 2621 decima
455 2569 518 2638 pro
546 2568 616 2619 una
642 2547 829 2618 medietate
856 2547 1021 2618 ecclesiae
1047 2546 1084 2615 in
1111 2544 1419 2634 Morawycza,
1442 2563 1506 2634 pro
1525 2542 1638 2614 altera
1662 2561 1747 2614 vero
1774 2562 1840 2613 me-

295 2671 425 2742 dietate
453 2669 600 2758 percipit
627 2688 703 2739 cam
721 2721 858 2738 ......
1537 2684 1539 2689 ·

402 2791 559 2880 Bnuow,
599 2790 682 2861 villa
719 2789 782 2860 suh
803 2789 975 2878 parochia
1010 2787 1052 2859 de
1087 2786 1264 2858 Minori
1298 2785 1590 2875 Morauycza
1626 2784 1713 2875 sita,
1738 2785 1841 2855 ‘cuins

294 2914 418 2983 haeres
446 2909 728 3001 Ossolinsky
755 2908 950 2998 praelatus,
978 2910 1013 2980 in
1041 2931 1109 2999 qua
1136 2914 1217 2979 sunt
1243 2907 1335 2977 lanei
1363 2889 1614 2995 cmethonales,
1650 2905 1841 2995 dequibus

295 3033 506 3103 solvituret
533 3032 738 3103 conducitur
765 3031 898 3108 decima
924 3030 1150 3120 manipularis
1169 3035 1205 3100 et
1223 3027 1398 3117 corrapalis
1421 3025 1585 3097 ecclesiae
1611 3025 1841 3115 praelataein

252 3147 264 3172 ⁸
295 3153 470 3224 Minori
488 3152 687 3243 hlorawy
701 3173 746 3223 cz
757 3173 787 3222 a.
812 3151 890 3222 Non
907 3157 960 3223 est
974 3152 1162 3241 praedium,
1177 3168 1288 3239 nequo
1301 3147 1530 3247 hortulaniae,
1543 3167 1655 3237 neque
1668 3148 1842 3220 tabernae.

398 3273 667 3362 Gnnscnczow‚
702 3273 787 3343 uilla
815 3273 878 3343 snb
906 3272 1072 3361 parochia
1099 3272 1141 3342 de
1169 3271 1457 3360 Morauycza
1491 3271 1579 3357 sita,
1615 3267 1713 3337 cuius
1741 3268 1841 3338 uillae

295 3400 431 3483 partem
458 3393 614 3482 possidet
640 3400 744 3464 uuam
770 3393 827 3462 Fr
836 3393 978 3483 ykaez
1004 3392 1049 3463 de
1077 3393 1182 3462 armis
1209 3391 1519 3480 Accipitrum,
1555 3389 1700 3459 alteram
1729 3394 1842 3460 autem

295 3518 430 3602 partem
456 3511 612 3602 possidet
638 3511 1042 3603 Alexandrousky
1077 3511 1263 3601 praefatus,
1299 3511 1335 3583 in
1363 3532 1431 3601 qua
1458 3515 1539 3582 sunt
1562 3510 1665 3579 ¹lanei
1682 3510 1842 3580 ¹emethe-

296 3633 402 3722 nales,
430 3633 512 3702 item
531 3632 620 3704 duae
638 3633 813 3722 tabernae,
840 3633 1007 3704 hahentes
1026 3653 1138 3722 agros,
1167 3632 1210 3702 de
1229 3632 1353 3722 quihus
1366 3632 1530 3703 omnihus
1549 3630 1700 3703 solvitur.
1715 3630 1844 3702 decima

295 3754 522 3843 manipularis
549 3756 585 3824 et
612 3753 787 3856 cariapalis
815 3753 979 3824 ccclesiae
1007 3754 1042 3822 in
1070 3753 1243 3824 Minori
1269 3753 1558 3824 Morawicza.

282 3930 284 3935 .
399 3874 676 3964 Wnosznrnru,
706 3875 789 3945 villa
816 3876 879 3946 sub
906 3874 1073 3965 parochia
1099 3874 1141 3944 de
1168 3874 1457 3964 Morauycza
1483 3874 1570 3962 sita,
1597 3873 1694 3944 cuins
1721 3875 1843 3945 haeres

296 3994 448 4068 Jacobns
475 3995 615 4066 Plaza
640 3997 857 4086 praedictus,
895 3998 929 4066 in
963 4017 1031 4086 qua
1058 4001 1140 4066 sunt
1175 3995 1267 4066 lanei
1302 3995 1554 4083 cmethonales,
1589 3995 1673 4065 item
1699 3996 1844 4066 taberna

296 4139 382 4206 una,
418 4117 501 4189 item
529 4118 723 4207 hortulani,
760 4117 955 4207 dequibus
991 4118 1150 4189 omnihus
1187 4115 1320 4186 decima
1347 4117 1571 4207 manipularis
1607 4121 1642 4186 ot
1670 4116 1843 4207 canapalis

298 4239 444 4309 solvitur
472 4244 507 4309 et
533 4239 736 4310 conducitur
763 4259 826 4327 pro
854 4238 999 4309 ecclesia
1025 4239 1062 4308 in
1089 4237 1387 4327 hIorawycza.

401 4358 616 4446 (illaesum,
652 4358 735 4430 villa
762 4359 825 4429 suh
852 4359 1018 4448 parochia
1053 4359 1096 4430 de
1123 4358 1411 4449 Morauycza
1438 4359 1540 4447 sita‚.
1556 4359 1653 4430 cuius
1680 4359 1845 4430 haeredes

294 4479 478 4550 danussius
506 4485 541 4549 et
567 4479 690 4568 Spitek
718 4479 760 4549 de
788 4480 892 4550 armis
920 4480 1243 4570 Bi-ppeunium,
1272 4479 1306 4549 in
1330 4501 1398 4569 qua
1425 4482 1506 4551 sunt·
1528 4480 1623 4550 lanei
1650 4481 1844 4557 cmethoua-

295 4600 361 4688 les,
388 4600 472 4670 item
492 4599 579 4670 duae
597 4598 823 4690 hortulaniae,
841 4582 925 4671 item
945 4623 1014 4672 nna
1032 4603 1198 4689 taberna,
1225 4600 1357 4672 habens
1375 4612 1488 4690 agros,
1506 4601 1549 4671 do
1569 4601 1694 4691 quibus
1714 4601 1844 4671 decima

294 4721 520 4810 manipularis
545 4724 581 4790 et
598 4719 773 4811 canapolis
791 4742 854 4810 pro
876 4721 1020 4792 ecclesia
1038 4722 1114 4811 ipsa
1141 4722 1175 4791 in
1194 4721 1481 4812 lllorauycza
1508 4721 1720 4812 conducitur,
1749 4722 1843 4793 cuius

295 4843 393 4914 valor
420 4840 464 4913 ad
493 4895 611 4911 .....
637 4861 771 4912 marcas
798 4842 1011 4912 aestimatur.

399 4963 575 5054 Mnmou,
603 4962 686 5034 villa
713 4963 776 5033 suh
795 4963 961 5051 parochia
987 4962 1333 5044 delllorawicza
1360 4963 1445 5053 sita,
1472 4963 1570 5048 cuius
1597 4964 1721 5035 haeres
1748 4985 1846 5055 prae-

295 5084 387 5154 fatus
417 5084 474 5153 Fr
484 5085 644 5173 ylracZ,
679 5085 812 5173 inqua
839 5092 919 5154 sunt
945 5084 1035 5154 lanei
1074 5085 1325 5173 cmethonaleS,
1361 5085 1446 5155 item
1481 5086 1647 5155 tabernae
1684 5092 1775 5175 tres,
1812 5091 1847 5156 et

294 5204 514 5276 hortulaniae
541 5211 627 5292 tres,
654 5205 822 5275 hahentes
855 5227 971 5294 ugroS,
1008 5206 1199 5296 dequibus
1231 5206 1399 5301 omnihus·
1417 5206 1564 5277 solvitur
1591 5212 1626 5276 et
1646 5208 1848 5279 conducitur

294 5325 428 5396 decima
454 5325 680 5415 manipularis
708 5332 745 5397 et
764 5327 937 5415 canapalis
965 5325 1131 5397 ecclesiae
1160 5327 1193 5395 in
1213 5302 1500 5398 Morawicza.
1541 5327 1629 5398 Sunt
1654 5335 1772 5399 tamen
1800 5330 1847 5402 ihi

296 5445 409 5535 lanei,
437 5445 480 5517 de
508 5446 632 5536 quibus
660 5446 793 5517 decima
819 5447 910 5517 cedit
945 5449 1156 5518 monasterio
1185 5447 1429 5537 Thyneczensi.
1470 5449 1557 5525 ltem
1585 5448 1634 5518 ibi
1660 5451 1849 5539 praedium.

398 5566 561 5656 women,
580 5566 662 5637 villa
680 5568 743 5639 suh
762 5569 927 5658 parochia
945 5568 987 5638 de
1005 5567 1178 5640 Minori
1198 5566 1367 5639 Moraw
1378 5590 1488 5659 ycza
1506 5569 1591 5659 sita,
1609 5570 1707 5642 cuius
1726 5571 1849 5644 haeres

296 5682 644 5778 praeteriturum
659 5689 715 5760 de
735 5689 997 5778 Thanczyn,
1027 5689 1063 5759 in
1083 5710 1151 5780 qua
1170 5695 1251 5760 sunt
1274 5690 1367 5761 lanei
1394 5691 1643 5780 cmethonales,
1669 5692 1752 5762 item
1781 5715 1850 5765 una

278 5812 456 5899 taberna,
485 5807 616 5882 habens
644 5831 765 5900 agros,
786 5810 837 5881 de
856 5811 980 5900 quihus
1009 5810 1155 5882 solvitur
1183 5817 1219 5882 et
1242 5811 1447 5882 conducitur
1474 5812 1606 5883 decima
1623 5813 1850 5903 manipularis

297 5937 333 6000 et
359 5931 533 6021 canapalis
560 5953 623 6021 pro
651 5931 820 6022 praefata,
844 5931 989 6002 ecclesia
1015 5933 1050 6002 in
1078 5931 1385 6023 ltlorauycza,
1412 5938 1448 6003 et
1467 5933 1558 6004 utin
1577 5933 1654 6004 aliis
1681 5936 1850 6026 omuibus,

295 6050 488 6121 alternatur
514 6053 607 6124 inter
634 6053 801 6144 plebanos
829 6053 982 6124 eiusdem
1003 6053 1184 6125 ‘ecclesiae
1217 6096 1220 6100 -

398 6170 784 6264 Annxnnnuowrczn,
821 6174 904 6245 villa
943 6175 1006 6246 suh
1034 6175 1200 6263 parochia
1236 6175 1278 6246 de
1313 6175 1604 6265 Morauycza
1631 6177 1716 6266 sita,
1752 6179 1850 6250 cuius

293 6291 463 6364 haeredes
498 6293 647 6383 praefati
683 6294 1097 6385 Alexandrouscy‚
1134 6295 1168 6366 in
1197 6317 1265 6385 qua
1291 6301 1371 6368 smrt
1397 6298 1488 6368 lanei
1516 6297 1769 6388 cruethonaleS,
1806 6299 1849 6371 de

295 6413 419 6503 quibus
447 6413 595 6485 solvitur
622 6422 658 6486 ot
686 6416 888 6490 conducitur
924 6418 1056 6488 decima
1083 6418 1309 6508 manipularis
1347 6424 1382 6489 et
1410 6418 1585 6508 crtrrapalis
1612 6439 1676 6507 pro
1705 6420 1851 6491 ecclesia

293 6534 330 6607 iu
356 6533 657 6643 Μυῖα-ηοω.
765 6576 769 6582 -

477 6656 482 6663 ,
512 6662 561 6709 ἦ
