4200 8342
305 1496 380 1567 284

409 1698 669 1784 Cormezrczu,
705 1694 869 1784 oppidum
896 1693 1027 1765 habens
1064 1693 1242 1767 eeclesiam
1278 1692 1513 1783 parochialem
1546 1690 1699 1765 Sanctae
1726 1690 1853 1763 Mariae

308 1820 475 1906 dicatam,
507 1818 604 1886 errius
631 1815 828 1904 proprietas
854 1814 898 1884 ad
925 1813 1173 1885 monasterium
1202 1813 1501 1906 Thyuezcnse
1526 1815 1690 1904 pertinet
1726 1813 1768 1883 ln
1794 1834 1855 1903 quo

246 2027 249 2035 Ι
305 1944 385 2009 surrt
411 1957 533 2007 norem
562 1936 655 2005 lanei
681 1934 950 2023 oppidanorum,
977 1933 1165 2024 dequibus
1192 1955 1255 2024 pro
1283 1934 1416 2006 decima
1442 1934 1652 2026 manipulari
1677 1934 1856 2005 selrnntnr
1986 1978 2004 1997 .

305 2057 449 2146 singulis
476 2057 575 2126 annis
603 2061 752 2145 qrratucr
779 2075 914 2125 marcae
951 2054 1117 2126 ecclesiae
1145 2056 1179 2125 in
1207 2053 1494 2146 Zrzanezyu‚
1521 2055 1669 2144 pecnnia
1696 2053 1856 2149 currenti,
1968 2139 2004 2177 τι

303 2179 386 2250 lieet
412 2178 492 2248 olim
521 2178 610 2247 sicut
637 2177 821 2264 asseritur,
849 2175 1050 2247 solvebatur
1078 2175 1210 2246 decima
1236 2176 1470 2266 manipularis¹
1490 2176 1603 2248 dietae
1630 2175 1798 2265 occlusae
1823 2175 1854 2243 in
1963 2218 2003 2269 1,

304 2299 579 2387 Zrzanczyui
1605 2302 1613 2317 '

408 2418 707 2507 Mamurrarum,
743 2417 826 2488 villa
852 2415 916 2488 sub
943 2416 1111 2506 parochia
1136 2415 1179 2496 de
1205 2415 1474 2508 Zrzanczyn
1502 2418 1578 2488 sita
1613 2416 1665 2488 Iu¹
1683 2435 1754 2509 qna
1780 2419 1855 2487 sont
1932 2436 1994 2506 ,ῃ

303 2540 396 2611 lanei
423 2539 664 2628 emetbonalos,
692 2538 774 2609 item
802 2537 965 2626 taberna,
992 2537 1077 2608 item
1103 2532 1340 2627 hortulanus,
1377 2537 1421 2609 de
1449 2538 1574 2628 quibus
1600 2536 1764 2611 omnibns
1790 2536 1854 2609 sol-
1921 2590 1988 2611 -

303 2661 399 2731 ritur
426 2665 462 2729 et
488 2659 690 2730 conducitur
716 2657 848 2728 decima
874 2656 1100 2746 manipularis
1119 2661 1155 2727 et
1172 2658 1345 2747 canapalis
1364 2678 1428 2747 pro
1445 2658 1606 2748 episeopo
1625 2654 1853 2743 Graeorieusi
1915 2722 1951 2755 τ
1964 2698 1981 2759 p,

305 2784 342 2852 et
366 2780 464 2851 valor
497 2780 571 2850 eius
607 2779 812 2850 aestimatur
845 2776 1003 2849 adduas
1038 2797 1194 2865 mareas3
1229 2778 1309 2849 item
1348 2784 1403 2849 est
1429 2779 1479 2850 ibi
1505 2777 1691 2869 seoltetna,
1727 2778 1852 2849 babens
1905 2806 1975 2859 a

305 2900 391 2971 dnos
418 2900 553 2989 laueoS,
580 2904 616 2970 et
643 2920 707 2989 pro
734 2899 867 2970 decima
893 2897 1098 2987 manipulari
1125 2918 1265 2970 suourm
1292 2919 1466 2989 agrorum,
1493 2918 1594 2990 quam
1621 2903 1764 2969 tenetur
1789 2898 1853 2969 sol·
1893 2942 1970 2961 -

302 3040 385 3092 rere
412 3020 593 3108 eeclesiae,
620 3019 724 3091 selrit
750 3039 855 3089 unum
882 3016 1051 3090 fertonem
1079 3018 1243 3089 ecelesiae
1269 3018 1305 3089 iu
1331 3018 1621 3111 Zrzaneayn3
1647 3020 1734 3091 item
1760 3019 1851 3089 insta
1891 3045 1962 3095 -ι

206 3175 210 3182 ·
302 3142 527 3212 assertionem
554 3139 766 3229 aliquorum,
793 3139 828 3208 iu
855 3144 1002 3230 utraque
1028 3139 1240 3211 Polanka
1265 3160 1373 3230 prope
1391 3141 1508 3212 villam
1535 3139 1852 3230 Zarnowyccz,
1873 3168 1954 3231 e,

303 3261 522 3351 episcopatus
558 3258 798 3330 Gracoriensis
833 3259 925 3330 tollit
960 3260 1111 3331 decimas
1146 3281 1210 3350 pro
1237 3279 1300 3332 sua
1326 3281 1463 3351 mensa,
1497 3280 1642 3350 qnarnm
1677 3259 1948 3349 perceptio«)

304 3380 448 3453 deberet
473 3381 516 3450 ad
543 3379 722 3452 ecclesiam
750 3380 785 3449 in
820 3378 848 3448 Z
857 3400 1024 3451 raanan
1033 3402 1088 3471 yn
1115 3380 1214 3451 iuxta
1246 3381 1432 3470 privilegio
1459 3381 1659 3470 pcrtinene3
1695 3377 1759 3451 sed
1785 3384 1942 3449 tam-

303 3502 488 3593 perreptio,
516 3522 616 3591 quam
644 3500 818 3590 possessio
852 3501 1008 3588 neglecta
1035 3507 1106 3572 est:
1133 3502 1215 3571 item
1251 3500 1456 3591 notandum,
1485 3502 1601 3591 plures
1627 3507 1731 3572 eraut
1766 3499 1940 3570 aliae-,¹2

302 3622 405 3695 villae
430 3623 475 3693 ad
502 3623 681 3693 eeclesiam
709 3622 743 3691 iu
770 3621 1004 3712 Zrzauezpu
1032 3623 1107 3692 iure
1133 3621 1325 3711 parochiali
1352 3626 1481 3692 etcum
1508 3621 1650 3693 decimis
1676 3621 1940 3711 pertinen-—

301 3748 376 3832 tes3
411 3743 471 3813 sed
499 3762 561 3832 per
587 3742 727 3814 flurium
753 3741 885 3813 dasel
913 3747 948 3811 et
974 3762 1083 3831 aquae
1120 3742 1283 3833 impetum
1315 3739 1497 3814 demolitae
1524 3747 1624 3831 sunt,
1650 3749 1690 3813 et
1716 3742 1936 3831 penitus-⁴:

302 3864 568 3951 exterminatae3
604 3864 687 3934 item
714 3862 758 3933 dc
784 3861 980 3934 missalibus
1016 3862 1163 3934 solvitur
1190 3862 1301 3933 eidem
1329 3862 1494 3934 eeclesiae
1519 3863 1555 3933 in
1581 3860 1938 3951 Zrzauczyu...

302 3983 412 4073 siligo,
439 3989 475 4053 et
501 3983 708 4072 proveniunt
735 3987 870 4053 centum
898 3990 934 4054 et
961 3983 1054 4054 ultra
1079 3984 1176 4055 chori
1203 3982 1368 4054 ecelesiae
1394 3981 1516 4054 eidem.

314 4134 333 4167 ·.
404 4102 670 4195 Korrruorm,
704 4103 789 4175 rilla
815 4104 879 4174 sub
916 4104 1082 4196 parochia
1108 4104 1152 4174 de
1177 4103 1446 4196 Zrzanczyu
1482 4103 1568 4193 sita,
1603 4103 1948 4175 cuins-baem*

301 4220 436 4294 Barutb
462 4223 505 4293 de
533 4225 640 4294 armis
657 4278 773 4294 .....
808 4224 848 4293 In
876 4245 944 4315 qua
969 4230 1051 4296 snut
1067 4225 1167 4295 lanei
1195 4225 1440 4314 emethonales,
1467 4225 1549 4297 item
1576 4224 1742 4315 taberna,
1770 4224 1943 4295 iterr-

301 4343 496 4433 hortulani,
523 4343 566 4413 de
593 4344 716 4435 quibos
743 4344 890 4417 solvitur
916 4346 1048 4418 decima
1066 4346 1273 4436 pecunialis,
1300 4346 1344 4419 dc
1362 4346 1518 4437 quolibet
1534 4344 1635 4417 laneo
1653 4364 1749 4417 unos.
1762 4342 1925 4417 fenar-

300 4464 448 4534 latorum
476 4484 673 4553 grossorum
701 4463 946 4555 Propensium,
974 4467 1209 4543 asserentibus
1235 4467 1323 4557 aliis,
1349 4467 1441 4557 quod
1469 4466 1613 4538 deberet
1639 4465 1730 4539 solvi
1758 4466 1897 4537 dcci-

300 4604 356 4654 ma
382 4585 606 4675 manipularis
623 4605 686 4674 pro
705 4585 852 4657 eeclesia
876 4585 997 4657 Sancti
1013 4586 1169 4658 Floriani
1194 4587 1231 4657 iu
1249 4586 1450 4676 Kleparz:
1477 4586 1562 4659 item
1588 4570 1771 4675 praedium
1792 4641 1800 4656 .
1819 4642 1826 4655 .
1846 4636 1899 4655 ..
1974 4622 1997 4635 -

298 4701 385 4774 Item
412 4709 466 4773 est
492 4704 540 4774 ibi
567 4704 726 4776 scoltetia
751 4704 883 4776 babens
910 4706 997 4777 duos
1023 4705 1159 4797 laneos,
1196 4727 1285 4796 qnae
1311 4729 1376 4797 pro
1402 4707 1536 4779 decima
1570 4706 1784 4797 manipulari
1811 4686 2004 4779 arn-l

299 4844 401 4913 qnam
428 4825 618 4915 obligatur,
646 4825 750 4898 solvit
776 4826 989 4915 pecunialem
1017 4827 1052 4896 in
1079 4825 1345 4919 Zraanczyn
1372 4827 1417 4899 de
1442 4827 1598 4918 quolibet
1624 4826 1729 4900 laneo
1757 4829 1905 4899 simiae
1936 4842 2004 4861 ’-

298 4942 509 5017 literanum
536 4945 704 5018 fertonem
730 4947 880 5018 laterum
905 4967 1115 5038 grossorum.
1159 5004 1162 5009 .

909 5144 1240 5246 Dourmnowrczu.

984 5670 1159 5744 Jassrun.

397 5790 568 5883 Oppidum
596 5790 728 5862 babens
755 5791 791 5862 in
818 5812 856 5862 ae
883 5791 1063 5863 ecclesiam
1087 5790 1332 5885 parochialem,
1351 5790 1457 5863 Sauct
1474 5845 1509 5861 ..
1536 5844 1543 5860 .
1570 5790 1734 5881 dicatam,
1752 5793 1854 5871 cuius

293 5912 417 5983 haeres
452 5914 692 5984 screnissimus
718 5912 882 5984 Poloniae
909 5934 990 6003 rex,
1015 5913 1114 5984 ouius
1135 5911 1302 5997 cam
1325 5918 1361 5983 et
1387 5918 1464 5983 tota
1490 5910 1722 5983 comm-unitata
1749 5914 1851 5984 annis

293 6032 438 6122 singulis
473 6035 608 6105 solvere
634 6040 774 6106 tenetur
800 6034 968 6106 ecclesiae
995 6040 1031 6104 et
1057 6035 1205 6122 plebano
1231 6018 1563 6122 itu-Zraanezyu
1589 6036 1664 6103 tres
1691 6030 1845 6103 fertones

291 6154 426 6225 ratione
453 6159 602 6245 quatuor
628 6175 802 6244 agrorum,
830 6156 865 6225 in
894 6155 1018 6245 quibus
1045 6153 1138 6225 circs
1165 6155 1232 6243 ipsi
1251 6153 1382 6225 habent
1399 6153 1530 6242 hortos,
1547 6152 1584 6222 in
1603 6150 1845 6243 quibuspiam·

292 6276 388 6344 tatur
414 6275 573 6345 humulus
583 6329 601 6365 ,¹
619 6276 678 6364 qui
705 6275 781 6363 agri
809 6274 1001 6346 reddebant
1026 6273 1194 6346 decimam
1221 6273 1398 6363 praelatae
1425 6271 1592 6343 ecclesiae
1618 6270 1655 6343 ia
1681 6270 1712 6343 Z
1719 6291 1843 6343 raan-

292 6410 412 6483 czyn,
440 6416 526 6484 qrrae
553 6416 615 6484 per
642 6395 839 6466 huiusmodi
865 6400 950 6491 tres·
964 6394 1116 6467 fertones
1143 6401 1394 6484 compensatur.
1430 6394 1519 6464 Item
1545 6390 1693 6482 quilibet
1718 6392 1843 6482 hospes

1992 5778 2004 5827 d
