4200 8342
1740 1649 1824 1739 ..453

259 1910 272 1945 .,
303 1884 331 1921 -·
373 1850 644 1973 mapsa-villa
668 1857 735 1937 sub
761 1854 929 1957 pudebia
953 1856 998 1937 de
1024 1854 1345 1959 Gurosnanlry
1372 1863 1451 1939 sita.
1476 1860 1517 1939 Iu
1541 1884 1609 1958 qua
1627 1871 1709 1941 sunt
1735 1864 1827 1940 lanei

270 1972 525 2077 ornetbonnies,
551 1986 596 2057 de
613 1968 747 2078 quibus
757 1986 907 2060 soluitur
923 1992 961 2059 et
978 1986 1184 2060 conducitur
1203 1987 1338 2060 decima
1355 1989 1581 2081 manipularis
1596 1996 1632 2060 et
1649 1990 1825 2081 canapalis

239 2114 338 2201 '‘pro
364 2109 527 2201 episcopo
563 2108 803 2200 cracoviensi,
839 2115 876 2181 et
903 2108 1001 2183 valor
1028 2111 1103 2181 eius
1130 2111 1336 2182 aestimatur
1363 2112 1407 2183 ad
1435 2111 1521 2183 duas
1548 2133 1691 2185 marcas.
1735 2112 1822 2185 Item

267 2214 426 2303 suut-Tim
452 2228 561 2320 aliqui
595 2230 673 2319 agri
698 2236 736 2301 ct
761 2228 853 2301 lanei
888 2229 1141 2320 emetboualcs‚
1180 2231 1238 2320 qui
1275 2230 1446 2320 qnondam
1484 2237 1584 2304 erant
1620 2231 1823 2322 praediales,

268 2350 466 2442 ‹la-quinus
501 2350 648 2423 solvitur
683 2350 816 2422 decima
851 2351 1017 2423 ecclesiae
1053 2352 1089 2422 in
1117 2351 1446 2444 Curoswanky,
1482 2360 1517 2425 ct
1545 2353 1643 2426 valor
1677 2346 1824 2426 eiusad

258 2492 374 2547 ,00000
399 2492 561 2545 marcam.

374 2592 561 2687 anrnow,
600 2594 684 2667 uilla
710 2597 774 2668 sub
801 2596 968 2686 parocbia
994 2597 1037 2668 de
1057 2649 1224 2667 .......
1251 2598 1339 2687 sita,
1376 2598 1473 2669 cuius
1500 2597 1623 2669 haeres
1659 2596 1824 2673 Nicolaus

267 2714 299 2789 L
306 2716 554 2811 ynbelczik
581 2718 624 2789 de
652 2717 753 2790 domo
780 2718 940 2790 Rozae.
967 2719 1007 2790 ln
1036 2740 1105 2810 qna
1131 2724 1213 2791 sunt
1239 2719 1330 2791 lanei
1358 2719 1604 2810 cmetbonales,
1632 2719 1823 2811 dequibus

268 2838 480 2913 saltitaret
506 2840 710 2912 conducitur
746 2841 880 2912 decima
915 2841 1140 2932 manipularis
1174 2848 1211 2914 et
1246 2842 1422 2931 canapalis
1458 2863 1521 2932 pro
1560 2841 1759 2933 praeposito
1788 2842 1823 2911 iu

256 2960 1038 3055 ..1000001οο,0100100010000011100100
1065 2964 1109 3037 ad
1136 2964 1255 3036 decem
1282 2985 1426 3037 marcas.
1453 2965 1539 3036 ltem
1567 2970 1621 3037 est
1646 2964 1695 3037 ibi
1722 2985 1822 3055 prae·

266 3082 363 3159 dium
389 3084 559 3176 militare,
594 3083 638 3157 de
665 3085 763 3157 onius
789 3086 883 3175 agris
911 3085 1045 3158 decima
1070 3086 1207 3157 tollitur
1235 3086 1270 3157 iu
1298 3085 1626 3178 Curoswanky,
1662 3090 1699 3157 et
1724 3085 1822 3158 valor

266 3205 415 3279 eiusad
441 3226 504 3278 sex
530 3226 664 3279 maram
694 3208 909 3281 aestimatur.

679 3402 956 3484 ‘Praebenda
992 3406 1030 3484 in
1065 3401 1376 3511 0000000001ογΙ

268 3628 284 3635 ..
371 3568 489 3645 Habet
514 3573 621 3643 etiarn
647 3572 794 3644 ecclesia
811 3573 1020 3663 parochialis
1046 3574 1083 3645 in
1111 3573 1423 3666 Ouroswanky
1450 3594 1552 3645 uuam
1579 3573 1821 3663 praebendam,

255 3690 342 3767 nive
368 3692 489 3785 altare,
515 3695 550 3765 in
577 3695 719 3767 titulum
738 3694 866 3767 Sancto
885 3750 1000 3767 .....
1025 3696 1197 3786 dicatum,
1225 3697 1322 3769 cuius
1346 3695 1531 3768 modernus
1549 3695 1822 3787 praebendarius

267 3818 322 3887 eat
337 3814 506 3888 Albertus
525 3816 568 3888 de
587 3870 595 3887 .
613 3872 621 3887 .
640 3872 648 3887 .
668 3818 765 3889 cuius
783 3818 905 3889 urricus
922 3822 1091 3907 patronus
1111 3822 1164 3889 est
1181 3818 1308 3889 Petrus
1327 3817 1369 3889 de
1388 3817 1715 3910 Guroswanlry,
1734 3838 1821 3909 qnae

267 3936 407 4028 quidem
429 3940 628 4029 praebenda
652 3941 760 4012 habet
773 3961 837 4029 pro
865 3939 947 4011 dote
970 3960 1034 4010 sna
1060 3938 1225 4012 decimam
1252 3940 1502 4030 manipularem
1530 3940 1565 4011 in
1594 3940 1822 4010 Brzezini.

264 4132 267 4137 .
308 4104 327 4131 a·
374 4059 579 4151 Baznzrnr,
606 4061 690 4132 villa
715 4061 780 4133 sub
807 4061 976 4151 parocbia
1001 4060 1044 4132 de
1064 4115 1206 4134 ......
1234 4062 1321 4151 sita,
1348 4061 1445 4133 ouius
1471 4061 1669 4151 proprietas
1696 4060 1741 4131 ad
1768 4081 1821 4131 se-

266 4180 486 4253 renissimum
513 4181 677 4255 Polouiae
704 4204 822 4273 regern
848 4184 1010 4274 pertinet
1036 4184 1075 4255 In
1096 4204 1164 4273 qua
1184 4190 1266 4255 suut
1292 4184 1383 4255 lanei
1410 4182 1655 4271 emethonales,
1683 4181 1726 4253 de
1746 4181 1821 4271 qui-

266 4300 333 4375 nna
358 4301 508 4375 solvitur
533 4309 571 4375 et
596 4303 801 4376 conducitur
836 4304 969 4375 decima
1003 4305 1229 4394 manipularis
1256 4312 1293 4377 et
1320 4304 1497 4394 canapalis
1532 4325 1596 4396 pro
1623 4302 1822 4395 praebenda

254 4422 308 4509 ,h
330 4422 658 4518 Gurosnanky,
695 4432 731 4498 et
758 4426 856 4499 valor
892 4427 966 4497 eins
1001 4427 1208 4499 aestimatur
1234 4427 1277 4499 ad
1306 4427 1430 4517 viginti
1467 4446 1610 4497 marcas.
1650 4424 1822 4497 Asserunt

267 4550 384 4619 mrem
410 4548 578 4638 nonnulli,
606 4549 698 4640 quod
725 4570 788 4639 per
814 4548 937 4620 falsum
964 4549 1186 4649 privilegium
1213 4548 1406 4640 Sbignei
1434 4549 1587 4639 episcopi
1614 4553 1650 4619 et
1677 4546 1821 4639 capituli

265 4664 516 4760 110000νὶ000ἰο
541 4669 721 4761 praedicta
747 4670 882 4743 decima
908 4670 1084 4761 applicata
1110 4672 1158 4743 sit
1184 4671 1402 4762 praebendae
1429 4671 1464 4742 iu
1492 4670 1742 4743 Guroswan
1755 4668 1820 4758 ky,

267 4810 342 4863 auur
370 4811 436 4882 pro
463 4791 565 4863 datae
592 4798 760 4885 tempore,
786 4792 1024 4883 Sbigneus
1050 4793 1202 4865 uorrdum
1230 4794 1411 4883 episcopus
1439 4791 1678 4864 cracoviensis
1705 4789 1821 4862 fuerit.

947 4915 1147 4987 Bnncnow.
1215 4958 1219 4965 ·

371 5032 467 5109 Villa
500 5036 633 5109 babens
665 5038 701 5109 in
728 5058 766 5109 se
793 5037 973 5110 ecelesiam
1008 5037 1242 5128 parochialem
1278 5020 1447 5127 ligneam,
1482 5033 1650 5106 Omnibus
1685 5033 1820 5105 Sanctis

267 5156 436 5249 (11001000,
462 5159 560 5232 00100
587 5160 755 5231 haeredes
781 5159 961 5232 Jobannos
988 5158 1031 5231 de
1057 5159 1328 5250 Ritbwyani
1359 5158 1541 5249 palatinus.
1571 5155 1821 5246 (traconensis,

267 5276 312 5351 do
336 5280 445 5354 nmis
472 5280 784 5373 Accipitrum‚
821 5288 857 5353 et
884 5282 1048 5355 Nicolaus
1080 5282 1396 5374 Byccbowsky
1423 5280 1466 5352 do
1494 5279 1601 5353 armis
1627 5278 1820 5368 Powala3

266 5402 428 5481 namnet
453 5403 503 5475 ibi
527 5402 707 5478 lohannes
725 5405 768 5476 de
795 5404 1066 5496 Rithwyani
1092 5404 1178 5477 duas
1201 5410 1319 5495 partes
1338 5403 1449 5495 villae,
1477 5409 1513 5475 et
1530 5402 1694 5475 Nicolaus
1712 5402 1820 5493 Bye-

266 5522 486 5618 ehowsky
512 5527 664 5599 tertiam.
690 5527 731 5599 ln
750 5534 851 5619 parte
879 5533 996 5600 autem
1021 5526 1193 5600 Johannis
1220 5526 1560 5618 R‘ithwyeuslry
1587 5530 1670 5598 sunt
1694 5523 1820 5614 uiginti

264 5644 358 5721 lanei
383 5647 628 5740 curetbonales,
654 5650 738 5722 item
766 5650 917 5741 quinque
943 5650 1111 5723 tabernac
1137 5649 1307 5723 habentes
1334 5669 1455 5741 agros,
1483 5649 1567 5719 item
1595 5647 1663 5719 duo
1690 5644 1820 5715 molen·

265 5766 349 5841 dina
382 5768 549 5843 habentia
588 5791 693 5862 agros
729 5778 766 5843 ct
800 5777 921 5863 prata,
957 5773 1041 5845 item
1077 5772 1296 5845 hortulauiae
1334 5769 1614 5861 quatuordecim,
1651 5767 1819 5837 habentes

266 5910 389 5981 agros3
415 5892 480 5967 sub
498 5892 643 5965 Nicolao
662 5899 777 5964 autem
805 5893 1090 5985 Byechowslr
1100 5916 1123 5985 y
1150 5901 1232 5964 sunt
1249 5914 1310 5964 sex
1327 5892 1429 5982 lanei,
1457 5891 1580 5980 viginti
1599 5886 1819 5962 hortulaniac

265 6010 433 6087 babentes
459 6034 564 6105 agros
590 6020 627 6087 et
652 6021 774 6106 prata,
808 6015 892 6087 item
919 6036 1025 6087 unum
1051 6015 1304 6104 molendinum,
1336 6014 1420 6085 item
1447 6012 1536 6083 duae
1563 6011 1731 6085 tabernae
1758 6009 1820 6080 ba-

262 6132 389 6208 bentes
415 6156 530 6229 agros,
556 6137 600 6210 de
627 6138 752 6228 quibus
779 6136 938 6209 omnibus
965 6137 1112 6209 solvitur
1138 6144 1174 6209 et
1201 6134 1406 6208 conducitur
1432 6134 1566 6207 decima
1592 6131 1820 6223 manipularis

261 6262 304 6329 at
329 6258 506 6350 canapnlis
542 6279 608 6351 pro
643 6259 790 6330 ecclesia
815 6259 851 6329 in
878 6258 1034 6352 Zborom
1069 6264 1105 6330 et
1132 6259 1229 6330 valor
1265 6258 1339 6329 eius
1375 6257 1580 6329 aestimatur
1615 6254 1659 6327 ad
1696 6253 1818 6345 viginti

264 6398 411 6459 marcas
436 6380 527 6453 ltern
544 6388 626 6453 sunt
652 6381 701 6451 ibi
728 6381 796 6453 duo
814 6379 960 6470 praedia
976 6380 1162 6470 militaria,
1188 6401 1294 6452 nuum
1317 6379 1488 6451 Jobaunis
1514 6376 1819 6470 Ritbwyensky,

266 6497 416 6575 alterum
442 6502 578 6574 Nicolai
606 6502 892 6594 Byechowsk
900 6523 934 6594 y,
960 6508 997 6574 et
1023 6501 1067 6573 de
1085 6506 1233 6593 utroque
1259 6502 1407 6574 solvitur
1434 6501 1568 6573 decima
1594 6498 1817 6589 manipularis

260 6624 434 6697 00010οἰ00
460 6625 499 6699 10
523 6624 759 6717 Byechow.
793 6624 887 6717 Item
909 6624 1079 6715 plebanus
1114 6624 1220 6697 babet
1245 6624 1295 6697 ibi
1321 6644 1425 6714 agros
1451 6622 1630 6715 proprios,
1664 6641 1729 6713 pro
1756 6640 1819 6691 sua
