4200 8342
273 1627 347 1701 538

272 1838 353 1906 sunt
380 1834 513 1922 septam
538 1827 630 1900 lanei
657 1824 899 1914 cmethonales‚
926 1821 1117 1914 dequibus
1142 1822 1288 1921 solvitur
1314 1819 1452 1893 decima
1552 1817 1699 1909 ‘polaris
1716 1817 1816 1890 ecole-

272 1955 345 2026 siaa
370 1949 561 2042 parochiali
587 1949 623 2019 in
649 1945 858 2036 Megleu,
885 1950 921 2016 et
934 1939 1022 2017 'eius
1049 1943 1149 2015 valor
1175 1942 1379 2014 aestimatur·
1408 1940 1454 2013 ad
1519 1958 1710 2013 xmarcas
1735 1939 1815 2012 ltem

271 2077 327 2145 ost
351 2071 401 2144 ibi
426 2090 535 2161 unum
559 2068 740 2160 praedium
766 2066 931 2154 militare,
959 2046 1002 2136 de
1016 2085 1097 2154 -quo
1125 2064 1258 2135 decima
1284 2061 1512 2153 manipularis
1539 2060 1691 2135 solvitur
1717 2060 1816 2135 eccla

270 2194 343 2265 siae
369 2189 560 2282 parochiali
586 2190 625 2261 ia
649 2187 828 2288 Lublin.
1555 2184 1557 2191 '

375 2310 598 2383 Scaurusaa
624 2308 778 2396 Wonun,
805 2306 889 2378 villa
914 2305 978 2378 sub
1005 2304 1170 2395 parochia
1196 2305 1240 2377 de
1265 2305 1437 2377 Lublin
1463 2305 1544 2393 sita„
1576 2303 1678 2376 cuius
1699 2304 1815 2377 haeres

272 2414 436 2507 Nicolaus
462 2430 596 2525 Dzik·
616 2431 659 2501 de
686 2429 792 2501 armis
827 2427 1023 2518 Dolyua.
1068 2427 1109 2496 In
1137 2427 1233 2498 cuius
1269 2425 1551 2498 unarmedietate
1587 2431 1672 2498 sunt
1698 2425 1815 2516 viginti

272 2555 340 2625 duo
366 2551 460 2631 lanei
485 2550 728 2639 cmethonales,
755 2549 940 2639 dequibus
967 2547 1115 2621 solvitur
1141 2554 1178 2618 et
1204 2547 1407 2623 conducitur
1434 2546 1568 2633 decima
1593 2546 1814 2659 manipplagis

272 2694 336 2764 pro
362 2671 644 2744 archidiaconatu
671 2669 884 2758 Lublinensi,
912 2669 1011 2740 cuius
1037 2668 1136 2740 valor
1162 2667 1207 2739 ad
1233 2667 1428 2758 quindecim
1454 2686 1600 2739 marcas.
1636 2660 1727 2737 Item
1753 2687 1815 2739 non

271 2798 326 2864 est
351 2792 401 2863 ihi
428 2788 567 2880 aliquod
594 2789 792 2879 praedium,
819 2809 930 2879 nequa
957 2789 1120 2876 taberna,
1149 2808 1269 2878 nsque
1282 2786 1526 2859 hortulaniae
1570 2785 1661 2861 Item
1688 2787 1726 2858 in
1753 2786 1816 2859 alia

270 2911 454 2983 medietate
481 2910 584 2982 villae
613 2917 693 2981 sunt
721 2909 838 2981 decem
874 2909 965 2980 lanei
992 2909 1245 2998 emethonales,
1280 2909 1323 2981 de
1350 2908 1476 2998 quibus
1503 2907 1652 2979 soluitur
1677 2913 1716 2979 et
1742 2927 1815 2979 con·

270 3031 410 3124 ducitur
438 3031 569 3103 decimo
595 3031 820 3122 manipularis
847 3036 884 3101 et
910 3030 1085 3120 canapolis
1108 3016 1286 3102 ecclesiae
1300 3031 1334 3101 in
1362 3028 1569 3119 Maglone,
1596 3028 1697 3101 cuius
1724 3030 1816 3101 valor

269 3153 474 3226 aestimatur
502 3151 545 3224 ad
572 3156 651 3224 octo
679 3171 823 3222 marcas.
907 3224 910 3235 ,

318 3368 321 3375 Ι
372 3271 734 3363 Pnomscnowuoz's,
774 3271 858 3344 villa
885 3271 949 3343 suh
976 3271 1142 3362 parochia
1167 3271 1211 3344 de
1238 3268 1406 3343 Lublin
1442 3271 1530 3360 sita,
1571 3271 1671 3347 cuius
1699 3273 1816 3345 haeres

268 3393 393 3465 Petrus
420 3393 580 3485 Firley
609 3392 712 3464 iudex
739 3392 959 3464 Lublinensis
987 3392 1150 3464 dedomo
1170 3391 1402 3464 ¹howarth.
1429 3392 1470 3465 ln
1489 3411 1559 3482 qua
1585 3393 1815 3484 sunt.viginti

268 3514 361 3591 lauei
387 3514 637 3602 cmethonales,
654 3513 719 3606 „de
747 3514 872 3603 quibus
897 3513 1045 3585 solvitur
1072 3519 1109 3584 et
1135 3513 1337 3585 conducitur
1372 3513 1506 3585 decima
1531 3514 1742 3604 pecunialis,
1776 3515 1816 3585 de

269 3633 425 3729 quolibet
460 3634 561 3705 laneo
587 3652 650 3724 per
676 3653 738 3705 sex
763 3653 923 3723 grossos,
959 3631 1254 3711 archidiaconatui
1280 3633 1503 3724 Lublinensi,
1537 3640 1586 3706 et¹
1609 3636 1816 3724 proueniunt

268 3754 368 3825 annis
395 3753 539 3844 singulis
562 3755 717 3847 quinque
743 3772 889 3825 marcae.
927 3752 1017 3837 Item
1043 3774 1114 3827 non
1136 3760 1218 3825 sunt
1244 3755 1293 3826 ibi
1319 3755 1505 3844 tabernae,
1533 3775 1602 3827 non
1630 3761 1716 3829 sont
1739 3757 1815 3829 hor·

267 3874 431 3963 telonicae,
458 3895 528 3946 non
553 3879 607 3947 est
633 3873 823 3965 praedium
1219 3881 1221 3884 ’
1695 3938 1698 3945 .

301 4058 306 4065 .
372 3994 696 4085 Dzunssunurua,'
720 3995 804 4066 villa
830 3995 894 4067 suh
921 3995 1086 4086 parochia
1121 3994 1285 4067 acclesiae
1320 3996 1364 4068 de
1390 3995 1561 4068 Lublin
1598 3997 1687 4087 sita,
1722 3997 1815 4071 cuias

267 4115 463 4206 proprietas
492 4116 536 4186 ad
563 4115 881 4188 archidiaconatum
907 4115 1154 4188 Lublinensem
1181 4136 1258 4187 cum
1284 4118 1378 4189 omni
1404 4117 1481 4191 iure
1506 4117 1679 4208 pertinet,
1716 4140 1815 4211 quam

266 4234 526 4328 Gasimirus
553 4235 790 4308 Secundus
817 4236 983 4309 Poloniae
1008 4256 1071 4308 rex
1090 4258 1153 4327 pro
1172 4258 1242 4308 una
1269 4237 1385 4327 platea
1411 4238 1447 4308 in
1475 4220 1603 4329 oppido
1631 4238 1814 4328 Lublin‚

266 4375 355 4445 qnae
382 4361 458 4426 erat
484 4356 527 4427 de
554 4357 767 4446 proprietate
787 4357 1028 4437 ‚archidiaconi
1045 4357 1277 4446 Lublinensis,
1303 4358 1472 4431 asseritur
1499 4378 1750 4449 compensasse.
1776 4361 1813 4432 ln

267 4495 335 4566 qua
361 4480 443 4547 sunt
468 4474 649 4559 duodecim
675 4476 767 4548 lanei
793 4478 1046 4568 cmcthonales,
1086 4479 1171 4550 item
1198 4480 1345 4551 taberna
1371 4500 1441 4552 una
1466 4482 1599 4553 habens
1628 4503 1747 4572 agros,
1773 4481 1814 4553 de

265 4592 390 4685 quibus
418 4596 576 4668 omnibus
603 4597 750 4669 solvitur
777 4605 813 4669 et
840 4598 1042 4671 conducitur
1076 4588 1460 4692 decimamanipularis
1488 4607 1524 4673 et
1549 4603 1728 4693 campalis
1754 4624 1814 4693 pro

266 4716 545 4789 archidiaconatu
573 4717 785 4809 Lublinensi,
812 4719 909 4791 cuius
936 4720 1034 4796 ualor
1061 4721 1265 4793 aestimatur
1284 4722 1328 4794 ad
1346 4722 1526 4794 duodecim
1554 4744 1714 4796 marcas·
1729 4724 1813 4797 item

264 4844 317 4908 est
352 4838 401 4909 ihi
437 4838 616 4928 praedium
643 4839 877 4913 archidiaconi
903 4827 1145 4931 LublinensiS,
1181 4839 1311 4914 habens
1338 4863 1460 4933 agros,
1497 4844 1697 4935 dequibus
1731 4844 1813 4916 nulli

267 4958 372 5031 solvit
398 4959 576 5050 decimam,
603 4939 664 5032 sed
691 4960 792 5032 illam·
813 4981 876 5050 pro
904 4982 941 5032 se
967 4960 1069 5034 tollit
1263 5032 1266 5039 .

368 5078 571 5171 Ozncuow,
601 5081 690 5157 ,villa
717 5082 781 5153 sub
817 5082 982 5171 parochia
1016 5082 1061 5154 de
1087 5082 1260 5154 Luhlin
1297 5084 1381 5175 sita,
1417 5084 1514 5157 cuius
1540 5085 1665 5158 haeres
1692 5085 1813 5158 Petrus

268 5199 514 5290 Conynsky
541 5200 584 5272 de
611 5201 713 5274 domo
739 5201 880 5273 Rawa
897 5203 948 5302 *In
975 5223 1043 5293 qua
1070 5209 1152 5275 sunt
1171 5204 1297 5294 viginti
1322 5203 1437 5277 minua
1460 5206 1578 5279 medio
1604 5207 1699 5279 lanei
1725 5229 1813 5279 cmc·

266 5318 435 5407 thonales,
461 5319 504 5389 de
532 5321 656 5410 quibus
682 5322 829 5397 solvitur
856 5322 989 5425 decima
1014 5324 1240 5415 manipularis
1267 5326 1364 5397 vario
1383 5327 1497 5415 modo;
1523 5347 1603 5398 nam
1631 5327 1813 5401 deducam

264 5438 373 5509 laneis
401 5439 548 5527 percipit
575 5460 650 5509 earn
677 5420 978 5533 archidiaconatus
1000 5444 1232 5534 Lublinensis,
1258 5452 1295 5517 et
1322 5447 1420 5519 valor
1446 5447 1521 5520 eins
1547 5448 1592 5519 ad
1621 5455 1700 5523 outa
1725 5470 1813 5521 mar·

262 5581 338 5646 cas,
374 5558 416 5628 de
443 5578 568 5629 novem
594 5579 677 5635 vero
704 5560 814 5632 laneis
841 5569 878 5634 et
904 5564 1036 5653 medio,
1071 5566 1217 5637 ecclesia
1243 5574 1279 5637 et
1304 5567 1473 5656 plebanus
1499 5568 1743 5658 hommensis,
1779 5578 1813 5640 et

263 5680 361 5751 valor
388 5678 462 5751 eius
490 5678 693 5752 aestimatur
713 5680 758 5752 ad
776 5689 908 5772 septem
935 5704 1080 5757 marcas.
1107 5686 1194 5758 Item
1212 5687 1256 5767 ud
1275 5687 1440 5759 decimam
1460 5690 1583 5779 canapi
1604 5711 1675 5762 non
1693 5697 1813 5763 tenen-

260 5809 328 5873 tur.
355 5801 442 5872 Item
470 5806 551 5872 sunt
577 5802 626 5873 ibi
654 5808 726 5875 tres
750 5804 983 5894 hortulaniac‚
1009 5807 1094 5887 item
1120 5807 1352 5879 molendinum
1372 5808 1433 5880 sed
1452 5830 1521 5883 non
1540 5811 1672 5883 habent
1697 5830 1810 5904 agros,

258 5925 341 5997 item
369 5924 535 5995 tabernae
563 5946 631 5996 non
659 5931 758 6014 sunt,
794 5926 877 5997 item
906 5927 1087 6016 praedium·
1115 5949 1221 6003 unum
1247 5929 1416 6019 militare,
1452 5931 1495 6003 de
1523 5934 1597 6022 quo'
1619 5932 1812 6005 decimatur

257 6045 421 6118 ecclesiae
449 6045 641 6134 parochiali
668 6046 704 6116 in
731 6045 914 6117 Luhlin.
1579 6038 1586 6055 '

356 6166 639 6259 Bauuowrmn„
656 6167 739 6239 villa
766 6168 830 6239 suh
857 6168 1022 6256 parochia
1048 6168 1092 6240 da
1119 6168 1289 6242 Lublin
1317 6164 1396 6261 sita,
1424 6173 1522 6265 cuius
1549 6174 1747 6265 proprietas
1765 6175 1809 6244 ad

177 6326 180 6330 -
254 6288 457 6360 advocatum
484 6287 729 6359 Lublinensem
756 6289 916 6377 pertinet.
944 6289 985 6359 ln
1012 6311 1080 6379 qua
1107 6297 1188 6362 sunt
1211 6274 1305 6364 lanei
1333 6295 1574 6385 emethanales,
1601 6296 1686 6367 item
1704 6316 1806 6386 prae-

257 6410 368 6499 dium,
404 6409 446 6481 de
475 6410 598 6501 quihus
626 6411 784 6482 omnibus
810 6410 959 6483 solvitur
985 6411 1119 6489 decima
1145 6413 1371 6504 manipularis
1388 6390 1640 6548 ¹*leudesio
1666 6417 1703 6489 in
1730 6416 1808 6491 Lu-

256 6528 374 6618 blin‚
401 6537 436 6602 et
463 6531 561 6604 valor
575 6531 661 6605 eius
688 6531 893 6641 aestimatur
918 6532 965 6605 ad
992 6538 1143 6625 quatmr
1169 6554 1314 6609 marusa
1402 6594 1405 6602 .
