4200 8342
336 1616 412 1691 490

332 1824 376 1897 de
401 1823 497 1923 agris
525 1822 626 1893 unius
653 1816 854 1908 molendini,
882 1818 979 1889 cuius
1007 1816 1104 1889 ralor
1132 1816 1336 1887 aestimatur
1363 1814 1407 1887 ad
1435 1837 1496 1889 sex
1525 1836 1680 1905 marcas,
1709 1816 1753 1887 de
1780 1817 1884 1887 altera

331 1964 416 2019 uero
450 1942 637 2015 medietate
672 1960 835 2033 agrorum
871 1939 1112 2027 tabernarum,
1139 1937 1418 2009 hortulaniarum
1446 1942 1482 2008 et
1508 1936 1717 2027 molendini,
1746 1937 1886 2009 solvitur

331 2050 465 2141 decima
491 2062 528 2135 in
554 2060 684 2135 Nova
709 2058 819 2151 Slup
845 2059 1020 2149 ecclesiae,
1048 2058 1145 2130 cuius
1172 2058 1271 2130 valor
1298 2058 1505 2130 aestimatur
1523 2057 1567 2131 ad
1586 2078 1647 2131 sex
1666 2076 1814 2131 marcas.

434 2182 711 2257 birunuowsua
736 2180 901 2273 Wocun,
929 2180 992 2252 sub
1025 2180 1191 2273 parocbia
1218 2178 1261 2251 de
1288 2176 1415 2251 Nova
1441 2179 1551 2271 Slup
1579 2180 1655 2271 sita
1684 2179 1887 2275 cuiuspro

332 2308 465 2399 prietes
499 2304 545 2379 ad
570 2304 823 2397 monasterinm
849 2302 997 2375 Sanctae
1024 2299 1145 2373 Crucis
1172 2302 1334 2393 pertinet.
1374 2301 1414 2373 In
1443 2322 1512 2393 qna
1538 2307 1620 2374 snut
1647 2320 1773 2375 novem
1801 2300 1889 2385 lanol

332 2426 576 2517 cmetbonales,
603 2425 770 2497 tabernae
784 2404 886 2517 duae
912 2423 1081 2496 habentes
1108 2443 1220 2514 agros,
1239 2422 1458 2495 hortulaniae
1480 2423 1569 2495 duae
1588 2412 1759 2497 babentes
1778 2442 1889 2515 agros,

334 2548 531 2640 dequibus
565 2546 759 2619 decimatur
784 2544 995 2641 monasterio
1023 2542 1171 2617 Sanctae
1199 2542 1338 2633 Crucis,
1366 2550 1404 2616 et
1429 2533 1528 2616 valor
1555 2544 1710 2617 decimae
1740 2544 1888 2636 quinque

173 2760 176 2765 Ι
234 2730 238 2735 .
334 2690 537 2743 marcarum.
563 2666 642 2739 Non
668 2670 724 2741 eat
748 2664 933 2739 in-eadem
959 2666 1043 2737 villa
1069 2664 1259 2758 praedium,
1288 2686 1399 2757 neque
1426 2666 1593 2739 scultetia.
1662 2720 1667 2729 .

437 2790 729 2879 anonowuuzn,
756 2786 840 2861 villa
865 2788 930 2861 sub
956 2787 1123 2878 parochia
1149 2786 1192 2859 de
1219 2786 1344 2860 Nora
1370 2786 1478 2878 Slup
1506 2787 1585 2878 sita,
1612 2788 1713 2859 cuius
1733 2788 1888 2879 proprie·

332 2917 387 2985 tas
413 2909 458 2982 ad
483 2910 729 2983 monasterium
756 2896 903 2983 Sanctae
930 2906 1051 2981 Crucis
1077 2908 1240 3001 pertinet.
1266 2908 1307 2980 In
1335 2928 1403 2999 qua
1430 2913 1511 2981 sunt
1537 2913 1671 3001 septem
1691 2908 1786 2981 lanei
1806 2928 1891 2981 crue

333 3032 508 3123 thonales,
534 3052 604 3103 una
639 3031 787 3103 taberna
812 3030 945 3103 habens
972 3050 1094 3121 agree,
1122 3031 1206 3101 item
1232 3029 1452 3103 hortulaniae
1479 3035 1570 3122 tres,
1597 3031 1682 3103 item
1712 3031 1889 3121 praedium

332 3174 439 3225 unum
466 3153 683 3243 coenobiale,
710 3151 754 3225 de
783 3152 908 3245 quibus
936 3151 1113 3241 omnibus,
1140 3151 1231 3224 tollit
1257 3150 1424 3223 decimam
1452 3150 1702 3243 manipularem
1730 3157 1767 3223 et
1794 3171 1891 3223 cana·

333 3274 447 3368 palem
481 3272 729 3347 monasterium
764 3272 913 3349 Sanctae
949 3271 1091 3365 Crucis,
1126 3278 1162 3346 et
1195 3273 1294 3346 valor
1330 3274 1404 3347 cius
1441 3254 1648 3347 aestimatur
1682 3272 1729 3346 ad
1761 3278 1891 3367 septen

334 3390 479 3471 marcae.

438 3516 628 3609 Wrunow,
655 3514 739 3587 villa
766 3516 829 3587 sub
856 3515 1021 3608 parocbia
1048 3515 1092 3588 de
1119 3515 1247 3588 Nova
1272 3516 1382 3607 Slup
1410 3517 1487 3607 sita,
1516 3517 1612 3588 cuius
1631 3518 1833 3609 proprietas
1851 3518 1891 3589 ad

332 3638 582 3715 moumteriunr
609 3634 757 3709 Sanctae
783 3634 906 3709 Crucis
931 3638 1093 3729 pertinet.
1120 3637 1160 3709 In
1189 3658 1258 3728 qua
1285 3643 1365 3710 sunt
1394 3638 1544 3729 quinque
1569 3638 1662 3709 lanei
1691 3638 1891 3711 cmetbona·

332 3760 394 3855 les,
420 3764 458 3833 et
482 3778 552 3833 una
577 3758 777 3831 lrortulania
802 3758 934 3831 babens
962 3778 1077 3851 agros,
1096 3759 1139 3832 de
1158 3759 1284 3851 quibus
1302 3758 1493 3831 decimatur
1511 3758 1688 3851 manipulo
1706 3766 1744 3833 et
1762 3780 1891 3853 canapo

333 3902 399 3975 pro
425 3880 572 3955 eeclesia
599 3881 634 3952 in
661 3879 1119 3972 Szwyanthamarza,
1148 3886 1185 3953 et
1211 3881 1309 3953 valor
1335 3881 1410 3953 eius
1437 3882 1641 3953 aestimatur
1667 3882 1713 3953 ad
1742 3882 1891 3973 quinque

335 4022 478 4075 marcas.
504 4001 593 4073 Item
620 4022 690 4074 non
707 4006 772 4073 est
797 3999 978 4093 praedium
1005 4000 1147 4093 aliquod
1174 4002 1209 4072 in
1237 4000 1358 4074 eadem
1384 4001 1478 4095 villa,
1506 4002 1567 4076 sed
1586 4007 1641 4076 est
1658 4002 1891 4077 molendinum

334 4120 543 4199 coenobiale.
1120 4218 1123 4223 Ι

326 4338 337 4347 ἢ
436 4242 699 4334 Mrnoczrczn,
726 4243 810 4315 rilla
836 4243 899 4315 sub
927 4240 1094 4335 parocbia
1121 4241 1166 4316 de¹
1191 4241 1316 4317 Nora
1342 4243 1452 4335 Slup
1480 4244 1556 4336 sita,
1575 4244 1672 4317 cuius
1691 4246 1889 4337 proprietas

324 4322 381 4439 it
405 4356 653 4439 monasterium
680 4363 828 4437 Sanctae
854 4362 976 4437 Crucis
1002 4364 1165 4456 pertinet.
1191 4365 1232 4437 In
1260 4386 1328 4457 qua
1355 4371 1436 4439 sunt
1454 4386 1514 4439 sex
1532 4366 1625 4441 lanai
1642 4368 1889 4459 amethonales,

338 4484 427 4558 duae
454 4485 680 4578 bortrdaniae,
708 4486 877 4558 tabernae
903 4540 911 4557 .
939 4541 946 4555 .
974 4541 982 4556 .
1009 4540 1036 4576 .,
1064 4484 1107 4558 de
1134 4487 1259 4577 quibus
1286 4486 1478 4561 decimatur
1505 4489 1717 4562 monasterio
1745 4488 1892 4583 Sanctae

336 4606 467 4699 Crucis,
495 4613 531 4680 et
558 4607 656 4679 valor
681 4607 755 4680 eius
781 4607 826 4679 ad
853 4628 914 4679 sex
940 4627 1086 4679 marcas.
1113 4608 1201 4681 Item
1228 4609 1407 4701 praedium
1435 4632 1505 4683 non
1532 4616 1588 4683 est
1605 4610 1641 4683 in
1659 4610 1784 4685 eadem
1802 4588 1898 4683 rillrc¹

438 4729 778 4822 Kornzrwrurrun,
805 4729 890 4801 rilla
924 4730 988 4801 nub
1025 4730 1190 4822 parocbia
1226 4730 1268 4802 do
1305 4729 1515 4823 Antiqua
1542 4731 1651 4825 Slup
1679 4732 1768 4824 sita,
1797 4734 1892 4807 cuius

335 4853 532 4945 proprietas
567 4852 611 4923 ad
639 4851 888 4926 monasterium
916 4850 1063 4925 Sanctae
1090 4848 1211 4925 Crucis
1238 4853 1400 4944 pertinet.
1440 4854 1481 4925 ln
1509 4875 1577 4946 qua
1603 4860 1685 4927 sunt
1712 4876 1775 4927 sex
1802 4854 1892 4927 lanei

336 4974 590 5064 cmetlronales,
615 4975 696 5045 item
724 4975 908 5063 tabernae,
935 4975 1019 5046 item
1046 4973 1284 5064 hortulaniac,
1312 4974 1355 5045 de
1383 4975 1507 5064 quibus
1534 4974 1710 5067 perceptio
1738 4974 1893 5049 decimae

335 5098 609 5185 diversificatur3
646 5116 716 5167 una
751 5098 842 5167 onim
877 5117 959 5186 pars
987 5095 1089 5167 villae
1117 5095 1231 5169 media
1257 5094 1407 5169 decimat
1433 5097 1599 5169 ecclesiae
1626 5096 1661 5169 in
1690 5096 1892 5171 Bodzau-

336 5219 443 5308 cain,
470 5224 506 5289 et
531 5217 630 5289 valor
656 5218 731 5290 cius
757 5218 801 5289 ad
829 5224 901 5290 tres
928 5238 1062 5290 marcas
1090 5219 1304 5308 aestimatur,
1324 5219 1435 5291 altera
1452 5240 1516 5311 pro
1535 5219 1680 5292 ecclesia
1697 5218 1733 5291 in
1752 5218 1892 5293 Kram-

336 5360 398 5429 pa,
426 5343 462 5409 et
487 5339 586 5410 valor
612 5340 688 5413 eius
715 5340 759 5412 ad
787 5346 858 5411 tros
885 5361 1030 5412 marcae.
1058 5340 1145 5415 ltenr
1165 5346 1219 5413 est
1235 5341 1285 5413 ibi
1303 5340 1483 5432 praedium
1504 5340 1713 5433 coenobiale,
1732 5341 1778 5415 de
1796 5342 1892 5415 cuius

337 5460 430 5551 agris
458 5458 658 5531 decimatur.

1019 5686 1206 5760 Cruorczn.

439 5827 534 5899 Villa
569 5826 702 5897 babens
735 5828 769 5898 in
807 5849 855 5899 sc.
871 5828 1103 5919 parochialem
1132 5828 1329 5917 ecclesiam,
1358 5828 1488 5901 Beatae
1525 5826 1653 5920 virgini
1680 5832 1718 5903 et
1745 5830 1889 5925 martyri

335 5950 581 6041 biargarctbac
608 5946 766 6040 dicatam,
793 5955 831 6022 et
857 5951 983 6041 partim
1009 5951 1143 6042 lapide,
1170 5950 1298 6043 partim
1325 5950 1435 6023 latero
1462 5950 1665 6023 fabricatam
1694 5972 1807 6045 muro,
1832 5972 1890 6043 per

335 6070 585 6163 Swycczslaom
619 6071 662 6143 de
689 6070 1121 6163 Swyanszkowicze
1156 6072 1359 6163 haeredem,
1395 6072 1638 6145 cancellarium
1664 6070 1891 6167 Dobrzynen·

335 6215 416 6285 sem,
444 6198 480 6265 et
506 6192 678 6265 blatbiam
705 6194 748 6265 de
775 6193 895 6266 eadem
913 6193 1095 6287 Suyecz
1108 6194 1334 6285 slawicze,
1353 6192 1479 6267 iratres
1496 6215 1689 6286 germanos,
1708 6196 1890 6269 canonicos

336 6314 593 6407 Cracovienses,
620 6315 754 6388 nobiles
781 6315 824 6387 de
852 6317 959 6389 armis
986 6316 1360 6409 Schirokomlya,
1388 6318 1486 6390 cuins
1513 6318 1619 6391 etiarn
1647 6318 1684 6403 in
1722 6319 1890 6393 hactenns

337 6444 417 6509 sunt
442 6438 666 6510 haeredes...
680 6438 723 6511 de
741 6437 1140 6530 Swyanskowicze
1166 6439 1339 6513 dictorum
1357 6439 1585 6533 Swyeczslari
1603 6444 1640 6513 et
1656 6438 1819 6517 Mutiliae
1837 6462 1890 6513 ca·

336 6558 536 6635 nonicorunr
563 6560 853 6653 Cracoviensium,
880 6583 902 6633 a
929 6562 1055 6654 quibus
1073 6583 1143 6635 nno
1160 6562 1282 6635 domus
1300 6561 1511 6653 canonicalis
1522 6561 1684 6635 lateritia
1701 6560 1890 6657 lnpostioo
