<?xml version="1.0" encoding="UTF-8"?>
<!DOCTYPE html PUBLIC "-//W3C//DTD XHTML 1.0 Transitional//EN"
    "http://www.w3.org/TR/xhtml1/DTD/xhtml1-transitional.dtd">
<html xmlns="http://www.w3.org/1999/xhtml" xml:lang="en" lang="en">
 <head>
  <title>
</title>
<meta http-equiv="Content-Type" content="text/html;charset=utf-8" />
  <meta name='ocr-system' content='tesseract 3.04.00' />
  <meta name='ocr-capabilities' content='ocr_page ocr_carea ocr_par ocr_line ocrx_word'/>
</head>
<body>
  <div class='ocr_page' id='page_1' title='image "./joannisdugoszse01dugoog_0331.png"; bbox 0 0 4200 8342; ppageno 0'>
   <div class='ocr_carea' id='block_1_1' title="bbox 252 1298 1852 6021">
    <p class='ocr_par' dir='ltr' id='par_1_1' title="bbox 252 1298 1852 6021">
     <span class='ocr_line' id='line_1_1' title="bbox 279 1298 1827 1403; baseline -0.001 -30"><span class='ocrx_word' id='word_1_1' title='bbox 279 1299 365 1373; x_wconf 82' lang='lat' dir='ltr'><strong>uene</strong></span> <span class='ocrx_word' id='word_1_2' title='bbox 400 1298 541 1403; x_wconf 81' lang='lat' dir='ltr'><strong>lirnrata</strong></span> <span class='ocrx_word' id='word_1_3' title='bbox 573 1320 650 1371; x_wconf 88' lang='lat' dir='ltr'><strong>cum</strong></span> <span class='ocrx_word' id='word_1_4' title='bbox 686 1299 857 1372; x_wconf 88' lang='lat' dir='ltr'><strong>clausuris</strong></span> <span class='ocrx_word' id='word_1_5' title='bbox 891 1305 928 1370; x_wconf 93' lang='lat' dir='ltr'><strong>et</strong></span> <span class='ocrx_word' id='word_1_6' title='bbox 960 1298 1199 1389; x_wconf 80' lang='lat' dir='ltr'><strong>ferramentis,</strong></span> <span class='ocrx_word' id='word_1_7' title='bbox 1228 1298 1271 1371; x_wconf 91' lang='lat' dir='ltr'><strong>ad</strong></span> <span class='ocrx_word' id='word_1_8' title='bbox 1299 1320 1402 1390; x_wconf 88' lang='lat' dir='ltr'><strong>quam</strong></span> <span class='ocrx_word' id='word_1_9' title='bbox 1429 1299 1503 1389; x_wconf 89' lang='lat' dir='ltr'><strong>ipse</strong></span> <span class='ocrx_word' id='word_1_10' title='bbox 1530 1298 1697 1389; x_wconf 88' lang='lat' dir='ltr'><strong>plebanus</strong></span> <span class='ocrx_word' id='word_1_11' title='bbox 1715 1322 1827 1375; x_wconf 47' lang='lat' dir='ltr'><strong>‘urnam</strong></span> 
     </span>
     <span class='ocr_line' id='line_1_2' title="bbox 277 1420 1827 1512; baseline 0.003 -19"><span class='ocrx_word' id='word_1_12' title='bbox 277 1420 421 1495; x_wconf 79' lang='lat' dir='ltr'><strong>babebit</strong></span> <span class='ocrx_word' id='word_1_13' title='bbox 446 1422 587 1512; x_wconf 86' lang='lat' dir='ltr'><strong>clavem,</strong></span> <span class='ocrx_word' id='word_1_14' title='bbox 613 1427 650 1493; x_wconf 90' lang='lat' dir='ltr'><strong>ct</strong></span> <span class='ocrx_word' id='word_1_15' title='bbox 676 1420 835 1493; x_wconf 89' lang='lat' dir='ltr'><strong>dominns</strong></span> <span class='ocrx_word' id='word_1_16' title='bbox 861 1422 984 1491; x_wconf 79' lang='lat' dir='ltr'>haeres</span> <span class='ocrx_word' id='word_1_17' title='bbox 1012 1421 1125 1511; x_wconf 90' lang='lat' dir='ltr'><strong>aliam,</strong></span> <span class='ocrx_word' id='word_1_18' title='bbox 1152 1421 1187 1491; x_wconf 91' lang='lat' dir='ltr'><strong>in</strong></span> <span class='ocrx_word' id='word_1_19' title='bbox 1215 1421 1379 1493; x_wconf 88' lang='lat' dir='ltr'><strong>thesauro</strong></span> <span class='ocrx_word' id='word_1_20' title='bbox 1406 1441 1468 1491; x_wconf 87' lang='lat' dir='ltr'><strong>seu</strong></span> <span class='ocrx_word' id='word_1_21' title='bbox 1487 1420 1647 1493; x_wconf 76' lang='lat' dir='ltr'><strong>sacristia</strong></span> <span class='ocrx_word' id='word_1_22' title='bbox 1663 1422 1827 1499; x_wconf 82' lang='lat' dir='ltr'><strong>eeclesiae</strong></span> 
     </span>
     <span class='ocr_line' id='line_1_3' title="bbox 279 1542 1830 1635; baseline 0 -22"><span class='ocrx_word' id='word_1_23' title='bbox 279 1560 486 1615; x_wconf 86' lang='lat' dir='ltr'><strong>conservare</strong></span> <span class='ocrx_word' id='word_1_24' title='bbox 512 1564 660 1635; x_wconf 83' lang='lat' dir='ltr'><strong>semper,</strong></span> <span class='ocrx_word' id='word_1_25' title='bbox 686 1548 723 1613; x_wconf 89' lang='lat' dir='ltr'><strong>et</strong></span> <span class='ocrx_word' id='word_1_26' title='bbox 749 1564 816 1614; x_wconf 91' lang='lat' dir='ltr'><strong>non</strong></span> <span class='ocrx_word' id='word_1_27' title='bbox 845 1561 1017 1632; x_wconf 86' lang='lat' dir='ltr'><strong>exponere</strong></span> <span class='ocrx_word' id='word_1_28' title='bbox 1043 1542 1239 1613; x_wconf 91' lang='lat' dir='ltr'><strong>huiusmodi</strong></span> <span class='ocrx_word' id='word_1_29' title='bbox 1266 1542 1430 1631; x_wconf 82' lang='lat' dir='ltr'><strong>pecunias</strong></span> <span class='ocrx_word' id='word_1_30' title='bbox 1457 1542 1549 1631; x_wconf 92' lang='lat' dir='ltr'><strong>alibi,</strong></span> <span class='ocrx_word' id='word_1_31' title='bbox 1568 1542 1634 1613; x_wconf 91' lang='lat' dir='ltr'><strong>uisi</strong></span> <span class='ocrx_word' id='word_1_32' title='bbox 1653 1562 1717 1633; x_wconf 93' lang='lat' dir='ltr'><strong>pro</strong></span> <span class='ocrx_word' id='word_1_33' title='bbox 1736 1542 1830 1614; x_wconf 85' lang='lat' dir='ltr'><strong>aedi-</strong></span> 
     </span>
     <span class='ocr_line' id='line_1_4' title="bbox 281 1662 1830 1754; baseline 0.001 -20"><span class='ocrx_word' id='word_1_34' title='bbox 281 1662 364 1736; x_wconf 85' lang='lat' dir='ltr'><strong>ficiis</strong></span> <span class='ocrx_word' id='word_1_35' title='bbox 392 1670 431 1737; x_wconf 89' lang='lat' dir='ltr'><strong>et</strong></span> <span class='ocrx_word' id='word_1_36' title='bbox 456 1664 535 1736; x_wconf 86' lang='lat' dir='ltr'><strong>aliis</strong></span> <span class='ocrx_word' id='word_1_37' title='bbox 562 1665 767 1737; x_wconf 85' lang='lat' dir='ltr'><strong>necessariis</strong></span> <span class='ocrx_word' id='word_1_38' title='bbox 794 1665 929 1754; x_wconf 86' lang='lat' dir='ltr'><strong>magnis</strong></span> <span class='ocrx_word' id='word_1_39' title='bbox 955 1664 1121 1733; x_wconf 85' lang='lat' dir='ltr'><strong>ecclesiae</strong></span> <span class='ocrx_word' id='word_1_40' title='bbox 1148 1663 1356 1752; x_wconf 77' lang='lat' dir='ltr'><strong>praedictae,</strong></span> <span class='ocrx_word' id='word_1_41' title='bbox 1375 1683 1451 1733; x_wconf 90' lang='lat' dir='ltr'><strong>cum</strong></span> <span class='ocrx_word' id='word_1_42' title='bbox 1470 1663 1658 1753; x_wconf 84' lang='lat' dir='ltr'><strong>voluptate,</strong></span> <span class='ocrx_word' id='word_1_43' title='bbox 1676 1664 1830 1753; x_wconf 91' lang='lat' dir='ltr'><strong>consilio,</strong></span> 
     </span>
     <span class='ocr_line' id='line_1_5' title="bbox 281 1784 1831 1875; baseline -0.001 -19"><span class='ocrx_word' id='word_1_44' title='bbox 281 1790 310 1857; x_wconf 87' lang='lat' dir='ltr'><strong>et</strong></span> <span class='ocrx_word' id='word_1_45' title='bbox 336 1792 440 1858; x_wconf 85' lang='lat' dir='ltr'><strong>certa</strong></span> <span class='ocrx_word' id='word_1_46' title='bbox 475 1787 619 1857; x_wconf 88' lang='lat' dir='ltr'><strong>seientia</strong></span> <span class='ocrx_word' id='word_1_47' title='bbox 654 1786 782 1857; x_wconf 92' lang='lat' dir='ltr'><strong>domini</strong></span> <span class='ocrx_word' id='word_1_48' title='bbox 811 1786 972 1857; x_wconf 78' lang='lat' dir='ltr'><strong>haeredis</strong></span> <span class='ocrx_word' id='word_1_49' title='bbox 998 1806 1058 1855; x_wconf 91' lang='lat' dir='ltr'><strong>seu</strong></span> <span class='ocrx_word' id='word_1_50' title='bbox 1088 1786 1245 1875; x_wconf 90' lang='lat' dir='ltr'><strong>patroni,</strong></span> <span class='ocrx_word' id='word_1_51' title='bbox 1273 1784 1432 1873; x_wconf 74' lang='lat' dir='ltr'><strong>cpurrdquc</strong></span> <span class='ocrx_word' id='word_1_52' title='bbox 1460 1784 1626 1873; x_wconf 89' lang='lat' dir='ltr'><strong>plebanus</strong></span> <span class='ocrx_word' id='word_1_53' title='bbox 1654 1806 1717 1875; x_wconf 90' lang='lat' dir='ltr'><strong>pro</strong></span> <span class='ocrx_word' id='word_1_54' title='bbox 1746 1792 1831 1855; x_wconf 89' lang='lat' dir='ltr'><strong>tern-</strong></span> 
     </span>
     <span class='ocr_line' id='line_1_6' title="bbox 278 1906 1831 1998; baseline -0.002 -20"><span class='ocrx_word' id='word_1_55' title='bbox 278 1926 360 1995; x_wconf 90' lang='lat' dir='ltr'><strong>pore</strong></span> <span class='ocrx_word' id='word_1_56' title='bbox 389 1909 508 1979; x_wconf 85' lang='lat' dir='ltr'><strong>vinum</strong></span> <span class='ocrx_word' id='word_1_57' title='bbox 544 1914 579 1979; x_wconf 90' lang='lat' dir='ltr'><strong>et</strong></span> <span class='ocrx_word' id='word_1_58' title='bbox 606 1908 736 1979; x_wconf 90' lang='lat' dir='ltr'><strong>lumina</strong></span> <span class='ocrx_word' id='word_1_59' title='bbox 771 1928 835 1998; x_wconf 92' lang='lat' dir='ltr'><strong>pro</strong></span> <span class='ocrx_word' id='word_1_60' title='bbox 863 1908 1069 1979; x_wconf 86' lang='lat' dir='ltr'><strong>necessitate</strong></span> <span class='ocrx_word' id='word_1_61' title='bbox 1097 1906 1249 1977; x_wconf 90' lang='lat' dir='ltr'><strong>eiusdem</strong></span> <span class='ocrx_word' id='word_1_62' title='bbox 1277 1906 1443 1977; x_wconf 86' lang='lat' dir='ltr'><strong>ecclesiae</strong></span> <span class='ocrx_word' id='word_1_63' title='bbox 1471 1926 1690 1995; x_wconf 88' lang='lat' dir='ltr'><strong>comparare,</strong></span> <span class='ocrx_word' id='word_1_64' title='bbox 1718 1908 1831 1977; x_wconf 91' lang='lat' dir='ltr'><strong>arcbi-</strong></span> 
     </span>
     <span class='ocr_line' id='line_1_7' title="bbox 276 2026 1832 2119; baseline -0.002 -20"><span class='ocrx_word' id='word_1_65' title='bbox 276 2026 462 2100; x_wconf 89' lang='lat' dir='ltr'><strong>diaconum</strong></span> <span class='ocrx_word' id='word_1_66' title='bbox 490 2050 551 2101; x_wconf 89' lang='lat' dir='ltr'><strong>seu</strong></span> <span class='ocrx_word' id='word_1_67' title='bbox 578 2030 795 2101; x_wconf 83' lang='lat' dir='ltr'><strong>visitatorem</strong></span> <span class='ocrx_word' id='word_1_68' title='bbox 823 2030 982 2119; x_wconf 81' lang='lat' dir='ltr'><strong>excipere</strong></span> <span class='ocrx_word' id='word_1_69' title='bbox 1009 2036 1046 2099; x_wconf 90' lang='lat' dir='ltr'><strong>et</strong></span> <span class='ocrx_word' id='word_1_70' title='bbox 1073 2049 1278 2119; x_wconf 87' lang='lat' dir='ltr'><strong>procurare,</strong></span> <span class='ocrx_word' id='word_1_71' title='bbox 1306 2048 1413 2118; x_wconf 81' lang='lat' dir='ltr'><strong>eqrros</strong></span> <span class='ocrx_word' id='word_1_72' title='bbox 1442 2028 1580 2097; x_wconf 82' lang='lat' dir='ltr'><strong>vicariis</strong></span> <span class='ocrx_word' id='word_1_73' title='bbox 1607 2028 1651 2097; x_wconf 93' lang='lat' dir='ltr'><strong>ad</strong></span> <span class='ocrx_word' id='word_1_74' title='bbox 1679 2028 1832 2097; x_wconf 87' lang='lat' dir='ltr'><strong>infirmos</strong></span> 
     </span>
     <span class='ocr_line' id='line_1_8' title="bbox 270 2148 1832 2237; baseline -0.003 -17"><span class='ocrx_word' id='word_1_75' title='bbox 270 2151 541 2223; x_wconf 88' lang='lat' dir='ltr'><strong>transeuntibus</strong></span> <span class='ocrx_word' id='word_1_76' title='bbox 568 2151 611 2222; x_wconf 90' lang='lat' dir='ltr'><strong>ad</strong></span> <span class='ocrx_word' id='word_1_77' title='bbox 640 2150 915 2222; x_wconf 88' lang='lat' dir='ltr'><strong>administranda</strong></span> <span class='ocrx_word' id='word_1_78' title='bbox 941 2156 1159 2223; x_wconf 90' lang='lat' dir='ltr'><strong>sacramenta</strong></span> <span class='ocrx_word' id='word_1_79' title='bbox 1186 2149 1356 2237; x_wconf 86' lang='lat' dir='ltr'><strong>ordinare,</strong></span> <span class='ocrx_word' id='word_1_80' title='bbox 1377 2148 1648 2219; x_wconf 74' lang='lat' dir='ltr'><strong>contributiones</strong></span> <span class='ocrx_word' id='word_1_81' title='bbox 1666 2168 1729 2237; x_wconf 88' lang='lat' dir='ltr'><strong>per</strong></span> <span class='ocrx_word' id='word_1_82' title='bbox 1749 2169 1832 2237; x_wconf 88' lang='lat' dir='ltr'><strong>apo-</strong></span> 
     </span>
     <span class='ocr_line' id='line_1_9' title="bbox 265 2269 1832 2360; baseline -0.004 -17"><span class='ocrx_word' id='word_1_83' title='bbox 265 2272 442 2349; x_wconf 83' lang='lat' dir='ltr'><strong>stolicum</strong></span> <span class='ocrx_word' id='word_1_84' title='bbox 469 2275 543 2346; x_wconf 81' lang='lat' dir='ltr'><strong>siue</strong></span> <span class='ocrx_word' id='word_1_85' title='bbox 570 2273 783 2344; x_wconf 90' lang='lat' dir='ltr'><strong>ordinarium</strong></span> <span class='ocrx_word' id='word_1_86' title='bbox 822 2272 1002 2342; x_wconf 88' lang='lat' dir='ltr'><strong>institutas</strong></span> <span class='ocrx_word' id='word_1_87' title='bbox 1029 2278 1066 2343; x_wconf 90' lang='lat' dir='ltr'><strong>ct</strong></span> <span class='ocrx_word' id='word_1_88' title='bbox 1093 2271 1341 2360; x_wconf 71' lang='lat' dir='ltr'><strong>instituendae,</strong></span> <span class='ocrx_word' id='word_1_89' title='bbox 1368 2292 1431 2359; x_wconf 91' lang='lat' dir='ltr'><strong>pro</strong></span> <span class='ocrx_word' id='word_1_90' title='bbox 1468 2276 1546 2341; x_wconf 90' lang='lat' dir='ltr'><strong>rata</strong></span> <span class='ocrx_word' id='word_1_91' title='bbox 1581 2290 1664 2341; x_wconf 77' lang='lat' dir='ltr'><strong>strue</strong></span> <span class='ocrx_word' id='word_1_92' title='bbox 1698 2269 1832 2339; x_wconf 81' lang='lat' dir='ltr'><strong>merliae</strong></span> 
     </span>
     <span class='ocr_line' id='line_1_10' title="bbox 258 2391 1833 2485; baseline -0.004 -20"><span class='ocrx_word' id='word_1_93' title='bbox 258 2395 410 2485; x_wconf 86' lang='lat' dir='ltr'><strong>partis,</strong></span> <span class='ocrx_word' id='word_1_94' title='bbox 437 2401 510 2466; x_wconf 85' lang='lat' dir='ltr'><strong>tres</strong></span> <span class='ocrx_word' id='word_1_95' title='bbox 536 2416 619 2465; x_wconf 86' lang='lat' dir='ltr'><strong>vero</strong></span> <span class='ocrx_word' id='word_1_96' title='bbox 646 2393 870 2465; x_wconf 86' lang='lat' dir='ltr'><strong>nrarrsionarii</strong></span> <span class='ocrx_word' id='word_1_97' title='bbox 898 2414 961 2483; x_wconf 93' lang='lat' dir='ltr'><strong>pro</strong></span> <span class='ocrx_word' id='word_1_98' title='bbox 990 2398 1068 2465; x_wconf 88' lang='lat' dir='ltr'><strong>rata</strong></span> <span class='ocrx_word' id='word_1_99' title='bbox 1095 2393 1238 2463; x_wconf 89' lang='lat' dir='ltr'><strong>alterius</strong></span> <span class='ocrx_word' id='word_1_100' title='bbox 1265 2392 1374 2481; x_wconf 90' lang='lat' dir='ltr'><strong>partis</strong></span> <span class='ocrx_word' id='word_1_101' title='bbox 1401 2391 1554 2481; x_wconf 85' lang='lat' dir='ltr'><strong>solvere,</strong></span> <span class='ocrx_word' id='word_1_102' title='bbox 1582 2392 1652 2461; x_wconf 90' lang='lat' dir='ltr'><strong>sint</strong></span> <span class='ocrx_word' id='word_1_103' title='bbox 1678 2392 1833 2478; x_wconf 87' lang='lat' dir='ltr'><strong>astrioti;</strong></span> 
     </span>
     <span class='ocr_line' id='line_1_11' title="bbox 253 2508 1833 2605; baseline -0.003 -18"><span class='ocrx_word' id='word_1_104' title='bbox 253 2534 393 2587; x_wconf 83' lang='lat' dir='ltr'><strong>ceram</strong></span> <span class='ocrx_word' id='word_1_105' title='bbox 422 2516 525 2589; x_wconf 90' lang='lat' dir='ltr'><strong>etiam</strong></span> <span class='ocrx_word' id='word_1_106' title='bbox 553 2522 589 2587; x_wconf 91' lang='lat' dir='ltr'><strong>et</strong></span> <span class='ocrx_word' id='word_1_107' title='bbox 614 2515 758 2604; x_wconf 92' lang='lat' dir='ltr'><strong>lumina,</strong></span> <span class='ocrx_word' id='word_1_108' title='bbox 785 2536 874 2605; x_wconf 76' lang='lat' dir='ltr'><strong>(pirae</strong></span> <span class='ocrx_word' id='word_1_109' title='bbox 901 2515 1085 2605; x_wconf 75' lang='lat' dir='ltr'><strong>piovenire</strong></span> <span class='ocrx_word' id='word_1_110' title='bbox 1112 2514 1278 2586; x_wconf 89' lang='lat' dir='ltr'><strong>ccclesiae</strong></span> <span class='ocrx_word' id='word_1_111' title='bbox 1305 2518 1577 2601; x_wconf 87' lang='lat' dir='ltr'><strong>corrsvevcrunt,</strong></span> <span class='ocrx_word' id='word_1_112' title='bbox 1605 2517 1685 2601; x_wconf 93' lang='lat' dir='ltr'><strong>post</strong></span> <span class='ocrx_word' id='word_1_113' title='bbox 1712 2508 1833 2582; x_wconf 89' lang='lat' dir='ltr'><strong>defun·</strong></span> 
     </span>
     <span class='ocr_line' id='line_1_12' title="bbox 252 2634 1832 2729; baseline -0.005 -18"><span class='ocrx_word' id='word_1_114' title='bbox 252 2644 352 2711; x_wconf 78' lang='lat' dir='ltr'><strong>etos</strong></span> <span class='ocrx_word' id='word_1_115' title='bbox 380 2659 445 2709; x_wconf 89' lang='lat' dir='ltr'><strong>seu</strong></span> <span class='ocrx_word' id='word_1_116' title='bbox 468 2658 684 2729; x_wconf 81' lang='lat' dir='ltr'><strong>quocumque</strong></span> <span class='ocrx_word' id='word_1_117' title='bbox 711 2638 780 2709; x_wconf 88' lang='lat' dir='ltr'><strong>alio</strong></span> <span class='ocrx_word' id='word_1_118' title='bbox 808 2636 919 2727; x_wconf 92' lang='lat' dir='ltr'><strong>modo,</strong></span> <span class='ocrx_word' id='word_1_119' title='bbox 946 2643 1008 2708; x_wconf 92' lang='lat' dir='ltr'><strong>aut</strong></span> <span class='ocrx_word' id='word_1_120' title='bbox 1034 2657 1249 2727; x_wconf 67' lang='lat' dir='ltr'><strong>quercumque</strong></span> <span class='ocrx_word' id='word_1_121' title='bbox 1276 2636 1346 2705; x_wconf 78' lang='lat' dir='ltr'><strong>alio</strong></span> <span class='ocrx_word' id='word_1_122' title='bbox 1363 2640 1528 2725; x_wconf 89' lang='lat' dir='ltr'><strong>tempore,</strong></span> <span class='ocrx_word' id='word_1_123' title='bbox 1548 2634 1676 2705; x_wconf 90' lang='lat' dir='ltr'><strong>debent</strong></span> <span class='ocrx_word' id='word_1_124' title='bbox 1694 2654 1832 2705; x_wconf 88' lang='lat' dir='ltr'><strong>conser-</strong></span> 
     </span>
     <span class='ocr_line' id='line_1_13' title="bbox 252 2756 1852 2847; baseline -0.005 -15"><span class='ocrx_word' id='word_1_125' title='bbox 252 2760 354 2833; x_wconf 76' lang='lat' dir='ltr'><strong>vari</strong></span> <span class='ocrx_word' id='word_1_126' title='bbox 383 2762 421 2831; x_wconf 93' lang='lat' dir='ltr'><strong>in</strong></span> <span class='ocrx_word' id='word_1_127' title='bbox 448 2782 517 2831; x_wconf 92' lang='lat' dir='ltr'><strong>una</strong></span> <span class='ocrx_word' id='word_1_128' title='bbox 541 2760 631 2832; x_wconf 87' lang='lat' dir='ltr'><strong>cista</strong></span> <span class='ocrx_word' id='word_1_129' title='bbox 657 2760 892 2830; x_wconf 88' lang='lat' dir='ltr'><strong>ecclesiastica</strong></span> <span class='ocrx_word' id='word_1_130' title='bbox 918 2779 1045 2847; x_wconf 74' lang='lat' dir='ltr'><strong>magara</strong></span> <span class='ocrx_word' id='word_1_131' title='bbox 1072 2760 1106 2829; x_wconf 92' lang='lat' dir='ltr'><strong>in</strong></span> <span class='ocrx_word' id='word_1_132' title='bbox 1134 2758 1297 2829; x_wconf 85' lang='lat' dir='ltr'><strong>sacristia</strong></span> <span class='ocrx_word' id='word_1_133' title='bbox 1324 2756 1432 2845; x_wconf 90' lang='lat' dir='ltr'><strong>ipsius</strong></span> <span class='ocrx_word' id='word_1_134' title='bbox 1451 2756 1623 2846; x_wconf 89' lang='lat' dir='ltr'><strong>ecclesiae,</strong></span> <span class='ocrx_word' id='word_1_135' title='bbox 1643 2759 1680 2827; x_wconf 92' lang='lat' dir='ltr'><strong>et</strong></span> <span class='ocrx_word' id='word_1_136' title='bbox 1696 2758 1852 2827; x_wconf 70' lang='lat' dir='ltr'><strong>mutuam-</strong></span> 
     </span>
     <span class='ocr_line' id='line_1_14' title="bbox 254 2876 1830 2973; baseline -0.004 -20"><span class='ocrx_word' id='word_1_137' title='bbox 254 2902 340 2973; x_wconf 83' lang='lat' dir='ltr'><strong>pro</strong></span> <span class='ocrx_word' id='word_1_138' title='bbox 369 2881 467 2953; x_wconf 92' lang='lat' dir='ltr'><strong>cultu</strong></span> <span class='ocrx_word' id='word_1_139' title='bbox 493 2881 612 2953; x_wconf 87' lang='lat' dir='ltr'><strong>divino</strong></span> <span class='ocrx_word' id='word_1_140' title='bbox 640 2886 676 2951; x_wconf 91' lang='lat' dir='ltr'><strong>et</strong></span> <span class='ocrx_word' id='word_1_141' title='bbox 703 2880 853 2951; x_wconf 80' lang='lat' dir='ltr'><strong>utilitate</strong></span> <span class='ocrx_word' id='word_1_142' title='bbox 879 2881 1045 2951; x_wconf 89' lang='lat' dir='ltr'><strong>ecclesiae</strong></span> <span class='ocrx_word' id='word_1_143' title='bbox 1073 2880 1238 2951; x_wconf 88' lang='lat' dir='ltr'><strong>converti.</strong></span> <span class='ocrx_word' id='word_1_144' title='bbox 1279 2878 1498 2968; x_wconf 81' lang='lat' dir='ltr'><strong>erapropter</strong></span> <span class='ocrx_word' id='word_1_145' title='bbox 1525 2876 1672 2966; x_wconf 87' lang='lat' dir='ltr'><strong>praefati</strong></span> <span class='ocrx_word' id='word_1_146' title='bbox 1699 2876 1830 2947; x_wconf 93' lang='lat' dir='ltr'><strong>domini</strong></span> 
     </span>
     <span class='ocr_line' id='line_1_15' title="bbox 256 2997 1834 3095; baseline -0.005 -20"><span class='ocrx_word' id='word_1_147' title='bbox 256 3011 506 3095; x_wconf 73' lang='lat' dir='ltr'><strong>exponentes</strong></span> <span class='ocrx_word' id='word_1_148' title='bbox 534 3002 727 3073; x_wconf 86' lang='lat' dir='ltr'><strong>Sturrislaus</strong></span> <span class='ocrx_word' id='word_1_149' title='bbox 754 3002 961 3089; x_wconf 66' lang='lat' dir='ltr'><strong>lriganaa</strong></span> <span class='ocrx_word' id='word_1_150' title='bbox 987 3002 1110 3071; x_wconf 82' lang='lat' dir='ltr'><strong>baares</strong></span> <span class='ocrx_word' id='word_1_151' title='bbox 1131 3002 1165 3070; x_wconf 91' lang='lat' dir='ltr'><strong>in</strong></span> <span class='ocrx_word' id='word_1_152' title='bbox 1185 2999 1473 3069; x_wconf 81' lang='lat' dir='ltr'><strong>Praeczslaw</strong></span> <span class='ocrx_word' id='word_1_153' title='bbox 1500 2997 1646 3069; x_wconf 89' lang='lat' dir='ltr'><strong>collator</strong></span> <span class='ocrx_word' id='word_1_154' title='bbox 1663 3002 1700 3067; x_wconf 90' lang='lat' dir='ltr'><strong>et</strong></span> <span class='ocrx_word' id='word_1_155' title='bbox 1717 3002 1834 3086; x_wconf 74' lang='lat' dir='ltr'><strong>pratro-</strong></span> 
     </span>
     <span class='ocr_line' id='line_1_16' title="bbox 259 3118 1835 3213; baseline -0.006 -16"><span class='ocrx_word' id='word_1_156' title='bbox 259 3146 355 3213; x_wconf 84' lang='lat' dir='ltr'><strong>mus,</strong></span> <span class='ocrx_word' id='word_1_157' title='bbox 383 3131 422 3197; x_wconf 90' lang='lat' dir='ltr'><strong>et</strong></span> <span class='ocrx_word' id='word_1_158' title='bbox 449 3124 560 3195; x_wconf 80' lang='lat' dir='ltr'><strong>Adam</strong></span> <span class='ocrx_word' id='word_1_159' title='bbox 587 3124 755 3213; x_wconf 88' lang='lat' dir='ltr'><strong>plebanus</strong></span> <span class='ocrx_word' id='word_1_160' title='bbox 782 3123 856 3193; x_wconf 82' lang='lat' dir='ltr'><strong>sive</strong></span> <span class='ocrx_word' id='word_1_161' title='bbox 883 3128 999 3192; x_wconf 82' lang='lat' dir='ltr'><strong>rector</strong></span> <span class='ocrx_word' id='word_1_162' title='bbox 1024 3122 1178 3192; x_wconf 90' lang='lat' dir='ltr'><strong>eiusdem</strong></span> <span class='ocrx_word' id='word_1_163' title='bbox 1207 3121 1371 3191; x_wconf 88' lang='lat' dir='ltr'><strong>ccclesiae</strong></span> <span class='ocrx_word' id='word_1_164' title='bbox 1389 3126 1426 3189; x_wconf 90' lang='lat' dir='ltr'><strong>et</strong></span> <span class='ocrx_word' id='word_1_165' title='bbox 1444 3140 1563 3191; x_wconf 77' lang='lat' dir='ltr'><strong>errrrun</strong></span> <span class='ocrx_word' id='word_1_166' title='bbox 1582 3118 1735 3209; x_wconf 86' lang='lat' dir='ltr'><strong>quilibet,</strong></span> <span class='ocrx_word' id='word_1_167' title='bbox 1755 3123 1835 3190; x_wconf 51' lang='lat' dir='ltr'><strong>arom</strong></span> 
     </span>
     <span class='ocr_line' id='line_1_17' title="bbox 263 3241 1833 3332; baseline -0.006 -13"><span class='ocrx_word' id='word_1_168' title='bbox 263 3246 437 3319; x_wconf 86' lang='lat' dir='ltr'><strong>unanimi</strong></span> <span class='ocrx_word' id='word_1_169' title='bbox 464 3246 564 3317; x_wconf 92' lang='lat' dir='ltr'><strong>uobis</strong></span> <span class='ocrx_word' id='word_1_170' title='bbox 590 3245 708 3316; x_wconf 88' lang='lat' dir='ltr'><strong>debita</strong></span> <span class='ocrx_word' id='word_1_171' title='bbox 735 3264 811 3315; x_wconf 91' lang='lat' dir='ltr'><strong>cum</strong></span> <span class='ocrx_word' id='word_1_172' title='bbox 839 3244 1007 3314; x_wconf 86' lang='lat' dir='ltr'><strong>instantia</strong></span> <span class='ocrx_word' id='word_1_173' title='bbox 1034 3243 1205 3332; x_wconf 83' lang='lat' dir='ltr'><strong>suplicane</strong></span> <span class='ocrx_word' id='word_1_174' title='bbox 1233 3247 1400 3313; x_wconf 86' lang='lat' dir='ltr'><strong>curarrmt</strong></span> <span class='ocrx_word' id='word_1_175' title='bbox 1427 3248 1462 3311; x_wconf 91' lang='lat' dir='ltr'><strong>et</strong></span> <span class='ocrx_word' id='word_1_176' title='bbox 1490 3241 1722 3330; x_wconf 89' lang='lat' dir='ltr'><strong>suplicarunt,</strong></span> <span class='ocrx_word' id='word_1_177' title='bbox 1749 3260 1833 3329; x_wconf 81' lang='lat' dir='ltr'><strong>oua-</strong></span> 
     </span>
     <span class='ocr_line' id='line_1_18' title="bbox 266 3360 1834 3454; baseline -0.009 -13"><span class='ocrx_word' id='word_1_178' title='bbox 266 3374 386 3441; x_wconf 75' lang='lat' dir='ltr'><strong>tenus</strong></span> <span class='ocrx_word' id='word_1_179' title='bbox 413 3367 608 3439; x_wconf 87' lang='lat' dir='ltr'><strong>lruiusmodi</strong></span> <span class='ocrx_word' id='word_1_180' title='bbox 635 3366 888 3437; x_wconf 86' lang='lat' dir='ltr'><strong>ordinationem</strong></span> <span class='ocrx_word' id='word_1_181' title='bbox 916 3370 952 3435; x_wconf 92' lang='lat' dir='ltr'><strong>ct</strong></span> <span class='ocrx_word' id='word_1_182' title='bbox 978 3365 1240 3454; x_wconf 86' lang='lat' dir='ltr'><strong>dispositionem</strong></span> <span class='ocrx_word' id='word_1_183' title='bbox 1261 3385 1323 3453; x_wconf 88' lang='lat' dir='ltr'><strong>per·</strong></span> <span class='ocrx_word' id='word_1_184' title='bbox 1341 3365 1434 3453; x_wconf 88' lang='lat' dir='ltr'><strong>ipsos</strong></span> <span class='ocrx_word' id='word_1_185' title='bbox 1455 3368 1492 3431; x_wconf 91' lang='lat' dir='ltr'><strong>ut</strong></span> <span class='ocrx_word' id='word_1_186' title='bbox 1510 3361 1707 3451; x_wconf 83' lang='lat' dir='ltr'><strong>praefertur</strong></span> <span class='ocrx_word' id='word_1_187' title='bbox 1724 3360 1834 3431; x_wconf 85' lang='lat' dir='ltr'><strong>foetas</strong></span> 
     </span>
     <span class='ocr_line' id='line_1_19' title="bbox 270 3482 1837 3579; baseline -0.008 -16"><span class='ocrx_word' id='word_1_188' title='bbox 270 3496 316 3563; x_wconf 83' lang='lat' dir='ltr'><strong>et</strong></span> <span class='ocrx_word' id='word_1_189' title='bbox 343 3488 570 3579; x_wconf 84' lang='lat' dir='ltr'><strong>praehabitas</strong></span> <span class='ocrx_word' id='word_1_190' title='bbox 595 3488 790 3577; x_wconf 85' lang='lat' dir='ltr'><strong>admittere,</strong></span> <span class='ocrx_word' id='word_1_191' title='bbox 817 3488 1021 3577; x_wconf 90' lang='lat' dir='ltr'><strong>approbare,</strong></span> <span class='ocrx_word' id='word_1_192' title='bbox 1048 3493 1085 3557; x_wconf 93' lang='lat' dir='ltr'><strong>et</strong></span> <span class='ocrx_word' id='word_1_193' title='bbox 1111 3486 1295 3575; x_wconf 83' lang='lat' dir='ltr'><strong>notificare,</strong></span> <span class='ocrx_word' id='word_1_194' title='bbox 1323 3485 1596 3573; x_wconf 77' lang='lat' dir='ltr'><strong>confirmareque</strong></span> <span class='ocrx_word' id='word_1_195' title='bbox 1616 3482 1649 3552; x_wconf 95' lang='lat' dir='ltr'><strong>in</strong></span> <span class='ocrx_word' id='word_1_196' title='bbox 1669 3482 1837 3570; x_wconf 90' lang='lat' dir='ltr'><strong>omnibus,</strong></span> 
     </span>
     <span class='ocr_line' id='line_1_20' title="bbox 277 3602 1837 3697; baseline -0.008 -14"><span class='ocrx_word' id='word_1_197' title='bbox 277 3620 324 3683; x_wconf 76' lang='lat' dir='ltr'><strong>ae</strong></span> <span class='ocrx_word' id='word_1_198' title='bbox 350 3611 529 3683; x_wconf 88' lang='lat' dir='ltr'><strong>decretum</strong></span> <span class='ocrx_word' id='word_1_199' title='bbox 556 3610 756 3681; x_wconf 86' lang='lat' dir='ltr'><strong>autoritatis</strong></span> <span class='ocrx_word' id='word_1_200' title='bbox 782 3615 923 3680; x_wconf 91' lang='lat' dir='ltr'><strong>nostrae</strong></span> <span class='ocrx_word' id='word_1_201' title='bbox 950 3608 1147 3679; x_wconf 89' lang='lat' dir='ltr'><strong>ordinariae</strong></span> <span class='ocrx_word' id='word_1_202' title='bbox 1173 3627 1349 3697; x_wconf 91' lang='lat' dir='ltr'><strong>apponere</strong></span> <span class='ocrx_word' id='word_1_203' title='bbox 1375 3606 1605 3695; x_wconf 82' lang='lat' dir='ltr'><strong>dignaremur.</strong></span> <span class='ocrx_word' id='word_1_204' title='bbox 1633 3603 1707 3673; x_wconf 88' lang='lat' dir='ltr'><strong>Nos</strong></span> <span class='ocrx_word' id='word_1_205' title='bbox 1730 3602 1837 3691; x_wconf 78' lang='lat' dir='ltr'><strong>igitur</strong></span> 
     </span>
     <span class='ocr_line' id='line_1_21' title="bbox 280 3726 1837 3823; baseline -0.006 -18"><span class='ocrx_word' id='word_1_206' title='bbox 280 3732 455 3823; x_wconf 82' lang='lat' dir='ltr'><strong>Sbigneus</strong></span> <span class='ocrx_word' id='word_1_207' title='bbox 490 3732 676 3803; x_wconf 88' lang='lat' dir='ltr'><strong>cardinalis</strong></span> <span class='ocrx_word' id='word_1_208' title='bbox 703 3738 739 3801; x_wconf 92' lang='lat' dir='ltr'><strong>et</strong></span> <span class='ocrx_word' id='word_1_209' title='bbox 765 3731 946 3820; x_wconf 90' lang='lat' dir='ltr'><strong>episcopus</strong></span> <span class='ocrx_word' id='word_1_210' title='bbox 973 3728 1147 3803; x_wconf 87' lang='lat' dir='ltr'><strong>antefatus</strong></span> <span class='ocrx_word' id='word_1_211' title='bbox 1173 3729 1370 3800; x_wconf 76' lang='lat' dir='ltr'><strong>instiusmodi</strong></span> <span class='ocrx_word' id='word_1_212' title='bbox 1398 3727 1710 3818; x_wconf 89' lang='lat' dir='ltr'><strong>supplicationibus</strong></span> <span class='ocrx_word' id='word_1_213' title='bbox 1736 3726 1837 3796; x_wconf 88' lang='lat' dir='ltr'><strong>iustis</strong></span> 
     </span>
     <span class='ocr_line' id='line_1_22' title="bbox 283 3848 1838 3943; baseline -0.005 -18"><span class='ocrx_word' id='word_1_214' title='bbox 283 3860 321 3925; x_wconf 89' lang='lat' dir='ltr'><strong>et</strong></span> <span class='ocrx_word' id='word_1_215' title='bbox 355 3852 641 3943; x_wconf 88' lang='lat' dir='ltr'><strong>rationabilibus,</strong></span> <span class='ocrx_word' id='word_1_216' title='bbox 675 3852 916 3925; x_wconf 81' lang='lat' dir='ltr'><strong>favorabiliter</strong></span> <span class='ocrx_word' id='word_1_217' title='bbox 951 3858 1160 3943; x_wconf 84' lang='lat' dir='ltr'><strong>annuentes,</strong></span> <span class='ocrx_word' id='word_1_218' title='bbox 1199 3850 1355 3943; x_wconf 86' lang='lat' dir='ltr'><strong>inprimis</strong></span> <span class='ocrx_word' id='word_1_219' title='bbox 1389 3850 1530 3921; x_wconf 91' lang='lat' dir='ltr'><strong>titulum</strong></span> <span class='ocrx_word' id='word_1_220' title='bbox 1557 3849 1701 3919; x_wconf 87' lang='lat' dir='ltr'><strong>alterius</strong></span> <span class='ocrx_word' id='word_1_221' title='bbox 1729 3848 1838 3937; x_wconf 88' lang='lat' dir='ltr'><strong>partis</strong></span> 
     </span>
     <span class='ocr_line' id='line_1_23' title="bbox 284 3948 1838 4067; baseline -0.006 -20"><span class='ocrx_word' id='word_1_222' title='bbox 284 3976 454 4047; x_wconf 86' lang='lat' dir='ltr'><strong>eeclesiae</strong></span> <span class='ocrx_word' id='word_1_223' title='bbox 480 3974 689 4067; x_wconf 74' lang='lat' dir='ltr'><strong>praefatae,</strong></span> <span class='ocrx_word' id='word_1_224' title='bbox 703 3975 746 4045; x_wconf 92' lang='lat' dir='ltr'><strong>de</strong></span> <span class='ocrx_word' id='word_1_225' title='bbox 773 3978 870 4046; x_wconf 90' lang='lat' dir='ltr'><strong>certa</strong></span> <span class='ocrx_word' id='word_1_226' title='bbox 905 3979 1025 4046; x_wconf 90' lang='lat' dir='ltr'><strong>nostra</strong></span> <span class='ocrx_word' id='word_1_227' title='bbox 1051 3975 1197 4047; x_wconf 89' lang='lat' dir='ltr'><strong>scientia</strong></span> <span class='ocrx_word' id='word_1_228' title='bbox 1224 3948 1474 4061; x_wconf 67' lang='lat' dir='ltr'><strong>extidgvinrns,</strong></span> <span class='ocrx_word' id='word_1_229' title='bbox 1502 3972 1709 4060; x_wconf 82' lang='lat' dir='ltr'><strong>almogamus</strong></span> <span class='ocrx_word' id='word_1_230' title='bbox 1736 3990 1777 4041; x_wconf 93' lang='lat' dir='ltr'><strong>ac</strong></span> <span class='ocrx_word' id='word_1_231' title='bbox 1804 3969 1838 4039; x_wconf 92' lang='lat' dir='ltr'><strong>in</strong></span> 
     </span>
     <span class='ocr_line' id='line_1_24' title="bbox 284 4092 1835 4188; baseline -0.006 -19"><span class='ocrx_word' id='word_1_232' title='bbox 284 4104 491 4188; x_wconf 87' lang='lat' dir='ltr'><strong>perpetuum</strong></span> <span class='ocrx_word' id='word_1_233' title='bbox 518 4097 707 4186; x_wconf 88' lang='lat' dir='ltr'><strong>abolimus;</strong></span> <span class='ocrx_word' id='word_1_234' title='bbox 741 4116 782 4167; x_wconf 89' lang='lat' dir='ltr'><strong>ac</strong></span> <span class='ocrx_word' id='word_1_235' title='bbox 808 4096 932 4167; x_wconf 91' lang='lat' dir='ltr'><strong>deinde</strong></span> <span class='ocrx_word' id='word_1_236' title='bbox 959 4097 1195 4169; x_wconf 85' lang='lat' dir='ltr'><strong>ordinationes</strong></span> <span class='ocrx_word' id='word_1_237' title='bbox 1222 4100 1258 4167; x_wconf 91' lang='lat' dir='ltr'><strong>et</strong></span> <span class='ocrx_word' id='word_1_238' title='bbox 1285 4095 1550 4167; x_wconf 89' lang='lat' dir='ltr'><strong>constitutiones</strong></span> <span class='ocrx_word' id='word_1_239' title='bbox 1577 4092 1773 4183; x_wconf 89' lang='lat' dir='ltr'><strong>praedictas</strong></span> <span class='ocrx_word' id='word_1_240' title='bbox 1801 4092 1835 4159; x_wconf 95' lang='lat' dir='ltr'><strong>in</strong></span> 
     </span>
     <span class='ocr_line' id='line_1_25' title="bbox 288 4212 1839 4310; baseline -0.006 -19"><span class='ocrx_word' id='word_1_241' title='bbox 288 4219 449 4291; x_wconf 90' lang='lat' dir='ltr'><strong>omnibus</strong></span> <span class='ocrx_word' id='word_1_242' title='bbox 483 4226 521 4289; x_wconf 93' lang='lat' dir='ltr'><strong>et</strong></span> <span class='ocrx_word' id='word_1_243' title='bbox 546 4219 692 4307; x_wconf 73' lang='lat' dir='ltr'><strong>singulis</strong></span> <span class='ocrx_word' id='word_1_244' title='bbox 718 4238 838 4290; x_wconf 87' lang='lat' dir='ltr'><strong>eorum</strong></span> <span class='ocrx_word' id='word_1_245' title='bbox 863 4220 1020 4310; x_wconf 90' lang='lat' dir='ltr'><strong>punctis,</strong></span> <span class='ocrx_word' id='word_1_246' title='bbox 1048 4218 1211 4290; x_wconf 81' lang='lat' dir='ltr'><strong>clearsulis</strong></span> <span class='ocrx_word' id='word_1_247' title='bbox 1238 4222 1274 4287; x_wconf 90' lang='lat' dir='ltr'><strong>et</strong></span> <span class='ocrx_word' id='word_1_248' title='bbox 1300 4216 1474 4306; x_wconf 88' lang='lat' dir='ltr'><strong>artimdis,</strong></span> <span class='ocrx_word' id='word_1_249' title='bbox 1501 4220 1636 4286; x_wconf 88' lang='lat' dir='ltr'><strong>attento</strong></span> <span class='ocrx_word' id='word_1_250' title='bbox 1655 4212 1747 4304; x_wconf 90' lang='lat' dir='ltr'><strong>quod</strong></span> <span class='ocrx_word' id='word_1_251' title='bbox 1763 4232 1839 4283; x_wconf 87' lang='lat' dir='ltr'><strong>rer-</strong></span> 
     </span>
     <span class='ocr_line' id='line_1_26' title="bbox 287 4332 1839 4431; baseline -0.006 -19"><span class='ocrx_word' id='word_1_252' title='bbox 287 4346 373 4431; x_wconf 73' lang='lat' dir='ltr'><strong>gaut</strong></span> <span class='ocrx_word' id='word_1_253' title='bbox 408 4340 444 4411; x_wconf 93' lang='lat' dir='ltr'><strong>in</strong></span> <span class='ocrx_word' id='word_1_254' title='bbox 476 4346 696 4431; x_wconf 79' lang='lat' dir='ltr'><strong>augmentum</strong></span> <span class='ocrx_word' id='word_1_255' title='bbox 725 4340 839 4411; x_wconf 90' lang='lat' dir='ltr'><strong>cultus</strong></span> <span class='ocrx_word' id='word_1_256' title='bbox 867 4340 993 4431; x_wconf 84' lang='lat' dir='ltr'><strong>divini,</strong></span> <span class='ocrx_word' id='word_1_257' title='bbox 1020 4344 1057 4411; x_wconf 92' lang='lat' dir='ltr'><strong>et</strong></span> <span class='ocrx_word' id='word_1_258' title='bbox 1082 4358 1312 4429; x_wconf 89' lang='lat' dir='ltr'><strong>personarum·</strong></span> <span class='ocrx_word' id='word_1_259' title='bbox 1338 4337 1647 4409; x_wconf 89' lang='lat' dir='ltr'><strong>ecclesiasticarum</strong></span> <span class='ocrx_word' id='word_1_260' title='bbox 1682 4332 1839 4423; x_wconf 88' lang='lat' dir='ltr'><strong>praedic-</strong></span> 
     </span>
     <span class='ocr_line' id='line_1_27' title="bbox 261 4453 1839 4552; baseline -0.007 -17"><span class='ocrx_word' id='word_1_261' title='bbox 261 4468 347 4535; x_wconf 84' lang='lat' dir='ltr'><strong>-tae</strong></span> <span class='ocrx_word' id='word_1_262' title='bbox 381 4462 549 4535; x_wconf 87' lang='lat' dir='ltr'><strong>ecclcsiae</strong></span> <span class='ocrx_word' id='word_1_263' title='bbox 589 4464 625 4534; x_wconf 92' lang='lat' dir='ltr'><strong>in</strong></span> <span class='ocrx_word' id='word_1_264' title='bbox 660 4461 949 4534; x_wconf 84' lang='lat' dir='ltr'><strong>Przeczslau</strong></span> <span class='ocrx_word' id='word_1_265' title='bbox 988 4459 1160 4552; x_wconf 82' lang='lat' dir='ltr'><strong>fauorem,</strong></span> <span class='ocrx_word' id='word_1_266' title='bbox 1195 4462 1231 4532; x_wconf 92' lang='lat' dir='ltr'><strong>in</strong></span> <span class='ocrx_word' id='word_1_267' title='bbox 1268 4460 1405 4530; x_wconf 91' lang='lat' dir='ltr'><strong>nomine</strong></span> <span class='ocrx_word' id='word_1_268' title='bbox 1440 4457 1579 4528; x_wconf 89' lang='lat' dir='ltr'><strong>Domini</strong></span> <span class='ocrx_word' id='word_1_269' title='bbox 1615 4453 1839 4544; x_wconf 86' lang='lat' dir='ltr'><strong>admittenda,</strong></span> 
     </span>
     <span class='ocr_line' id='line_1_28' title="bbox 288 4578 1841 4675; baseline -0.006 -20"><span class='ocrx_word' id='word_1_270' title='bbox 288 4582 512 4675; x_wconf 86' lang='lat' dir='ltr'><strong>ratificanda,</strong></span> <span class='ocrx_word' id='word_1_271' title='bbox 547 4584 771 4675; x_wconf 89' lang='lat' dir='ltr'><strong>approbanda</strong></span> <span class='ocrx_word' id='word_1_272' title='bbox 811 4590 847 4655; x_wconf 90' lang='lat' dir='ltr'><strong>et</strong></span> <span class='ocrx_word' id='word_1_273' title='bbox 887 4582 1122 4653; x_wconf 86' lang='lat' dir='ltr'><strong>confirmanda</strong></span> <span class='ocrx_word' id='word_1_274' title='bbox 1162 4582 1340 4669; x_wconf 76' lang='lat' dir='ltr'><strong>(fraximus,</strong></span> <span class='ocrx_word' id='word_1_275' title='bbox 1375 4578 1678 4671; x_wconf 91' lang='lat' dir='ltr'><strong>praesentiumque</strong></span> <span class='ocrx_word' id='word_1_276' title='bbox 1719 4582 1841 4648; x_wconf 90' lang='lat' dir='ltr'><strong>tenore</strong></span> 
     </span>
     <span class='ocr_line' id='line_1_29' title="bbox 289 4698 1842 4797; baseline -0.006 -20"><span class='ocrx_word' id='word_1_277' title='bbox 289 4706 522 4797; x_wconf 86' lang='lat' dir='ltr'><strong>admittimus,</strong></span> <span class='ocrx_word' id='word_1_278' title='bbox 548 4707 796 4797; x_wconf 89' lang='lat' dir='ltr'><strong>approbamus,</strong></span> <span class='ocrx_word' id='word_1_279' title='bbox 823 4705 1035 4776; x_wconf 88' lang='lat' dir='ltr'><strong>ratificamus</strong></span> <span class='ocrx_word' id='word_1_280' title='bbox 1071 4710 1107 4774; x_wconf 93' lang='lat' dir='ltr'><strong>et</strong></span> <span class='ocrx_word' id='word_1_281' title='bbox 1142 4702 1400 4789; x_wconf 83' lang='lat' dir='ltr'><strong>confirmamus3</strong></span> <span class='ocrx_word' id='word_1_282' title='bbox 1437 4722 1477 4771; x_wconf 89' lang='lat' dir='ltr'><strong>ac</strong></span> <span class='ocrx_word' id='word_1_283' title='bbox 1512 4720 1576 4790; x_wconf 90' lang='lat' dir='ltr'><strong>pro</strong></span> <span class='ocrx_word' id='word_1_284' title='bbox 1612 4698 1733 4771; x_wconf 88' lang='lat' dir='ltr'><strong>maiori</strong></span> <span class='ocrx_word' id='word_1_285' title='bbox 1762 4719 1842 4769; x_wconf 84' lang='lat' dir='ltr'><strong>carr-</strong></span> 
     </span>
     <span class='ocr_line' id='line_1_30' title="bbox 288 4820 1843 4914; baseline -0.008 -13"><span class='ocrx_word' id='word_1_286' title='bbox 288 4828 424 4901; x_wconf 69' lang='lat' dir='ltr'><strong>tem-et</strong></span> <span class='ocrx_word' id='word_1_287' title='bbox 448 4828 676 4900; x_wconf 87' lang='lat' dir='ltr'><strong>subsistentia</strong></span> <span class='ocrx_word' id='word_1_288' title='bbox 706 4828 881 4900; x_wconf 89' lang='lat' dir='ltr'><strong>decretum</strong></span> <span class='ocrx_word' id='word_1_289' title='bbox 909 4833 946 4899; x_wconf 92' lang='lat' dir='ltr'><strong>et</strong></span> <span class='ocrx_word' id='word_1_290' title='bbox 971 4827 1080 4898; x_wconf 90' lang='lat' dir='ltr'><strong>robur</strong></span> <span class='ocrx_word' id='word_1_291' title='bbox 1107 4825 1324 4898; x_wconf 82' lang='lat' dir='ltr'><strong>arrctoritatis</strong></span> <span class='ocrx_word' id='word_1_292' title='bbox 1361 4823 1576 4914; x_wconf 89' lang='lat' dir='ltr'><strong>ordinariae,</strong></span> <span class='ocrx_word' id='word_1_293' title='bbox 1613 4822 1698 4912; x_wconf 91' lang='lat' dir='ltr'><strong>ipsis</strong></span> <span class='ocrx_word' id='word_1_294' title='bbox 1734 4820 1843 4891; x_wconf 92' lang='lat' dir='ltr'><strong>omni-</strong></span> 
     </span>
     <span class='ocr_line' id='line_1_31' title="bbox 288 4943 1841 5041; baseline -0.007 -18"><span class='ocrx_word' id='word_1_295' title='bbox 288 4948 354 5023; x_wconf 85' lang='lat' dir='ltr'><strong>bus</strong></span> <span class='ocrx_word' id='word_1_296' title='bbox 380 4956 419 5021; x_wconf 88' lang='lat' dir='ltr'><strong>et</strong></span> <span class='ocrx_word' id='word_1_297' title='bbox 443 4949 589 5041; x_wconf 78' lang='lat' dir='ltr'><strong>singuiis</strong></span> <span class='ocrx_word' id='word_1_298' title='bbox 616 4949 650 5021; x_wconf 87' lang='lat' dir='ltr'><strong>in</strong></span> <span class='ocrx_word' id='word_1_299' title='bbox 679 4952 748 5023; x_wconf 85' lang='lat' dir='ltr'><strong>vim</strong></span> <span class='ocrx_word' id='word_1_300' title='bbox 775 4951 880 5022; x_wconf 88' lang='lat' dir='ltr'><strong>realis</strong></span> <span class='ocrx_word' id='word_1_301' title='bbox 904 4955 940 5021; x_wconf 89' lang='lat' dir='ltr'><strong>et</strong></span> <span class='ocrx_word' id='word_1_302' title='bbox 966 4954 1155 5039; x_wconf 91' lang='lat' dir='ltr'><strong>perpetuae</strong></span> <span class='ocrx_word' id='word_1_303' title='bbox 1182 4946 1357 5019; x_wconf 80' lang='lat' dir='ltr'><strong>firmitatis</strong></span> <span class='ocrx_word' id='word_1_304' title='bbox 1384 4945 1607 5036; x_wconf 86' lang='lat' dir='ltr'><strong>apposuimus</strong></span> <span class='ocrx_word' id='word_1_305' title='bbox 1635 4949 1671 5014; x_wconf 91' lang='lat' dir='ltr'><strong>ct</strong></span> <span class='ocrx_word' id='word_1_306' title='bbox 1696 4943 1841 5035; x_wconf 86' lang='lat' dir='ltr'><strong>apponi-</strong></span> 
     </span>
     <span class='ocr_line' id='line_1_32' title="bbox 289 5064 1842 5163; baseline -0.008 -20"><span class='ocrx_word' id='word_1_307' title='bbox 289 5092 366 5143; x_wconf 90' lang='lat' dir='ltr'><strong>mus</strong></span> <span class='ocrx_word' id='word_1_308' title='bbox 392 5092 457 5163; x_wconf 86' lang='lat' dir='ltr'><strong>per</strong></span> <span class='ocrx_word' id='word_1_309' title='bbox 483 5078 694 5163; x_wconf 87' lang='lat' dir='ltr'><strong>praesentes.</strong></span> <span class='ocrx_word' id='word_1_310' title='bbox 721 5073 761 5143; x_wconf 95' lang='lat' dir='ltr'><strong>ln</strong></span> <span class='ocrx_word' id='word_1_311' title='bbox 789 5072 886 5143; x_wconf 77' lang='lat' dir='ltr'><strong>ceritis</strong></span> <span class='ocrx_word' id='word_1_312' title='bbox 912 5072 964 5143; x_wconf 90' lang='lat' dir='ltr'><strong>rei</strong></span> <span class='ocrx_word' id='word_1_313' title='bbox 991 5070 1226 5141; x_wconf 89' lang='lat' dir='ltr'><strong>testimonium</strong></span> <span class='ocrx_word' id='word_1_314' title='bbox 1254 5068 1404 5157; x_wconf 73' lang='lat' dir='ltr'><strong>sigillum</strong></span> <span class='ocrx_word' id='word_1_315' title='bbox 1424 5073 1583 5139; x_wconf 87' lang='lat' dir='ltr'><strong>nostrum</strong></span> <span class='ocrx_word' id='word_1_316' title='bbox 1602 5064 1842 5155; x_wconf 86' lang='lat' dir='ltr'><strong>praesentibus</strong></span> 
     </span>
     <span class='ocr_line' id='line_1_33' title="bbox 290 5184 1841 5285; baseline -0.01 -18"><span class='ocrx_word' id='word_1_317' title='bbox 290 5202 343 5267; x_wconf 89' lang='lat' dir='ltr'><strong>est</strong></span> <span class='ocrx_word' id='word_1_318' title='bbox 369 5214 571 5285; x_wconf 86' lang='lat' dir='ltr'><strong>appensum.</strong></span> <span class='ocrx_word' id='word_1_319' title='bbox 597 5195 726 5265; x_wconf 90' lang='lat' dir='ltr'><strong>Datum</strong></span> <span class='ocrx_word' id='word_1_320' title='bbox 754 5194 942 5266; x_wconf 71' lang='lat' dir='ltr'><strong>cracoviae</strong></span> <span class='ocrx_word' id='word_1_321' title='bbox 968 5192 1136 5281; x_wconf 78' lang='lat' dir='ltr'><strong>vigesima</strong></span> <span class='ocrx_word' id='word_1_322' title='bbox 1162 5192 1275 5281; x_wconf 90' lang='lat' dir='ltr'><strong>prima</strong></span> <span class='ocrx_word' id='word_1_323' title='bbox 1301 5190 1373 5260; x_wconf 90' lang='lat' dir='ltr'><strong>Mai</strong></span> <span class='ocrx_word' id='word_1_324' title='bbox 1393 5210 1483 5259; x_wconf 90' lang='lat' dir='ltr'><strong>anno</strong></span> <span class='ocrx_word' id='word_1_325' title='bbox 1503 5188 1641 5258; x_wconf 85' lang='lat' dir='ltr'><strong>Domini</strong></span> <span class='ocrx_word' id='word_1_326' title='bbox 1661 5184 1841 5256; x_wconf 89' lang='lat' dir='ltr'><strong>millesimo</strong></span> 
     </span>
     <span class='ocr_line' id='line_1_34' title="bbox 290 5306 1841 5409; baseline -0.012 -18"><span class='ocrx_word' id='word_1_327' title='bbox 290 5316 631 5409; x_wconf 73' lang='lat' dir='ltr'><strong>quadringentesimo</strong></span> <span class='ocrx_word' id='word_1_328' title='bbox 659 5317 944 5408; x_wconf 78' lang='lat' dir='ltr'><strong>quiuquagesimo</strong></span> <span class='ocrx_word' id='word_1_329' title='bbox 971 5320 1106 5407; x_wconf 89' lang='lat' dir='ltr'><strong>quarto.</strong></span> <span class='ocrx_word' id='word_1_330' title='bbox 1133 5312 1390 5399; x_wconf 88' lang='lat' dir='ltr'><strong>Praesentibus,</strong></span> <span class='ocrx_word' id='word_1_331' title='bbox 1410 5307 1674 5394; x_wconf 83' lang='lat' dir='ltr'><strong>verrcrabilibus,</strong></span> <span class='ocrx_word' id='word_1_332' title='bbox 1692 5306 1841 5375; x_wconf 85' lang='lat' dir='ltr'><strong>bonora-</strong></span> 
     </span>
     <span class='ocr_line' id='line_1_35' title="bbox 291 5424 1844 5529; baseline -0.01 -18"><span class='ocrx_word' id='word_1_333' title='bbox 291 5438 487 5529; x_wconf 84' lang='lat' dir='ltr'><strong>bilibusque</strong></span> <span class='ocrx_word' id='word_1_334' title='bbox 522 5446 560 5511; x_wconf 91' lang='lat' dir='ltr'><strong>et</strong></span> <span class='ocrx_word' id='word_1_335' title='bbox 594 5440 768 5511; x_wconf 89' lang='lat' dir='ltr'><strong>nobilibus</strong></span> <span class='ocrx_word' id='word_1_336' title='bbox 803 5439 906 5511; x_wconf 87' lang='lat' dir='ltr'><strong>viris:</strong></span> <span class='ocrx_word' id='word_1_337' title='bbox 940 5438 1100 5511; x_wconf 81' lang='lat' dir='ltr'><strong>Julianne</strong></span> <span class='ocrx_word' id='word_1_338' title='bbox 1135 5433 1388 5524; x_wconf 83' lang='lat' dir='ltr'><strong>Dlugoscb,</strong></span> <span class='ocrx_word' id='word_1_339' title='bbox 1417 5428 1559 5501; x_wconf 81' lang='lat' dir='ltr'><strong>cristode</strong></span> <span class='ocrx_word' id='word_1_340' title='bbox 1596 5424 1779 5499; x_wconf 90' lang='lat' dir='ltr'><strong>Vislicensi</strong></span> <span class='ocrx_word' id='word_1_341' title='bbox 1807 5431 1844 5496; x_wconf 90' lang='lat' dir='ltr'><strong>et</strong></span> 
     </span>
     <span class='ocr_line' id='line_1_36' title="bbox 292 5548 1844 5650; baseline -0.011 -17"><span class='ocrx_word' id='word_1_342' title='bbox 292 5562 457 5633; x_wconf 85' lang='lat' dir='ltr'><strong>canonico</strong></span> <span class='ocrx_word' id='word_1_343' title='bbox 484 5560 717 5650; x_wconf 84' lang='lat' dir='ltr'><strong>Oracoviensi,</strong></span> <span class='ocrx_word' id='word_1_344' title='bbox 744 5561 888 5631; x_wconf 78' lang='lat' dir='ltr'><strong>liauiele</strong></span> <span class='ocrx_word' id='word_1_345' title='bbox 915 5561 1079 5632; x_wconf 87' lang='lat' dir='ltr'><strong>canonico</strong></span> <span class='ocrx_word' id='word_1_346' title='bbox 1107 5554 1374 5629; x_wconf 72' lang='lat' dir='ltr'><strong>Sarrdomieicnsi</strong></span> <span class='ocrx_word' id='word_1_347' title='bbox 1404 5554 1438 5622; x_wconf 95' lang='lat' dir='ltr'><strong>in</strong></span> <span class='ocrx_word' id='word_1_348' title='bbox 1467 5551 1495 5621; x_wconf 89' lang='grc' dir='ltr'><strong>Τ</strong></span> <span class='ocrx_word' id='word_1_349' title='bbox 1505 5551 1670 5640; x_wconf 75' lang='lat' dir='ltr'><strong>tachow,</strong></span> <span class='ocrx_word' id='word_1_350' title='bbox 1699 5548 1844 5619; x_wconf 78' lang='lat' dir='ltr'><strong>Albento</strong></span> 
     </span>
     <span class='ocr_line' id='line_1_37' title="bbox 292 5668 1845 5785; baseline -0.012 -30"><span class='ocrx_word' id='word_1_351' title='bbox 292 5681 328 5755; x_wconf 89' lang='lat' dir='ltr'><strong>-iu</strong></span> <span class='ocrx_word' id='word_1_352' title='bbox 354 5682 644 5785; x_wconf 72' lang='lat' dir='ltr'><strong>Ppotrawin,</strong></span> <span class='ocrx_word' id='word_1_353' title='bbox 679 5684 838 5755; x_wconf 87' lang='lat' dir='ltr'><strong>Jobanue</strong></span> <span class='ocrx_word' id='word_1_354' title='bbox 875 5684 908 5752; x_wconf 93' lang='lat' dir='ltr'><strong>iu</strong></span> <span class='ocrx_word' id='word_1_355' title='bbox 938 5680 1247 5767; x_wconf 81' lang='lat' dir='ltr'><strong>Bodzanczin,</strong></span> <span class='ocrx_word' id='word_1_356' title='bbox 1275 5675 1395 5746; x_wconf 85' lang='lat' dir='ltr'><strong>Marco</strong></span> <span class='ocrx_word' id='word_1_357' title='bbox 1432 5674 1467 5744; x_wconf 93' lang='lat' dir='ltr'><strong>in</strong></span> <span class='ocrx_word' id='word_1_358' title='bbox 1495 5672 1654 5762; x_wconf 80' lang='lat' dir='ltr'><strong>Laulrp</strong></span> <span class='ocrx_word' id='word_1_359' title='bbox 1675 5668 1845 5763; x_wconf 83' lang='lat' dir='ltr'><strong>plebanis,</strong></span> 
     </span>
     <span class='ocr_line' id='line_1_38' title="bbox 293 5788 1846 5897; baseline -0.015 -17"><span class='ocrx_word' id='word_1_360' title='bbox 293 5804 445 5879; x_wconf 78' lang='lat' dir='ltr'><strong>Gristiuo</strong></span> <span class='ocrx_word' id='word_1_361' title='bbox 472 5806 516 5879; x_wconf 91' lang='lat' dir='ltr'><strong>de</strong></span> <span class='ocrx_word' id='word_1_362' title='bbox 542 5806 819 5897; x_wconf 78' lang='lat' dir='ltr'><strong>Janowyczc</strong></span> <span class='ocrx_word' id='word_1_363' title='bbox 846 5803 1024 5891; x_wconf 87' lang='lat' dir='ltr'><strong>marsalco,</strong></span> <span class='ocrx_word' id='word_1_364' title='bbox 1051 5799 1226 5871; x_wconf 83' lang='lat' dir='ltr'><strong>Starrislao</strong></span> <span class='ocrx_word' id='word_1_365' title='bbox 1253 5794 1666 5884; x_wconf 79' lang='lat' dir='ltr'><strong>Gzarnocbowslry,</strong></span> <span class='ocrx_word' id='word_1_366' title='bbox 1692 5788 1846 5861; x_wconf 78' lang='lat' dir='ltr'><strong>Martiuo</strong></span> 
     </span>
     <span class='ocr_line' id='line_1_39' title="bbox 293 5912 1847 6021; baseline -0.014 -20"><span class='ocrx_word' id='word_1_367' title='bbox 293 5928 479 6021; x_wconf 64' lang='lat' dir='ltr'><strong>queamus,</strong></span> <span class='ocrx_word' id='word_1_368' title='bbox 495 5927 658 6002; x_wconf 83' lang='lat' dir='ltr'><strong>Jubaunc</strong></span> <span class='ocrx_word' id='word_1_369' title='bbox 675 5925 1038 6015; x_wconf 82' lang='lat' dir='ltr'><strong>Bestreiowslry,</strong></span> <span class='ocrx_word' id='word_1_370' title='bbox 1057 5922 1216 5994; x_wconf 88' lang='lat' dir='ltr'><strong>Jolrannc</strong></span> <span class='ocrx_word' id='word_1_371' title='bbox 1234 5920 1438 6007; x_wconf 88' lang='lat' dir='ltr'><strong>Olscbra,</strong></span> <span class='ocrx_word' id='word_1_372' title='bbox 1458 5918 1634 5989; x_wconf 73' lang='lat' dir='ltr'><strong>l&#39;roczone</strong></span> <span class='ocrx_word' id='word_1_373' title='bbox 1652 5912 1805 6003; x_wconf 83' lang='lat' dir='ltr'><strong>Lypsk</strong></span> <span class='ocrx_word' id='word_1_374' title='bbox 1816 5932 1847 6000; x_wconf 76' lang='lat' dir='ltr'><strong>p,</strong></span> 
     </span>
    </p>
   </div>
   <div class='ocr_carea' id='block_1_2' title="bbox 0 0 2133 8340">
    <p class='ocr_par' dir='ltr' id='par_1_2' title="bbox 0 0 2133 8340">
     <span class='ocr_line' id='line_1_40' title="bbox 0 0 2133 8340; baseline 0 0"><span class='ocrx_word' id='word_1_375' title='bbox 0 0 2133 8340; x_wconf 95' lang='lat' dir='ltr'><strong> </strong></span> 
     </span>
    </p>
   </div>
  </div>
 </body>
</html>
