4200 8342
288 1316 473 1405 11111111
498 1316 743 1407 emethonaios,
769 1316 813 1388 de
840 1316 965 1407 quihus
992 1316 1126 1390 decima
1151 1338 1215 1409 pro
1234 1318 1395 1409 episcopo
1413 1316 1656 1407 &occulerem
1682 1318 1766 1393 item
1785 1324 1839 1391 est

288 1435 333 1508 ibi
357 1458 467 1511 unum
493 1438 674 1529 mundium
700 1438 872 1527 militare,
898 1437 943 1511 de
969 1438 1068 1511 cuius
1095 1439 1191 1529 agris
1216 1440 1408 1513 decimatur
1435 1461 1499 1530 pro
1526 1441 1674 1531 plebano
1701 1442 1736 1513 iu
1763 1438 1838 1515 Co·

289 1566 531 1653 ncurrere-et
555 1560 666 1633 valor·
680 1560 757 1633 eius
781 1559 828 1633 ad
855 1614 863 1630 .
890 1616 898 1631 .
926 1614 934 1630 .
960 1560 1174 1645 aesthuutur.

962 1683 1171 1753 Bnusnuru.

386 1802 483 1876 Vilia
509 1804 640 1885 habens
667 1804 702 1875 in
722 1824 759 1875 se
778 1804 1012 1893 parochialem
1039 1804 1229 1891 ecclesiam,
1258 1810 1429 1875 muratam
1455 1805 1581 1894 lapide,
1610 1807 1643 1876 iu
1672 1807 1837 1878 honorem

282 1920 548 2016 issunrptiouis
574 1926 705 1997 Bootae
732 1925 868 1996 Mariae
894 1924 1052 2015 Virginis
1081 1925 1243 2014 dicatam,
1272 1926 1370 1997 curlus
1398 1927 1594 2016 proprietas
1622 1926 1665 1998 ad
1693 1927 1837 1998 Eleaza-

273 2060 349 2117 rem
393 2054 432 2119 et
458 2047 638 2119 Nicolaum
673 2046 990 2138 Roschnouye
1026 2046 1070 2117 de
1106 2047 1212 2117 armis
1246 2044 1541 2137 Griphonum.
1586 2049 1625 2119 lu
1661 2069 1730 2140 qua
1756 2055 1837 2120 sunt

263 2160 373 2239 lanei
402 2167 656 2257 emethonaies,
690 2168 734 2239 de
761 2167 888 2258 quihus
915 2168 1106 2257 pecuniariis
1134 2168 1267 2240 decima
1294 2189 1356 2258 per
1375 2223 1490 2239 .....
1517 2169 1560 2241 de
1588 2168 1743 2260 quolibet
1769 2171 1838 2243 sei-

257 2290 378 2363 vitur
405 2311 473 2381 pro
499 2290 661 2381 episcopo
687 2290 930 2379 Gracovicnsi3
965 2292 1050 2361 item
1086 2297 1141 2362 ost
1169 2291 1217 2362 ibi
1246 2312 1350 2362 unum
1379 2292 1557 2381 praedium
1590 2292 1759 2381 militare,
1796 2292 1838 2365 de

248 2430 342 2503 quo
377 2411 575 2485 decimatur
600 2433 665 2504 pro
692 2412 840 2502 plebano
868 2413 903 2483 in
930 2412 989 2483 Br
1002 2434 1114 2484 uszu
1125 2414 1191 2504 yk.

386 2533 668 2623 Szuuunczuun,
696 2533 779 2605 uilia
797 2535 861 2605 sub
879 2524 1045 2624 parochia
1073 2535 1115 2606 de
1142 2536 1387 2626 Brusnnp'k
1415 2537 1493 2625 sita,
1520 2535 1617 2607 cuius
1644 2536 1840 2627 proprietas

241 2656 310 2731 nd
347 2656 533 2749 praelatos
559 2656 877 2747 Roschuouye
903 2657 1066 2747 pertinet.
1109 2658 1150 2728 ln
1178 2678 1246 2747 qua
1273 2664 1355 2729 suut
1390 2657 1480 2728 laurei
1508 2658 1759 2748 curethonales,
1796 2658 1838 2730 de

240 2780 412 2873 quibus
447 2779 594 2851 soluitur
629 2779 764 2851 decima
800 2778 991 2881 pecuuialis
1026 2778 1070 2851 de
1102 2778 1258 2869 quoiihot
1294 2779 1394 2851 laneo
1431 2800 1494 2870 per
1530 2801 1634 2851 unum
1670 2779 1838 2852 fertonem

240 2902 438 2975 latorum
472 2922 693 2993 grossorum,
728 2921 793 2991 pro
820 2902 1022 2991 episcopatu
1050 2898 1289 2973 Gracouiensi:
1326 2902 1408 2973 item
1445 2924 1513 2974 non
1540 2906 1594 2974 est
1620 2901 1668 2973 ihi
1699 2902 1839 2995 aliquod

240 3024 477 3119 praedium.

388 3144 604 3235 Francus,
640 3145 724 3217 viiia
750 3146 815 3217 suh
842 3146 963 3217 eadem
990 3146 1157 3236 parochia
1184 3146 1263 3237 sita,
1291 3147 1388 3219 cuius
1417 3148 1540 3219 haeres
1567 3146 1771 3219 Marcissius
1799 3148 1867 3245 de

248 3268 703 3360 Wreczimowyczc
739 3267 782 3338 de
809 3268 915 3339 armis
950 3267 1254 3359 Poluhozycz.
1299 3268 1338 3339 lu
1367 3290 1434 3359 qula
1461 3274 1543 3340 sunt
1573 3269 1664 3341 lanei
1690 3271 1842 3341 cnrctho-

252 3390 394 3481 nales,
421 3390 466 3462 de
492 3389 619 3480 quihus
645 3388 778 3461 decima
803 3388 953 3461 soluitur
978 3390 1204 3480 manipularis
1230 3396 1267 3461 et
1294 3391 1469 3481 canapalis
1496 3412 1560 3480 pro
1579 3392 1740 3481 episcopo
1759 3392 1842 3462 Cra-

256 3512 452 3602 11νί1111,
478 3512 575 3583 cuius
602 3512 700 3584 unior
726 3512 771 3583 ad
790 3566 1067 3582 ...........
1094 3532 1229 3582 mareas
1257 3512 1479 3601 aestimatur,
1507 3512 1590 3583 item
1618 3512 1667 3583 ihi
1694 3534 1761 3583 non
1789 3518 1843 3583 est

260 3634 468 3727 praedium
496 3634 654 3725 aliquod,
690 3633 752 3706 sed
779 3640 833 3706 est
860 3634 1020 3705 scoltetiu
1045 3633 1178 3705 hahens
1206 3654 1309 3724 agros
1337 3635 1516 3725 proprios,
1552 3633 1596 3706 de
1623 3634 1746 3725 quihus
1773 3634 1842 3706 soi-

267 3757 382 3831 uitur
409 3761 447 3827 et
471 3756 676 3828 conducitur
702 3778 766 3847 pro
794 3756 942 3847 plebano
969 3754 1103 3827 decima
1121 3810 1237 3825 .....

963 3876 1187 3949 Ouscuown.

393 4000 491 4071 Villa
516 4000 646 4072 hahens
672 4000 709 4071 in
736 4022 774 4073 so
801 4000 980 4072 ecclesiam
1006 3999 1251 4091 parochialem,
1278 3998 1384 4071 Sanct
1404 4054 1517 4071 .....
1545 4000 1709 4090 dicatam,
1746 4002 1843 4073 cuius

280 4123 487 4215 proprietas
513 4123 559 4194 ad
585 4122 904 4195 Koczauowsh
913 4146 936 4213 y
963 4123 1007 4195 de
1032 4123 1140 4195 armis
1159 4176 1274 4192 .....
1302 4122 1463 4212 pertinet.
1492 4122 1529 4193 ln
1558 4144 1626 4213 qua
1653 4129 1733 4195 sunt
1752 4124 1843 4193 laurei

289 4244 545 4333 emethonaies,
580 4244 623 4317 de
650 4245 775 4335 quihus
802 4245 949 4316 solvitur
975 4250 1013 4316 ct
1037 4244 1243 4333 corlducitur
1270 4243 1402 4315 decima
1430 4244 1654 4334 manipularis
1682 4250 1717 4315 et
1744 4266 1844 4315 caura-

288 4367 379 4459 paiis
406 4387 471 4458 pro
497 4368 648 4458 capitulo
675 4366 905 4458 cracoviensi,
931 4368 1029 4439 euius
1048 4366 1147 4438 valor
1173 4367 1217 4438 ad
1245 4366 1434 4438 octodecim
1462 4387 1604 4455 grossos
1623 4368 1844 4455 'aestimatum

290 4490 373 4561 item
401 4495 457 4561 cst
483 4489 532 4560 ihi
560 4488 741 4579 praedium
768 4490 927 4579 militare,
955 4489 998 4559 de
1017 4487 1114 4560 cuius
1141 4487 1236 4577 agris
1264 4487 1410 4558 solvitur
1429 4494 1464 4559 et
1482 4486 1685 4559 conducitur·
1712 4487 1844 4559 decima

291 4610 519 4702 manipularis
545 4631 610 4701 pro
636 4631 700 4682 suo
726 4610 875 4701 plebano
903 4611 937 4681 in
965 4609 1226 4700 Olschowa,
1254 4614 1290 4681 et
1318 4609 1416 4681 uaior
1442 4609 1516 4680 eius
1544 4610 1747 4681 aestimatur
1766 4666 1772 4679 .
1792 4666 1827 4680 ..

395 4732 713 4823 Pnunscunucnn,
752 4732 833 4804 uilia
860 4732 925 4803 suh
951 4730 1073 4803 endem
1100 4731 1265 4821 parochia
1292 4730 1335 4801 dc
1363 4731 1608 4803 Olschowa
1633 4732 1720 4822 sita,
1747 4732 1845 4804 cuius

290 4854 489 4945 proprietas
514 4853 569 4925 ad·
586 4874 703 4943 regem
730 4854 893 4944 pertinet.
922 4854 960 4924 lu
979 4874 1049 4944 qua
1067 4858 1149 4924 sunt
1174 4853 1266 4924 lanei
1293 4853 1535 4943 emethonaleS,
1562 4853 1605 4925 de
1633 4854 1758 4944 quihus
1776 4854 1845 4925 sol-

291 4976 386 5049 uitur
410 4980 449 5047 et
474 4975 678 5047 conducitur
704 4976 838 5049 decima
856 4976 1082 5066 manipularis
1108 4996 1172 5067 pro
1190 4976 1353 5067 episcopo
1372 4974 1603 5065 Gracouiensi,
1631 4976 1729 5049 cuius
1748 4977 1845 5047 unior

291 5098 498 5171 aestimatur
523 5097 567 5170 ad
587 5151 594 5168 .
613 5152 621 5167 .
641 5120 676 5187 .;
702 5098 787 5170 item
814 5096 863 5169 ihi
891 5098 1022 5170 nullum
1048 5103 1104 5170 est
1130 5097 1319 5189 praedium.

393 5218 610 5309 Jnnruuczn,
636 5219 721 5291 uilla
745 5219 811 5291 suh
837 5220 1005 5311 parochia
1030 5218 1073 5292 de
1101 5218 1346 5292 Olschowa
1373 5220 1449 5292 sita.
1481 5219 1522 5290 In
1549 5239 1617 5309 qua
1644 5222 1726 5289 aurit
1752 5217 1844 5287 lanei

292 5340 539 5431 emethonaios,
565 5340 753 5432 dequibus
780 5341 928 5413 solvitur
954 5340 1088 5414 decima
1113 5362 1177 5431 pro
1196 5341 1357 5432 episeopo
1376 5339 1606 5429 Gracoviousi,
1633 5338 1730 5410 cuius
1749 5337 1847 5409 valor

292 5462 335 5537 ad
353 5515 473 5535 .....
499 5482 635 5535 marcas
662 5462 879 5553 aestimatur,
907 5464 991 5536 item
1018 5464 1068 5537 ibi
1096 5463 1227 5535 nullum
1254 5467 1309 5534 est
1336 5461 1525 5553 praedium.

301 5588 305 5595 '
393 5584 646 5677 Dnmznnrur,
671 5585 756 5659 uilia
781 5586 846 5659 sub
873 5586 994 5659 eadem
1019 5586 1186 5678 parochia
1212 5585 1288 5674 sita,
1317 5582 1414 5655 euius
1436 5582 1633 5673 proprietas
1651 5580 1696 5653 ad
1715 5581 1844 5673 regiam

292 5708 509 5781 1111111111(
534 5708 695 5799 pertinet
720 5706 762 5781 In
780 5729 850 5800 qua
867 5714 948 5780 sunt
963 5709 1057 5781 lanei
1076 5706 1326 5795 emethonaios,
1354 5704 1396 5776 de
1424 5704 1548 5797 quibus
1575 5704 1744 5777 decima...
1772 5703 1844 5794 ple-

292 5828 382 5905 bano
408 5830 448 5903 in
473 5828 723 5924 Melsthin,
760 5834 843 5905 item
869 5835 925 5903 est
952 5831 1000 5902 ihi
1026 5851 1133 5901 unum
1160 5828 1339 5920 praedium
1367 5828 1531 5918 militare,
1558 5826 1601 5899 de
1628 5827 1725 5897 cuius
1752 5825 1845 5917 agris

292 5950 488 6031 1111111111
520 5974 586 6046 pro
609 5930 734 6029 eodem
768 5953 919 6047 plebano
954 5953 990 6025 in
1017 5950 1266 6041 Melsthin,
1303 5955 1338 6023 et
1365 5951 1463 6025 valor
1498 5950 1607 6041 ipsius
1642 5948 1846 6021 aestimatur

288 6074 336 6149 nd
354 6130 499 6147 ......
