4200 8342
1706 1692 1709 1699 .
1743 1638 1814 1708 129

941 1832 1132 1905 Pouronra

364 1945 470 2016 Villa
486 1947 619 2032 habens
646 1948 826 2019 ecclesiam
852 1952 1086 2039 parochialem
1112 1952 1261 2042 ligneam
1287 1955 1466 2044 pulchram
1492 1954 1654 2030 Omnium
1670 1958 1814 2033 Sancto-

258 2085 348 2157 rum,
375 2068 473 2140 cuius
491 2067 616 2138 baares
633 2068 756 2139 unicus
773 2068 952 2142 Jobannes
970 2069 1315 2164 Paschkowslry
1342 2074 1385 2146 de
1403 2077 1508 2147 armis
1525 2077 1815 2172 Plomyeuya

257 2184 300 2256 Iu
327 2207 396 2276 qua
423 2187 504 2258 olim
531 2193 633 2259 erant
658 2193 745 2259 tres·
758 2190 884 2280 curiae,
910 2190 1014 2263 hodie
1041 2199 1159 2263 tamen
1187 2195 1222 2263 in
1241 2215 1344 2265 uuam
1362 2192 1546 2284 redactae3
1572 2197 1679 2270 babet
1696 2201 1813 2273 taber-

259 2327 341 2377 nam
368 2314 406 2379 et
431 2307 644 2398 hortolanos,
672 2308 715 2380 de
742 2329 810 2399 qua
836 2312 1013 2383 totavilla
1031 2313 1135 2384 datur
1154 2313 1286 2385 decima
1303 2314 1460 2404 plebano.
1486 2315 1632 2388 Patroni
1649 2319 1813 2409 eiusdem,

259 2428 394 2516 primns
429 2428 671 2517 principaliter
689 2428 882 2501 lohannes
917 2430 1264 2524 Paschhowsky
1299 2434 1406 2505 habet
1432 2435 1518 2533 duas
1545 2457 1646 2508 voces
1672 2440 1813 2528 primae,

259 2569 363 2631 uuam
400 2547 443 2618 de
479 2549 600 2620 eadem
635 2548 870 2642 Pobyodr,
898 2555 932 2621 et
960 2551 1106 2623 alteram
1142 2553 1813 2646 dePaschkowhaetTreb013

258 2669 430 2739 secundus
466 2674 635 2758 patronus
670 2668 849 2741 lohannes
884 2670 1182 2763 Russoczsky
1208 2673 1251 2744 de
1277 2672 1660 2765 Jaschkowycze3
1686 2678 1813 2748 tertius

259 2779 420 2860 dominus
437 2788 602 2860 Nicolaus
619 2788 791 2860 Jordan
818 2790 861 2861 de
890 2788 1261 2882 Gnyazdowycze3
1288 2799 1433 2882 quartus
1451 2792 1633 2866 Jauussius
1652 2795 1814 2868 Strzala

258 2913 297 2979 et
321 2909 383 2979 alii
408 2909 577 2981 haeredes
605 2908 648 2980 de
675 2909 903 3001 Banczyn;
931 2911 1072 3002 quintus
1089 2912 1268 2984 Johaunes
1287 2918 1323 2983 et
1340 2910 1504 2984 Nicolaus
1523 2913 1812 3007 Strzalowye

256 3029 839 3120 germanideSossnowycze3
866 3037 985 3103 sextus
1016 3031 1199 3122 Philippus
1222 3033 1434 3103 Burlrath
1461 3032 1504 3104 de
1531 3034 1812 3125 Brzezynha.
1927 3111 1929 3120 ,

256 3148 345 3221 Post
381 3173 527 3240 quorum
564 3153 715 3235 omnium
751 3153 864 3223 curias
891 3153 998 3224 habet
1023 3152 1192 3243 plebanus
1219 3153 1386 3224 decimam
1413 3160 1556 3244 etpost
1582 3156 1748 3226 tabernas
1776 3161 1812 3227 et

257 3270 474 3371 hortulanias
501 3293 630 3344 eorum.
656 3271 767 3342 Valor
793 3271 955 3344 decimae
972 3274 1009 3343 in
1034 3273 1252 3364 Pobyodr
1278 3275 1383 3345 trium
1409 3294 1618 3364 marcarum,
1645 3282 1681 3348 et
1707 3296 1811 3370 pecu-

256 3392 394 3463 niarum
419 3412 543 3464 norem
569 3413 710 3482 grossos
737 3392 877 3464 solvunt
904 3387 1091 3465 hortulani.
1117 3394 1159 3464 ln
1185 3388 1499 3465 Paschkowka
1525 3395 1686 3466 similiter
1702 3397 1809 3467 trium

256 3531 471 3599 marcarum,
500 3519 535 3584 et
561 3512 689 3584 ibidem
716 3513 802 3583 daut
828 3515 1027 3585 cmothones
1053 3515 1219 3604 pecunias
1247 3520 1283 3585 et
1309 3514 1481 3604 siliginem
1509 3535 1586 3584 cum
1613 3535 1732 3586 avena
1768 3516 1809 3586 ln

257 3631 623 3725 laschlrowycze
658 3631 791 3703 decima
825 3635 934 3705 totius
963 3634 1075 3705 uillae
1112 3640 1190 3705 octo
1226 3610 1439 3723 marcarum,
1475 3654 1516 3704 ac
1550 3640 1624 3705 tres
1658 3635 1811 3707 fertones

255 3753 484 3842 pecuniarum
511 3753 821 3825 solvuntincolae.
848 3754 888 3824 ln
916 3754 1115 3827 Trzabol
1142 3754 1252 3825 totius
1280 3754 1381 3825 villae
1409 3754 1541 3825 decima
1567 3775 1691 3826 norem
1718 3776 1820 3837 mar<

258 3893 395 3963 carum,
432 3894 472 3944 ac
507 3880 581 3946 tres
615 3872 770 3945 fertones
805 3874 1029 3963 pecuniarum
1065 3874 1206 3945 solvunt
1240 3873 1418 3944 haeredes.
1461 3873 1502 3942 In
1537 3873 1811 3964 Brzezynlra

257 3992 392 4065 decima
425 3996 528 4066 unius
563 3974 700 4066 marcae
727 4014 804 4065 cum
831 3993 963 4084 media,
990 4014 1031 4064 ac
1058 3993 1238 4065 duodecim
1265 3995 1378 4084 grossi
1400 3993 1627 4083 pecuniarum
1651 3995 1694 4066 de
1721 4015 1810 4067 cme-

256 4114 433 4205 tbonibus,
461 4116 520 4207 qui
547 4116 686 4187 solvunt
712 4115 877 4185 decimam
904 4115 1154 4204 manipularem
1180 4115 1311 4185 vicario
1329 4113 1548 4203 praebendae
1565 4113 1808 4185 ,Cracoviensis

256 4232 493 4322 Bodzowska3
520 4237 616 4306 cuius
642 4235 742 4307 valor
768 4235 870 4307 unius
896 4254 1042 4305 marcae.
1079 4234 1120 4304 In
1146 4234 1360 4325 Banczyn
1387 4232 1520 4305 decima
1546 4233 1692 4305 duarum
1719 4235 1811 4305 curi·

257 4375 377 4445 mum,
404 4355 503 4426 valor
529 4355 631 4426 unius
659 4374 735 4427 cum
763 4355 878 4426 media
902 4375 1059 4444 marcae,
1086 4360 1123 4425 et
1148 4354 1276 4426 ibidem
1303 4346 1444 4426 solvunt
1468 4353 1601 4424 hrcolae
1629 4355 1809 4444 siliginem,

256 4495 402 4549 arenam
437 4479 474 4546 et
508 4476 671 4566 pecunias
708 4475 753 4546 ad
788 4476 901 4546 minus
927 4495 1064 4563 norem,
1079 4495 1225 4564 marcae,
1253 4463 1368 4546 omnia
1393 4481 1536 4565 praeter
1561 4474 1738 4545 decimam.
1764 4474 1806 4544 In

256 4595 586 4686 Sosanowycze
620 4602 700 4686 post
735 4596 867 4666 curiam
903 4595 1075 4667 lohannis
1109 4595 1261 4666 Senioris
1299 4595 1487 4666 Strzala
1521 4595 1614 4666 tollit
1633 4595 1807 4666 minister

256 4717 423 4790 ccclesiae
459 4737 523 4806 pro
558 4716 703 4806 salario,
732 4721 770 4787 et
803 4722 884 4807 post
919 4717 1049 4787 curiam
1076 4721 1114 4787 et
1139 4722 1300 4786 araturas
1325 4714 1462 4785 Nicolai
1489 4721 1525 4784 et
1550 4714 1706 4786 Janussii
1733 4716 1808 4786 eius
1887 4777 1889 4782 .

257 4837 336 4928 lilii,
362 4837 457 4909 tollit
492 4837 681 4926 plebanus3
717 4837 814 4907 cuius
849 4835 947 4906 valor
983 4835 1129 4907 duarum
1157 4855 1367 4921 marcarum3
1394 4841 1430 4905 et
1455 4834 1582 4904 ibidem
1611 4833 1809 4904 cmothones

258 4977 384 5047 omues,
411 4956 553 5028 solvunt
577 4958 751 5047 pecunias,
779 4955 965 5045 siliginem,
993 4976 1137 5027 avenam
1164 4976 1228 5044 pro
1254 4953 1469 5044 missalibus,
1498 4952 1628 5025 valoris
1656 4955 1807 5043 quinque

257 5097 468 5166 marcarum,
503 5082 539 5148 et
572 5078 661 5147 istac
696 5076 799 5148 villae
834 5082 915 5147 sunt
949 5076 1014 5149 sub
1049 5075 1215 5166 parochia
1250 5073 1403 5145 eiusdem
1438 5072 1611 5145 ecclesiae.
1651 5074 1739 5144 ltem
1770 5073 1807 5143 iu

259 5195 658 5290 Sczyborowycze,
686 5198 750 5269 sub
775 5198 945 5288 parocbia
966 5195 1289 5285 Kosczyalecz,
1315 5201 1411 5265 retro
1430 5193 1807 5283 Proschowycze,

258 5319 355 5389 cuius
390 5318 514 5389 haeres
547 5315 758 5407 Wlodek3
794 5318 896 5388 datur
935 5318 1068 5388 decima
1102 5320 1182 5405 post
1216 5314 1411 5405 praediales
1447 5335 1550 5403 agros
1586 5314 1734 5403 plebano
1772 5316 1807 5383 in

258 5434 445 5530 Pobyo'd
454 5459 482 5527 r,
509 5437 606 5510 valor
632 5437 749 5508 decem
775 5438 993 5526 florenorum,
1021 5435 1083 5507 sed
1110 5437 1236 5507 dicitur
1255 5456 1329 5505 esse
1348 5434 1479 5506 melior.
1506 5434 1592 5504 Item
1611 5435 1646 5504 in
1666 5433 1808 5523 Gnya·

259 5559 496 5651 zdowycze
532 5562 612 5647 post
646 5559 758 5628 certos
793 5578 896 5647 agros
931 5556 1165 5627 cmothonales
1202 5554 1335 5625 decima
1369 5555 1498 5625 valoris
1532 5561 1680 5645 quatuor
1714 5576 1804 5623 mar-

259 5700 373 5752 carum
410 5679 515 5751 datur
550 5677 594 5749 ad
629 5677 859 5768 Pobyodr,
886 5678 983 5749 cuius
1020 5679 1145 5749 haeres
1181 5677 1339 5748 dominus
1374 5675 1568 5766 Jordan,
1596 5683 1631 5746 et
1658 5681 1712 5745 ost
1739 5676 1803 5743 sub

258 5801 422 5890 parochia
456 5799 841 5889 Proschowycze,
869 5799 975 5870 habet
1002 5805 1037 5870 et
1064 5797 1231 5869 infundo
1258 5798 1375 5888 plures
1403 5796 1616 5887 specificatus
1644 5795 1805 5884 decimas,

258 5921 317 5992 sed
343 5942 403 5991 eas
429 5941 499 5991 nou
526 5907 619 6010 capit
644 5919 688 5990 ad
714 5939 889 6009 praeseus
916 5919 1013 5990 Haec
1040 5920 1236 6009 conscripta
1263 5924 1344 5989 sunt
1369 5918 1461 5989 bona
1486 5916 1554 5987 fide
1580 5901 1617 5987 et
1633 5915 1807 5986 veraciter

258 6062 298 6113 ex
324 6047 422 6114 certa
448 6038 602 6112 scientia.
758 6045 761 6048 ’

924 6159 1132 6232 anmunn.

357 6282 454 6356 Villa
470 6282 705 6373 parochialem
732 6282 911 6352 ecclesiam
928 6281 1078 6370 ligneam
1105 6279 1231 6351 Sancta
1258 6277 1403 6349 Nicolao
1430 6275 1628 6348 confessori
1655 6277 1804 6348 dicatam

257 6405 387 6477 habena
413 6405 449 6474 in
468 6424 505 6474 se
523 6404 640 6492 sitam,
668 6404 765 6473 cuius
783 6401 951 6473 haeredes
969 6400 1163 6490 Johannes,
1189 6399 1329 6469 Marcus
1347 6397 1520 6488 Georgius
1547 6405 1583 6469 et
1599 6396 1806 6486 Katholdus,

257 6525 388 6598 nobiles
415 6524 459 6595 de
485 6525 591 6595 armis
618 6523 826 6613 Szarzya.
867 6523 908 6594 Iu
929 6543 1003 6612 qua
1030 6526 1113 6592 sunt
1138 6520 1229 6592 lanei
1256 6521 1501 6611 amethonales,
1528 6519 1611 6591 item
1630 6520 1805 6609 tabernae,

357 6691 518 6735 ammae.
535 6692 567 6733 11.
603 6732 608 6741 ,
999 6720 1001 6725 ⁴
1603 6669 1637 6716 Π
1770 6697 1774 6706 “
