4200 8342
1665 1658 1738 1729 385

175 1850 336 1931 solvitur
362 1860 400 1929 et
425 1854 630 1929 conducitur
655 1854 789 1930 decima
814 1856 1039 1949 manipularis
1057 1860 1094 1931 et
1111 1858 1287 1951 canapalis
1312 1877 1378 1952 pro
1405 1860 1552 1934 ecclesia
1576 1863 1612 1936 in
1631 1861 1738 1939 Mlo-

175 1976 341 2074 dzowp
367 1977 558 2071 Minori,
585 1983 621 2051 et
645 1978 746 2052 valor
772 1980 847 2053 eius
874 1980 1077 2053 aestimatur
1103 1980 1149 2053 ad
1176 1980 1326 2074 quinque
1351 1999 1495 2054 marcas.
1522 1984 1610 2057 Item
1637 2008 1738 2078 prae·

175 2098 349 2175 dium....‘
464 2114 486 2162 2

288 2212 529 2314 nummosi,
567 2220 653 2295 villa
677 2222 742 2295 suh
769 2222 936 2315 parochia
962 2221 1005 2295 dc
1031 2221 1277 2296 Mlodzowi
1312 2224 1486 2313 Minori
1513 2227 1600 2320 sita,
1639 2230 1737 2305 cuius

175 2326 541 2419 haeredes'nndreas
576 2342 1004 2437 Pyandzicz-owsky
1038 2343 1083 2416 de
1109 2344 1211 2417 domo
1237 2344 1456 2436 Damhuo,
1496 2351 1533 2420 et
1558 2348 1736 2425 Johannes

175 2460 614 2569 Gproszwancaalry
649 2464 821 2538 dedomo
857 2464 1043 2539 Roseae.
1088 2464 1129 2536 In
1156 2486 1225 2558 qua
1252 2469 1335 2539 suut
1369 2466 1460 2539 lanei
1491 2470 1737 2564 emethonales,

175 2566 379 2679 dd'uuihus
405 2585 553 2661 solvitur
578 2591 615 2660 et
641 2586 845 2661 conducitur
879 2586 1011 2660 decima
1045 2586 1270 2679 manipularis
1296 2593 1335 2663 et
1359 2590 1537 2682 canapalis
1572 2613 1636 2683 pro
1663 2594 1736 2685 epi-

175 2712 330 2807 scopatu
355 2705 597 2798 Gmcoriensi,
632 2709 731 2782 cuius
757 2708 857 2783 valor
891 2708 936 2781 ad
963 2712 1114 2800 quatuor
1139 2728 1273 2782 marcas
1308 2711 1521 2785 aestimatur.
1565 2714 1654 2787 Item
1681 2720 1737 2789 est

178 2822 244 2903 ml
257 2828 440 2924 praedium
465 2830 604 2903 unicum
624 2828 797 2905 iohannis
822 2830 867 2902 de
893 2828 1253 2925 Guroszwaulry,
1280 2830 1324 2904 de
1350 2832 1448 2905 cuius
1465 2835 1560 2924 agris
1587 2835 1735 2909 solvitur

178 2948 316 3023 decima
340 2950 568 3044 manipularis
594 2952 630 3023 iu
665 2950 915 3026 Mlodzowi
941 2949 1133 3043 Minori,
1168 2956 1205 3025 et
1230 2950 1330 3026 valor
1355 2952 1430 3027 eius
1456 2955 1662 3031 aestimatur
1688 2958 1733 3031 ad

179 3092 287 3147 uuam
313 3092 474 3147 marcam.

285 3193 451 3286 Zanura
478 3194 562 3266 villa
587 3196 653 3269 snb
679 3195 845 3287 parochia
871 3193 915 3268 de
940 3194 982 3267 M
990 3193 1185 3268 lodzorri
1211 3193 1385 3295 Minori
1413 3197 1498 3288 sita,
1525 3198 1624 3271 cuius
1650 3198 1733 3273 hae-

176 3298 433 3391 reaJohannes
460 3311 611 3389 (iallra
637 3316 681 3389 de
706 3315 1031 3410 Myedzwyedz
1059 3316 1102 3389 de
1121 3317 1227 3390 armis
1253 3313 1578 3391 Odrowausch.
1604 3318 1645 3391 In
1665 3341 1735 3412 qua

181 3440 265 3525 sunt
290 3436 382 3510 hnei
409 3437 653 3529 emethonales,
680 3437 724 3511 dc
750 3437 877 3530 quihus
903 3437 1050 3512 solvitur
1068 3442 1105 3510 et
1121 3436 1326 3511 conducitur
1352 3437 1486 3511 decima
1506 3440 1733 3533 manipularis

178 3563 216 3632 et
240 3558 437 3651 canapalis,
475 3578 546 3632 mro
572 3579 663 3633 anno
689 3580 754 3652 pro
780 3558 982 3652 episcopatu
1016 3558 1257 3651 cracoviensi,
1292 3560 1404 3633 altero
1430 3581 1515 3634 uero
1549 3582 1640 3635 anuo
1667 3583 1731 3655 pro

178 3678 377 3772 praehenda
401 3677 606 3771 Kelcziensi‚
634 3702 723 3773 quae
748 3686 895 3754 vocatur
920 3680 1211 3774 Sidlowyeczska,
1236 3684 1276 3754 et
1301 3681 1400 3755 valor
1425 3682 1500 3754 eius
1528 3684 1732 3756 aestimatur

175 3800 221 3875 dd
247 3800 683 3894 quinqucmarcas.1tem
710 3802 895 3893 taberna,
921 3802 1005 3874 itam
1030 3802 1246 3893 hortulani...,
1273 3803 1358 3874 item
1384 3802 1564 3894 praedium
1600 3809 1655 3876 est
1681 3805 1731 3877 ihi

179 3932 287 3997 unam
321 3921 492 4014 militaro,
533 3923 671 4016 dequo
707 3923 900 3997 decimatur
934 3922 1102 3996 ecclesiae
1127 3923 1164 3995 in
1199 3921 1442 3997 Mlodzowi
1476 3922 1667 4015 Minori,
1694 3930 1731 3997 et

178 4043 281 4119 iader
305 4044 613 4119 eius-aestimatur
638 4045 684 4118 ad
710 4049 861 4137 quatuor
879 4065 1031 4118 marcos.

274 4156 399 4243 ¹Villae
425 4166 650 4259 parochiales:
677 4164 923 4240 Mlodzowi
949 4166 1123 4258 Minor,
1148 4163 1410 4259 Braliczin,
1436 4164 1728 4260 Sknzipyou,

179 4284 363 4382 Zhlupa.

849 4530 1071 4606 Sraznnczr,

280 4652 376 4727 villa
400 4654 533 4730 hahens
558 4654 790 4747 parochialem
826 4654 1006 4728 ecclesiam
1031 4652 1196 4746 ligneam,
1223 4651 1331 4727 Sanct
1348 4706 1489 4725 ......
1515 4652 1664 4726 dicam
1691 4656 1728 4753 in

176 4798 232 4869 se,
267 4776 366 4851 cuius
392 4776 515 4850 haeres
541 4779 578 4850 et
603 4780 771 4870 patronus
805 4776 927 4850 uniam
953 4774 1115 4849 Andreas
1140 4773 1516 4866 Oleschuiczsky
1551 4774 1595 4845 de
1626 4775 1727 4847 domo

175 4896 385 4973 Dambno.
428 4898 469 4971 In
497 4919 566 4990 qua
591 4904 674 4972 sunt
700 4898 792 4970 lanei
819 4897 1071 4988 emethonales,
1111 4897 1195 4969 item
1222 4896 1386 4985 taberna,
1426 4896 1511 4967 item
1541 4895 1727 4987 hortulani,

174 5020 260 5095 item
285 5018 467 5113 praedium
493 5040 609 5112 unum
636 5019 680 5093 de
698 5019 822 5112 quihus
840 5019 1000 5092 omnibus
1017 5016 1165 5091 soluitur
1183 5020 1219 5090 et
1236 5014 1441 5090 conducitur
1466 5014 1600 5089 decima
1617 5016 1726 5088 mani-

175 5140 309 5235 putaris
334 5146 372 5214 et
391 5141 573 5233 'canapalis
600 5161 664 5234 pro
692 5141 836 5214 ccclesia
863 5141 900 5213 in
934 5140 1194 5229 Strzelcne,
1229 5142 1265 5210 et
1291 5137 1390 5210 valor
1415 5138 1490 5210 eius
1523 5137 1727 5211 aestimatur

175 5262 219 5337 ss
246 5262 400 5356 qunque
424 5283 569 5336 marcas.
595 5263 684 5336 Item
710 5263 816 5335 hahet
842 5260 987 5335 ecclesia
1008 5268 1047 5334 et
1065 5261 1233 5353 plebanus
1261 5265 1376 5343 certos
1403 5279 1517 5352 agros,
1543 5280 1608 5352 pru
1626 5280 1726 5351 prae-

175 5382 232 5457 do
259 5404 334 5475 suo,
359 5382 488 5458 mixtos
515 5385 608 5458 inter
635 5405 738 5476 agros
765 5384 993 5457 emethonum.
1019 5384 1109 5456 Item
1127 5383 1234 5456 hahet
1259 5382 1329 5455 tria
1351 5380 1503 5474 praedia,
1531 5402 1637 5454 unum
1655 5380 1727 5454 dic-

175 5510 249 5579 tum
275 5504 434 5598 sarug,
473 5506 568 5579 aliud
595 5510 676 5598 post
700 5506 832 5599 locum,
859 5506 920 5599 qui
946 5494 1075 5581 dicitur
1101 5502 1282 5598 Ozarny
1308 5502 1447 5595 Brod,
1475 5503 1618 5578 tertium
1644 5509 1726 5595 post

175 5624 294 5701 llam
319 5623 696 5721 Pyeczyenyagy.

277 5745 543 5822 Prnczanraor
559 5752 717 5842 utraque,
743 5747 848 5823 villae
870 5749 935 5822 suh
952 5748 1119 5840 parochia
1145 5747 1189 5820 de
1216 5745 1459 5818 Strzclczc
1485 5744 1725 5836 consistentes,

175 5888 322 5963 quarum
346 5869 473 5942 haeres
498 5868 659 5944 Andreas
684 5870 1060 5963 Olcsehuiczslry
1086 5869 1130 5942 de
1157 5867 1258 5940 domo
1285 5866 1497 5939 Dambno.
1532 5864 1573 5935 In
1601 5864 1725 5955 quibus

175 5986 256 6065 nst
280 5990 374 6064 lanei
399 5991 642 6084 emethoualss,
670 5992 753 6066 item
780 5992 958 6083 tabernae,
984 5992 1069 6063 item
1096 5988 1328 6077 hortulaniae,
1356 5988 1439 6059 item
1465 5985 1654 6078 praedium,
1681 5985 1725 6063 de

174 6112 300 6203 quihus
326 6111 486 6186 omuibus
513 6113 661 6187 solvitur
686 6119 723 6187 et
749 6113 953 6187 conducitur
983 6110 1118 6185 decima
1143 6108 1368 6200 manipularis
1395 6110 1431 6181 et
1458 6106 1633 6198 canapalis
1659 6127 1724 6199 pro

175 6224 319 6309 eoeleda
335 6233 381 6307 iu
407 6233 668 6327 Strzclcze,
703 6237 741 6309 et
765 6234 864 6308 valor
891 6234 1073 6326 utriusque
1099 6230 1252 6305 decimae
1278 6230 1481 6304 aestimatur
1508 6228 1553 6301 ad
1580 6226 1724 6321 quinde-

175 6354 238 6429 cim
264 6375 410 6430 marcas.
1239 6336 1243 6342 “

277 6476 393 6552 Villae
419 6477 654 6572 parochiales:
681 6475 940 6567 Strzolcae,
980 6472 1333 6568 Pyeczyenyagi
1368 6471 1536 6563 Maior,
1563 6469 1723 6564 Pycze·

177 6598 315 6715 uyagi
339 6595 506 6674 Minor.

277 6769 327 6815 ua.
339 6769 438 6814 Bausta.
452 6771 484 6816 11.
1519 6742 1556 6791 49
