4200 8342
933 1927 1147 2001 Sono'rrrrm.

364 2065 460 2137 Villa
485 2066 618 2137 habens
645 2067 826 2138 ecelesiam
852 2068 1087 2158 parochialem
1110 2070 1145 2140 in
1165 2088 1202 2141 se
1220 2069 1379 2160 ligneam,
1399 2070 1547 2147 Sanctae
1566 2070 1811 2161 Margarethae

258 2188 428 2278 dicatam,
455 2188 553 2259 cuius
579 2188 717 2262 collatio
743 2194 780 2261 et
806 2190 1003 2280 proprietas
1029 2189 1074 2261 ad
1101 2210 1218 2280 regem
1245 2192 1407 2281 pertinet.
1448 2192 1488 2263 ln
1516 2214 1584 2283 qua
1612 2200 1694 2265 sunt
1719 2194 1811 2265 lanei

259 2310 514 2398 cmethonales,
541 2309 585 2382 de
621 2310 746 2399 quibus
781 2311 959 2401 omnibus,
984 2318 1127 2402 praeter
1162 2332 1265 2401 agros
1292 2292 1537 2402 additionales‚
1565 2314 1623 2404 qui
1651 2313 1812 2387 dicuntur

251 2426 496 2527 prrzymycrlcp
523 2430 671 2503 solvitur
696 2438 733 2503 et
760 2431 963 2504 conducitur
979 2432 1114 2505 decima
1131 2432 1356 2524 manipularis
1374 2439 1410 2505 et
1427 2435 1603 2526 canapalis
1621 2456 1685 2526 pro
1704 2436 1812 2508 eccle-

258 2552 312 2625 sia
334 2534 528 2645 parochiali
555 2554 591 2623 in
618 2552 745 2643 oppido
773 2552 945 2644 Solecz,
972 2562 1008 2625 et
1034 2554 1131 2627 valor
1158 2555 1232 2627 eius
1260 2556 1466 2629 aestimatur
1492 2557 1536 2628 ad
1555 2557 1703 2649 triginta
1720 2578 1811 2629 mar-

258 2694 328 2764 eas,
354 2673 541 2765 aliquando
567 2674 613 2745 ad
639 2674 878 2765 quadraginta.
913 2676 1003 2767 Item
1029 2682 1085 2749 est
1111 2678 1160 2748 ibi
1187 2677 1354 2767 optimum
1380 2678 1562 2768 praedium
1589 2680 1740 2767 regium,
1768 2679 1811 2749 dc

258 2796 356 2869 euius
391 2797 486 2887 agris
521 2803 558 2869 et
585 2796 681 2887 aliis,
717 2797 777 2887 qui
812 2795 1240 2893 dicunturprzymparly
1276 2799 1567 2889 cmethonalibus‚
1603 2799 1749 2873 solvitur
1776 2806 1813 2872 et

259 2917 469 2993 conducitur.
490 2917 624 2990 decima
649 2918 875 3009 manipularis
902 2914 1138 3009 pro'ecclesia
1165 2924 1201 2991 et
1227 2919 1373 3010 plebano
1392 2920 1427 2992 in
1447 2918 1696 2994 Sobothka
1723 2920 1811 2992 ltenr

259 3039 407 3119 ecclesia
445 3046 483 3111 et
517 3038 685 3130 plebanus
719 3040 851 3113 habent
883 3040 934 3112 ibi
966 3039 1133 3131 speciales
1160 3062 1263 3130 agros
1291 3046 1327 3112 et
1353 3046 1456 3131 prata
1481 3042 1628 3131 liberos,
1656 3063 1720 3132 pro
1748 3062 1810 3114 suo

258 3161 404 3253 praedio
430 3167 468 3233 et
494 3162 710 3235 necessitate.
736 3162 824 3233 ltenr
851 3162 1050 3252 notandum,
1078 3161 1171 3255 quod
1190 3162 1346 3253 praelata
1373 3163 1455 3233 villa
1481 3163 1720 3249 Sobothka
1745 3162 1812 3235 fnit

258 3281 432 3374 quondam
459 3281 503 3353 de
528 3284 743 3374 proprietate
779 3283 1091 3373 sanctimonialium
1119 3283 1161 3355 dc
1190 3282 1317 3355 Sancto
1344 3282 1486 3356 Andrea
1511 3284 1547 3355 in
1575 3282 1811 3374 Gracovia,

258 3409 296 3477 et
320 3405 520 3496 pertinebat
554 3405 599 3477 ad
625 3406 842 3479 advocatiam
867 3405 1182 3478 Zauichostensem
1209 3405 1311 3497 pleno
1340 3405 1434 3493 iure;
1461 3405 1523 3477 sed
1550 3404 1698 3478 Oasim
1711 3406 1811 3478 irus

259 3526 498 3601 Secundus
525 3534 683 3619 coempta
709 3505 893 3600 advocatia
908 3527 1196 3619 Zawychostensi‚
1216 3525 1307 3617 apud
1326 3526 1468 3598 Petrum
1495 3527 1569 3598 eius
1598 3526 1811 3617 advocatum,
1890 3564 1892 3569 ·

258 3650 364 3721 etiarn
392 3649 508 3721 villam
535 3649 773 3722 Sobothka
798 3650 834 3721 in
861 3650 915 3722 ius
941 3670 1041 3722 suum
1069 3650 1202 3740 regium
1231 3653 1266 3719 et
1292 3650 1542 3739 proprietatem
1569 3648 1686 3720 traxit.
1723 3648 1811 3719 Item

259 3770 393 3843 dacima
427 3771 654 3863 manipularis
689 3778 771 3863 post
804 3792 924 3844 omnes
958 3771 1176 3861 cmethones‚
1203 3769 1418 3841 hortulanias
1445 3776 1480 3841 et
1506 3769 1670 3843 tabernas
1698 3768 1811 3842 dictae

256 3892 361 3965 villae
395 3894 655 3985 Sobothka,
681 3894 829 3967 solvitur
863 3893 1030 3966 ecclesiae
1065 3892 1253 3984 parochiali
1282 3897 1318 3962 et
1344 3892 1492 3982 plebano
1520 3893 1594 3964 eius
1621 3892 1656 3962 in
1684 3890 1809 3981 oppido

257 4012 431 4107 Soleez,
457 4021 494 4090 et
520 4016 619 4089 valor
644 4018 720 4089 eins
746 4016 953 4090 aestimatur
980 4014 1025 4087 ad
1051 4014 1199 4106 triginta
1225 4034 1369 4086 marcas.

866 4240 1206 4315 Pnzrnrsnnwrczc.

362 4381 457 4455 Villa
491 4383 623 4454 habens
658 4383 694 4454 in
730 4402 768 4454 se
803 4382 983 4455 ecclesiam
1018 4379 1252 4472 parochialem
1288 4378 1416 4451 Sancto
1452 4376 1811 4470 Stanislaodieatam,

256 4504 355 4578 cuius
381 4504 578 4595 proprietas
604 4504 649 4575 ad
676 4504 809 4577 nobiles
836 4558 844 4574 .
871 4559 879 4574 .
907 4559 914 4573 .
942 4558 950 4573 .
976 4504 1139 4596 pertinet.
1179 4502 1220 4573 In
1248 4521 1316 4592 qua
1342 4506 1423 4572 sunt
1449 4500 1540 4571 lanei
1567 4484 1811 4590 cmethonales,
1885 4548 1890 4560 .

256 4624 453 4718 dequibus
480 4625 627 4698 solvitur
653 4632 690 4698 et
717 4626 921 4700 conducitur
949 4626 1082 4698 decima
1109 4624 1333 4715 manipularis
1361 4629 1397 4695 et
1423 4622 1599 4712 carrapalis
1618 4642 1681 4711 pro
1701 4621 1810 4693 eccle-

257 4747 310 4819 sia
338 4802 345 4817 .
373 4802 380 4816 .
408 4802 434 4838 .,
461 4751 497 4820 et
524 4747 621 4820 valor
647 4749 722 4820 cius
748 4748 794 4819 ad
821 4804 828 4819 .
856 4804 863 4817 .
893 4805 899 4819 .
927 4803 934 4818 .
963 4768 1096 4820 marcas
1124 4748 1337 4818 aestimatur.
1366 4745 1452 4815 ltenr
1480 4743 1626 4814 ecclesia
1653 4742 1811 4831 praelata

257 4874 296 4941 et
329 4869 496 4959 plebanus
531 4871 607 4942 eius
642 4871 748 4942 habet
783 4870 830 4941 ibi
867 4870 1027 4960 proprios
1064 4890 1167 4959 agros
1203 4872 1239 4937 et
1274 4872 1396 4956 prata,
1424 4886 1487 4955 pro
1515 4884 1576 4936 suo
1603 4863 1748 4953 praedio
1776 4868 1811 4933 et

256 4992 473 5065 mamiato.

939 5110 1130 5181 Brnzrnr.

274 5286 277 5291 -
361 5235 457 5308 Villa
482 5235 615 5307 habens
642 5234 677 5305 in
704 5254 742 5305 se
769 5233 948 5305 ecclesiam
975 5230 1218 5323 parochialem,
1246 5228 1373 5301 Sancto
1401 5226 1507 5299 Petro
1535 5227 1694 5317 dicatam,
1714 5227 1810 5299 cuius

256 5357 453 5449 proprietas
478 5358 632 5449 pertinet
657 5356 702 5429 ad
728 5355 923 5428 Johannem
949 5354 1048 5426 Felir
1067 5358 1103 5424 et
1121 5351 1337 5425 Bernardurn
1357 5350 1616 5442 Bidzinslry
1644 5350 1687 5422 de
1705 5350 1810 5421 armis

257 5473 284 5553 J
290 5499 439 5570 anyna
465 5484 502 5552 et
527 5478 737 5551 Dambno.
764 5478 887 5550 Habet·
907 5476 956 5550 ibi
982 5476 1130 5549 ccclesia
1156 5480 1192 5547 et
1215 5474 1386 5565 ¹plebanus
1414 5474 1574 5564 proprios
1600 5470 1704 5563 agros
1723 5472 1807 5543 libe·

257 5620 327 5693 ros,
354 5621 418 5693 pro
445 5622 508 5675 suo
535 5600 677 5693 praedio
704 5608 741 5673 et
766 5600 983 5674 necessitate.
1009 5598 1050 5671 ln
1078 5618 1145 5689 qua
1171 5602 1253 5670 sunt
1279 5596 1371 5668 lanei
1398 5594 1642 5691 cmethonales,
1669 5593 1712 5663 de
1736 5592 1810 5682 qui·
1915 5586 1918 5599 '

257 5724 324 5797 bus
358 5723 505 5796 solvitur
540 5728 577 5795 et
611 5723 816 5795 conducitur
852 5721 985 5795 decima
1010 5718 1237 5811 manipularis
1264 5739 1327 5809 pro
1355 5717 1502 5808 plebano
1530 5717 1565 5786 in
1592 5714 1810 5805 Bydzini3

255 5845 340 5919 item
376 5846 445 5918 duo
472 5846 615 5936 praedia
640 5846 815 5937 militaria,
841 5844 885 5917 de
912 5844 1036 5936 quibus
1063 5842 1221 5915 omnibu's
1248 5841 1394 5913 solvitur
1421 5845 1457 5911 et
1484 5836 1692 5909 conducitur.
1715 5835 1808 5905 deei-

256 5987 315 6040 ma
340 5968 565 6059 manipularis
592 5974 628 6039 et
654 5966 830 6058 canapalis
857 5966 1023 6039 ecclcsiae
1049 5965 1086 6040 in
1113 5963 1340 6055 Bydzyny‚
1367 5966 1404 6033 et
1430 5959 1528 6032 valor
1555 5958 1632 6031 eius
1648 5956 1809 6030 aestima·

258 6097 318 6163 tur
343 6088 388 6163 ad
415 6091 539 6183 viginti
566 6109 710 6161 marcas.
1408 6068 1410 6073 ¹
1502 6110 1504 6115 ·
1848 6074 1851 6083 '

859 6313 1205 6387 Voczacrrowrczr.

362 6456 468 6533 Villa,
483 6458 615 6529 habens
641 6455 819 6529 eeclesiam
845 6452 1080 6547 parochialem
1107 6450 1141 6521 in
1169 6470 1216 6540 se,
1243 6447 1357 6540 lapide
1384 6448 1463 6547 albo
1483 6450 1662 6536 muratam,
1682 6444 1809 6517 Sancto
1850 6472 1852 6479 ·

258 6578 452 6653 Adalhorto
478 6578 639 6671 dicatam,
665 6577 763 6651 cuim
788 6574 988 6671 proprietas
1013 6577 1051 6646 et
1078 6570 1216 6645 collatio
1247 6570 1400 6664 pertinet
1425 6569 1470 6641 ad
1497 6567 1631 6641 nobiles
1660 6620 1808 6637 .....

362 6748 411 6791 rau.
425 6746 522 6789 muana.
537 6748 569 6791 u.
1604 6716 1641 6765 ⁶³
