4200 8342
284 1628 331 1699 52

284 1834 344 1905 dat
370 1833 473 1906 altari
499 1831 664 1925 praefato,
691 1832 824 1905 decima
850 1832 1008 1923 canapali
1034 1838 1199 1923 exceptu3
1226 1833 1426 1904 cmethones
1453 1851 1537 1904 vero
1554 1831 1710 1903 eiusdem
1738 1830 1840 1905 villae

286 1956 426 2026 solvunt
455 1954 624 2026 decimam
651 1953 849 2045 canapalem
876 1974 941 2043 per
968 1958 1116 2044 quatuor
1142 1954 1282 2045 ierugas
1318 1954 1459 2044 canapi,
1493 1957 1531 2024 et
1554 1952 1655 2025 valor
1687 1952 1841 2024 decimae

284 2076 462 2168 praefatae
487 2077 692 2147 aestimatur
718 2074 764 2146 ad
789 2075 910 2147 decem
936 2095 1088 2165 urarcas,
1115 2074 1199 2145 item
1226 2075 1275 2147 ibi
1301 2080 1357 2147 est
1383 2074 1481 2147 curlo
1506 2073 1679 2163 militaris,
1706 2073 1838 2145 habens

283 2219 386 2290 agros
421 2197 634 2288 praediales,
671 2197 733 2267 sed
758 2217 903 2286 paucus,
929 2202 1071 2281 vocatos
1095 2193 1268 2291 jutrzyilm
1303 2196 1499 2286 dequibus
1534 2195 1640 2267 dehet
1672 2195 1839 2267 decimam

282 2319 534 2411 manipularem
569 2317 735 2390 ecclesiae
762 2317 805 2388 de
832 2315 950 2388 Alba
975 2317 1200 2406 ecclesia,
1227 2317 1288 2389 sed
1314 2316 1484 2389 Matthias
1521 2317 1565 2388 de
1590 2313 1838 2405 Grodzecr,

283 2441 444 2513 altarista
474 2445 650 2530 protunc
683 2438 837 2511 eiusdem
873 2438 1013 2529 altaris,
1048 2439 1153 2511 illam.
1181 2439 1257 2511 iure
1292 2439 1468 2530 aquisivit
1512 2437 1698 2515 Praefatur
1734 2438 1837 2509 etiam

282 2564 415 2651 haeres,
441 2560 585 2633 colendo
614 2581 717 2650 agros
745 2559 979 2631 cmethouales
1006 2560 1178 2650 desertos,
1205 2560 1379 2633 abstrahit
1404 2559 1578 2631 decimam.
1600 2559 1646 2631 ab
1672 2559 1779 2630 altari
1803 2564 1838 2631 et

147 2745 152 2752 .
283 2683 436 2774 applicat
459 2702 536 2753 eam
562 2682 764 2753 ecclesiae
800 2681 930 2753 Albae
956 2687 992 2752 et
1018 2682 1093 2753 eius
1129 2680 1288 2771 plebano.
1329 2681 1418 2753 Item
1454 2680 1635 2772 plebanus.
1653 2680 1698 2752 de
1725 2680 1839 2752 Alba

283 2804 489 2877 ecclesia
515 2804 621 2876 habet
647 2803 697 2875 ihi
723 2803 759 2873 in
786 2803 908 2874 eadem
933 2802 1019 2873 uilla
1035 2824 1142 2874 unum
1169 2803 1307 2873 laneum
1334 2823 1398 2893 pro
1425 2802 1673 2894 suu-praedio,
1701 2801 1746 2874 de
1772 2823 1837 2893 qno

282 2927 386 2996 etiam
413 2925 560 2997 soluitur
586 2925 720 2996 decima
745 2924 972 3016 manipularis
998 2945 1062 3014 pro
1090 2924 1195 2996 altari
1222 2925 1257 2996 in
1282 2921 1500 3020 postillatorem.

961 3043 1170 3118 Guscnczn.

386 3167 489 3258 Villa,
516 3168 649 3240 habens
672 3169 707 3238 in
727 3189 764 3239 se
783 3168 964 3239 ecclesium
980 3168 1214 3257 parochialem
1232 3167 1391 3258 ligneam,
1408 3188 1516 3259 super
1531 3166 1672 3239 flumine
1690 3164 1838 3239 Gosch·

283 3310 363 3361 cza
389 3291 510 3380 sitam,
537 3296 575 3361 et
600 3288 726 3360 Sancto
752 3289 944 3361 Laurentio
971 3288 1140 3378 dicatam,
1168 3289 1265 3360 cuius
1291 3289 1488 3379 proprietas
1514 3288 1838 3378 eninspatronatus

284 3411 329 3482 ad
364 3410 552 3500 capitulum
587 3409 817 3482 cracoviense
852 3409 955 3499 pleno
991 3410 1068 3481 inre
1093 3411 1264 3500 pertinet,
1291 3416 1327 3482 et
1354 3417 1408 3482 est
1434 3411 1519 3482 villa
1544 3409 1838 3501 praestimonialis

284 3526 427 3623 capituli
463 3529 721 3621 cracoviensis,
749 3532 785 3601 in
821 3551 890 3621 qua
928 3536 1008 3601 snut
1042 3530 1192 3603 sedecim
1228 3532 1321 3603 lanei
1356 3532 1614 3620 amathonales,
1640 3532 1725 3602 item
1753 3531 1838 3602 duaa

284 3655 462 3741 tabernae,
488 3653 659 3724 hahentes
685 3672 798 3742 agros,
826 3673 972 3742 quarum
999 3673 1068 3722 una
1094 3653 1163 3723 sita
1189 3658 1243 3724 ast
1270 3653 1305 3724 in
1333 3653 1424 3742 villa,
1452 3653 1564 3724 altera
1591 3658 1695 3725 extra
1722 3652 1838 3724 villam

285 3775 321 3845 in
350 3776 463 3845 strata
496 3773 654 3863 publica,
681 3772 725 3844 de
760 3773 885 3863 quibus
912 3773 1071 3844 omnibns
1099 3774 1247 3846 solvitur
1273 3779 1310 3845 et
1336 3774 1542 3845 conducitur
1569 3773 1705 3845 decima
1730 3773 1838 3845 mani·

285 3894 417 3985 palaris
444 3900 481 3964 et
507 3894 682 3984 canapalis
717 3915 781 3983 pro
822 3893 927 3964 altari
953 3893 1072 3965 Sancti
1098 3894 1268 3966 Iohannis
1296 3894 1495 3985 Baptistae,
1521 3895 1558 3965 in
1585 3894 1732 3966 ecclesia
1758 3894 1839 3966 Gra-

285 4012 456 4104 coviensi,
484 4036 548 4105 pro
576 4013 751 4087 ordinario
778 4014 1017 4105 praedicatore
1044 4015 1286 4105 incorporato,
1313 4015 1411 4087 cuins
1438 4015 1537 4087 valor
1563 4016 1772 4087 aestimatur
1797 4013 1839 4086 ad

284 4137 403 4207 decem
430 4142 507 4206 octo
535 4157 680 4207 marcas.
706 4136 794 4207 Item
821 4136 898 4226 agri
925 4135 1121 4225 praediales
1152 4142 1188 4207 et
1219 4137 1294 4227 agri
1326 4136 1584 4226 praedictarum
1615 4136 1837 4208 tabernarum

282 4258 428 4329 duarum
450 4257 589 4329 solvunt
615 4257 784 4329 decimam
810 4255 1061 4346 manipularem
1087 4256 1253 4328 ecclesiae
1279 4263 1315 4328 et
1333 4257 1481 4347 plebano
1500 4257 1612 4329 eidem
1631 4258 1667 4328 in
1683 4256 1839 4330 'diosch-

284 4399 380 4467 cza,
407 4376 505 4448 cuius
531 4377 630 4448 valor
657 4376 703 4449 ad
729 4382 878 4468 quatuor
904 4397 1040 4447 marcas
1067 4378 1280 4449 aestimatur.
1318 4378 1408 4449 Item
1436 4378 1584 4453 ecclesia
1608 4383 1646 4453 et
1666 4380 1838 4470 plebanus

284 4499 391 4571 hahet
416 4498 466 4569 ibi
493 4496 654 4588 proprios
681 4517 784 4588 agros
811 4497 941 4568 liberos
967 4503 1004 4571 et
1028 4503 1141 4588 prata,
1158 4520 1222 4588 pro
1241 4520 1314 4571 suo
1339 4521 1405 4572 usu
1432 4505 1468 4570 et
1494 4499 1713 4573 necessltate.

389 4618 685 4708 Ponanuwrczm
713 4617 796 4689 villa
822 4619 886 4691 sub
912 4620 1079 4710 parochia
1105 4619 1270 4690 ecclesiae
1296 4620 1340 4692 de
1367 4618 1715 4712 Goschczasita,
1742 4622 1839 4694 cuius

284 4740 456 4831 haerodes
474 4739 659 4831 Pyetrzylr
684 4739 937 4831 Kalynslry,
964 4739 1144 4830 Nimbus,
1171 4741 1350 4814 Iohannes
1376 4747 1412 4812 et
1439 4742 1632 4814 Stauislaus
1646 4742 1706 4814 de
1733 4744 1840 4815 armis

285 4858 503 4954 Grzp'rllal
516 4882 559 4951 a,
586 4861 622 4931 in
649 4880 719 4952 qua
745 4866 877 4951 septem
904 4863 995 4933 lanei
1022 4862 1275 4953 cmethonales,
1301 4863 1345 4935 de
1371 4864 1496 4954 quihus
1523 4863 1671 4935 solvitur
1697 4869 1735 4935 et
1761 4885 1841 4936 con-

285 4984 424 5057 ducitur
462 4983 597 5055 dccima
631 4982 856 5073 manipularis
883 4989 920 5055 et
945 4984 1123 5072 canapalis
1150 5005 1212 5074 pro
1240 4984 1437 5074 praebenda
1464 4991 1500 5056 et
1527 4985 1732 5057 canonicatu
1758 4984 1841 5057 Gra·

284 5105 448 5195 coviensi,
474 5124 562 5194 qnae
588 5109 732 5176 vocatur
758 5104 962 5193 Nazowska,
990 5105 1063 5175 sive
1091 5102 1380 5195 Glambinowska,
1408 5105 1505 5177 cuius
1530 5107 1631 5178 valor
1644 5106 1704 5177 aad
1721 5105 1840 5179 decen

285 5244 419 5297 marcas
445 5225 658 5295 aestimatur.
694 5226 783 5295 Item
810 5225 859 5296 ihi
885 5245 955 5296 non
983 5231 1065 5296 sunt
1091 5227 1279 5315 tabernae;
1305 5227 1388 5297 item
1416 5233 1498 5298 sunt
1524 5227 1574 5298 ibi
1599 5228 1671 5298 tria
1696 5227 1842 5318 praedia

287 5344 471 5435 militaria,
498 5347 582 5416 item
619 5351 752 5435 septem
787 5347 1023 5435 hortulaniae,
1051 5348 1218 5418 hahentes
1254 5369 1376 5438 agros,
1402 5349 1486 5418 itam
1523 5348 1641 5439 aliqua
1666 5369 1772 5440 arva,
1800 5348 1842 5421 de

287 5469 412 5559 quihus
439 5467 600 5539 omnibus
615 5467 774 5539 solvitur
800 5465 934 5538 decima
959 5468 1184 5558 manipularis
1212 5470 1377 5540 ecclesiae
1404 5470 1439 5539 in
1466 5467 1715 5541 Goschcza

389 5590 721 5678 Wruzcnowrsnu,
747 5589 832 5661 villa
867 5590 933 5661 suh
969 5591 1135 5679 parochia
1174 5590 1217 5661 dc
1245 5590 1360 5662 Alba
1395 5591 1604 5662 ecclesia
1629 5591 1717 5681 sita,
1745 5591 1842 5663 onius

285 5713 489 5804 proprietas
517 5711 563 5785 ad
590 5711 847 5783 serenissimum
873 5710 1038 5783 Poloniae
1065 5731 1182 5802 regem
1209 5713 1432 5801 pertinatia
1459 5733 1528 5803 qua
1554 5732 1624 5785 non
1650 5718 1748 5803 sunt,
1774 5713 1842 5785 nisi

284 5857 373 5906 unus
409 5835 528 5905 laneus
565 5832 811 5924 cmethonaliS,
839 5834 923 5904 item
958 5855 1027 5905 una
1062 5833 1209 5904 taberna
1235 5832 1329 5903 dicta
1354 5830 1542 5922 Ozelna,
1568 5833 1702 5905 habens
1730 5854 1844 5930 agros,

284 5958 367 6026 item
392 5957 613 6029 hortulaniae
639 5977 710 6046 sex,
736 5955 905 6027 babentes
932 5976 1044 6045 agros,
1072 5955 1114 6025 de
1142 5954 1266 6045 quihus
1294 5953 1452 6026 omnibns
1480 5954 1630 6026 solvitur
1656 5961 1693 6026 et
1711 5956 1842 6029 condu-

285 6077 377 6147 citur
412 6076 545 6147 decima
566 6090 572 6101 ”
580 6077 808 6168 manipularis
844 6083 880 6147 et
916 6076 1092 6166 canapalis
1120 6095 1183 6163 pro
1211 6074 1356 6145 ccclesia
1380 6074 1515 6146 mediae
1541 6077 1653 6165 partis
1680 6075 1842 6150 Omnium

286 6197 491 6269 Sanctorum
518 6196 553 6266 in
580 6196 818 6288 Gracovia,
846 6203 882 6269 et
908 6198 1007 6268 valor
1033 6197 1107 6268 eius
1135 6196 1338 6266 aestimatur
1365 6196 1409 6266 ad
1436 6203 1587 6286 quatuor
1612 6210 1759 6270 marca's.

278 6396 285 6413 x
389 6317 619 6389 Wrscnown
655 6319 742 6389 alias
777 6318 962 6410 VrzoivA,
990 6317 1075 6389 villa
1110 6317 1174 6388 suh
1209 6316 1374 6407 parochia
1407 6318 1453 6389 de
1479 6317 1598 6389 Alba
1633 6320 1846 6392 ecclesia

287 6442 365 6529 sita,
391 6439 489 6510 onius
516 6437 713 6530 proprietas
741 6438 786 6508 ad
813 6440 1069 6511 serenissimum
1097 6437 1261 6509 Poloniae
1289 6459 1405 6529 regem
1432 6439 1595 6529 pertinet,
1621 6440 1659 6511 in
1686 6461 1756 6531 qua
1773 6464 1844 6515 non

287 6566 368 6633 suut
394 6561 501 6656 aliqui
525 6560 627 6727 lune&
654 6559 717 6655 sed
742 6578 812 6631 nna
837 6561 997 6675 tabem&
1019 6561 1151 6639 babens
1178 6580 1291 6652 agros,
1317 6559 1361 6631 de
1389 6561 1513 6651 quihus
1540 6561 1645 6635 solvit
1672 6562 1845 6653 decimam
