4200 8342
312 1616 386 1687 264
916 1643 976 1758 {a

310 1831 346 1893 et
373 1825 518 1914 quilibet
545 1824 649 1896 solvit
675 1844 739 1913 pro
766 1823 898 1896 ‹lecinna
924 1821 1096 1915 pecuniali
1115 1825 1286 1922 sculptos
1301 1846 1453 1917 grossos,
1481 1832 1543 1897 aut
1561 1831 1640 1897 octo
1654 1846 1861 1918 communes,

265 1931 268 1935 ’
309 1966 373 2034 pro
400 1945 611 2016 monasterio
638 1943 982 2035 Koprzynnyczensi.
1028 1946 1116 2016 Item
1142 1952 1198 2017 est
1209 1923 1272 2017 :fibi
1287 1941 1460 2018 'scoltetia
1486 1934 1566 2036 uua'
1596 1967 1684 2036 quae
1710 1967 1775 2038 pro
1802 1948 1862 2019 de·

310 2065 398 2134 cinna
425 2065 530 2137 soluit
556 2065 729 2156 pecuniali
756 2065 935 2138 duodecim
961 2087 1102 2156 grossos
1130 2068 1236 2140 latos:
1265 2068 1346 2138 item
1365 2067 1448 2139 uilla
1466 2066 1623 2156 praelata
1648 2067 1860 2140 soluit-mis-

308 2185 396 2256 salia
421 2184 568 2274 plebano
595 2187 632 2256 in
657 2186 973 2259 Dobrzechow
998 2187 1146 2277 pecunia
1172 2194 1312 2278 parata,
1339 2192 1375 2259 et
1395 2188 1605 2277 proueniunt
1630 2193 1705 2260 tres
1722 2208 1860 2261 marcae

308 2311 344 2376 et
371 2305 504 2396 aliquot
529 2307 656 2396 grossi.
822 2382 826 2388 ,

411 2426 603 2517 Zamam,
631 2426 714 2499 uilla
739 2428 995 2518 subparochia
1008 2428 1063 2500 ule
1089 2428 1400 2501 Dobrzeohow
1426 2409 1514 2519 sitin
1540 2430 1638 2501 ouius
1663 2432 1860 2521 proprietas

310 2546 354 2617 ad
380 2547 627 2620 monasterium
653 2546 995 2640 Koprz'ywnycuen'se
1010 2593 1013 2600 ·
1029 2550 1191 2639 pertinet..
1227 2549 1268 2620 ln
1295 2569 1364 2640 qua
1390 2555 1472 2621 suut
1497 2549 1595 2621 lanei¹
1617 2551 1860 2640 emethouules,

309 2673 346 2737 et
372 2668 518 2757 quilibet
544 2668 648 2739 solvit
675 2689 739 2758 pro
763 2668 896 2740 ‹lecima
913 2669 1084 2759 pecuniali
1111 2691 1172 2740 sex
1190 2669 1280 2740 latos
1297 2690 1448 2760 grossos,
1465 2675 1537 2751 ,aut
1553 2674 1630 2741 octo
1650 2657 1861 2767 communes,

309 2809 374 2877 pro
400 2790 608 2862 monasterio
634 2788 985 2881 Koprzywuycuensi3
1020 2791 1103 2863 item
1130 2797 1183 2862 est
1209 2784 1431 2874 ibi'taberna
1466 2810 1552 2881 urna,
1587 2791 1720 2864 habeus
1740 2812 1859 2881 agros,

310 2929 398 2998 quae
426 2910 529 2980 etiam
556 2910 705 2981 decimat
731 2910 886 2999 pecunia.

330 3083 333 3087 a
413 3027 672 3102 Gouczowsnn
699 3030 855 3121 Wourn,
882 3030 965 3102 villa
982 3031 1045 3104 sub
1064 3030 1229 3121 parochia
1247 3031 1289 3103 de
1315 3020 1630 3104 Dobrzechow
1657 3032 1734 3123 sita,
1762 3033 1859 3103 cuius

310 3150 505 3238 proprietas
539 3150 585 3221 aot
616 3150 862 3223 monasterium
896 3149 1241 3243 Koprzywnyczeuse
1267 3152 1431 3241 pertinet.
1475 3151 1516 3222 ln
1551 3172 1620 3242 qua
1654 3159 1736 3224 sunt
1758 3152 1862 3223 -lanei

309 3270 560 3361 cnetbonoles,
595 3277 632 3343 et
658 3272 803 3361 quilibet
829 3271 934 3344 solvit
956 3292 1023 3361 pro
1051 3251 1184 3344 ‹lecima
1219 3272 1389 3362 pecuniali
1416 3292 1476 3343 seu
1502 3292 1644 3361 grossos
1671 3272 1761 3344 latos
1787 3294 1861 3344 mo·

309 3392 464 3464 mosterio
481 3392 824 3484 Kopruywuyczensi‚
852 3399 915 3464 aut
932 3398 1010 3464 octo
1029 3394 1219 3466 communis
1237 3393 1423 3482 pecuniae;
1450 3394 1533 3465 item
1551 3399 1606 3470 est
1624 3393 1673 3464 ibi
1690 3393 1860 3483 scultetis,

310 3534 398 3603 quae
424 3513 531 3586 habet
556 3513 642 3585 ‹luos
669 3514 797 3604 laneos,
823 3514 1020 3604 dequibus
1045 3514 1151 3587 solvit
1177 3535 1282 3586 uuum
1309 3515 1479 3588 fertonem
1506 3535 1569 3603 pro
1596 3514 1730 3586 decimo
1754 3535 1858 3604 pecu-

305 3634 398 3706 niali.
419 3636 629 3710 monasterio
644 3634 820 3725 praelato.
1426 3707 1429 3712 .

247 3839 255 3848 .
413 3755 662 3826 Znuouczrun
688 3756 844 3846 Wounn,
870 3756 953 3828 villa
971 3757 1034 3827 suh
1054 3758 1219 3847 parochia
1246 3758 1288 3829 (le
1315 3757 1631 3829 Dobrzeohow
1658 3758 1735 3846 sito,
1761 3758 1858 3829 cuius

257 3867 260 3876 '
310 3877 506 3966 proprietas
541 3877 585 3947 ad
616 3877 863 3950 monasterium
897 3877 1241 3969 Koprzywnyczeuse
1277 3879 1437 3968 pertinet
1472 3878 1513 3949 In
1549 3899 1617 3969 qua
1653 3883 1735 3950 sunt
1768 3878 1860 3948 lanei

310 3998 563 4089 enutriamus,
588 4006 626 4070 et
652 3999 798 4089 quilibet
824 3999 929 4071 solvit
955 4020 1019 4089 pro
1046 3998 1181 4072 decima
1206 3999 1379 4089 pecuniali
1404 4019 1466 4070 sex
1492 4019 1634 4088 grossos
1661 3999 1772 4088 latos,
1799 4002 1860 4068 aut

309 4124 387 4190 ooto
415 4140 619 4211 courmunm,
646 4140 710 4210 pro
736 4121 947 4193 monasterio
965 4119 1123 4210 praelato
1149 4119 1492 4211 Koprzywnyozeuai.
1574 4179 1597 4218 .-

956 4240 1221 4330 Wnnowrczu.

413 4362 508 4434 Villa
534 4363 666 4434 hahens
692 4364 728 4433 in
755 4383 793 4433 se
820 4361 999 4434 ecclesiam
1030 4361 1282 4453 parochialem,
1316 4359 1477 4434 Omnium
1503 4360 1707 4434 Sanctomm
1734 4360 1859 4433 honori

159 4471 163 4478 ’
309 4482 476 4572 dicatam,
504 4484 600 4553 cuius
626 4484 749 4554 haeres
775 4483 937 4574 princeps
962 4481 1208 4573 Zathoriensis,
1236 4482 1380 4555 collator
1407 4487 1523 4555 autem
1546 4487 1585 4572 et
1611 4488 1777 4572 patronus
1804 4490 1858 4554 est

316 4604 424 4709 abhus
452 4609 487 4674 et
513 4609 701 4677 conventus
736 4603 972 4694 Mogilueuais.
998 4602 1039 4674 In
1061 4624 1136 4695 qua
1161 4609 1243 4685 sunt
1268 4603 1358 4678 lanei
1385 4603 1631 4693 emethouulea
1666 4602 1860 4692 dequibus

264 4810 266 4814 y
310 4724 457 4796 ooluhur
484 4724 617 4797 decima
642 4724 821 4798 fortunalis
848 4726 1011 4816 episcopo
1048 4723 1289 4813 Orocovieusi3
1324 4726 1406 4797 item
1433 4722 1585 4796 mmmm
1612 4723 1758 4798 solvitur
1783 4724 1858 4814 ple·

309 4845 400 4918 bano
428 4866 491 4937 per
516 4845 602 4919 duos
620 4844 778 4938 ‘grossos
806 4847 862 4921 de·
875 4847 1003 4935 laueo;-
1029 4846 1211 4937 praedium
1246 4867 1315 4917 uon
1351 4850 1405 4918 est
1431 4846 1500 4934 ibi;
1535 4846 1627 4917 item-
1651 4845 1796 4920 ecclesia
1822 4851 1859 4915 et

295 4966 476 5072 ‘plebanus
500 4968 608 5041 hahet
632 4968 682 5041 ihi
707 4953 813 5043 unum
839 4968 974 5042 laneum
1001 4974 1039 5041 et
1064 4974 1211 5060 pratum,
1237 4987 1301 5058 pro
1327 4986 1390 5040 sno
1417 4988 1482 5039 usn
1508 4971 1545 5039 et
1571 4966 1787 5042 necessitate.

413 5089 572 5182 Rouow,
607 5091 690 5163 uilla
723 5092 788 5164 sub
824 5090 988 5181 parochia
1023 5089 1190 5163 ecclesiae
1226 5089 1269 5161 de
1305 5088 1602 5179 Wadowyoze
1638 5086 1722 5177 sita,
1758 5086 1855 5157 cuius

310 5208 433 5282 haeres
458 5209 636 5283 lohannes
662 5211 705 5283 de
733 5212 838 5284 armis
857 5266 971 5282 .....
997 5211 1045 5283 In
1066 5221 1134 5303 qua
1160 5217 1242 5283 suut
1268 5209 1359 5282 lanei
1386 5208 1645 5296 cmethonales,¹
1663 5207 1712 5280 de.
1733 5207 1857 5296 quibus

310 5329 457 5403 solvitur
483 5330 692 5404 decima...
764 5387 772 5403 .

977 5450 1198 5526 Gumursnn.

272 5669 277 5678 ι
413 5569 509 5646 Villa
542 5573 674 5646 hahens
700 5576 736 5647 in
763 5592 802 5647 se
827 5574 1060 5666 parochialem
1095 5573 1295 5662 ecclesiam,
1329 5570 1457 5644 Sancto
1492 5569 1635 5643 Nicolao
1669 5568 1857 5641 consessori

311 5694 469 5787 dicatam,
495 5697 592 5768 cuius
628 5696 751 5768 haeres
779 5696 943 5767 Nicolaus
970 5693 1359 5785 Lyathoszinsky,
1385 5693 1512 5764 nobilis
1538 5692 1581 5762 ‹le
1610 5690 1710 5762 domo
1738 5688 1857 5761 Gril-

310 5816 470 5890 ionum.
504 5818 544 5889 In
572 5839 641 5910 quo
666 5826 747 5890 sunt
772 5817 864 5889 lanei
902 5815 1151 5905 cnetuonalea,
1187 5815 1383 5904 dequibus
1418 5795 1566 5886 solvitur
1591 5818 1637 5900 et¹
1653 5811 1857 5883 conducitur

310 5937 444 6010 decima
469 5940 695 6031 manipularis
713 5944 749 6012 et
766 5938 943 6029 cenapolis
960 5992 969 6008 .
987 5991 995 6007 .
1014 5991 1022 6007 .
1040 5989 1048 6007 .
1067 5989 1075 6008 .
1094 5958 1121 6025 .;
1148 5935 1231 6006 item
1250 5941 1304 6007 est
1330 5935 1379 6007 ihi
1397 5933 1577 6016 advocatia
1594 5932 1726 6005 hahens
1745 5952 1857 6021 agros,

311 6057 354 6130 de
390 6061 513 6149 quibus
548 6062 697 6135 soluitur
732 6060 865 6156 decima
908 6056 1135 6148 manipularis
1171 6055 1337 6148 ecclesiae
1372 6056 1409 6127 in
1444 6052 1723 6144 Gumuyslru,
1759 6052 1855 6123 cuius

308 6178 407 6262 valor
432 6181 477 6251 ad
504 6179 621 6253 decom
648 6201 781 6253 mareas
806 6181 1029 6269 aestimatum
1056 6178 1138 6250 item
1160 6177 1306 6250 ecclesia
1331 6174 1490 6272 praelata
1515 6181 1551 6250 et
1577 6173 1744 6264 plebanus
1770 6172 1855 6260 eius,

302 6300 416 6376 ,habet
441 6301 484 6372 ue
510 6306 590 6372 toto
610 6302 775 6392 parochia
810 6301 1035 6390 coniunctim,
1070 6320 1134 6390 pro
1159 6298 1356 6370 missalibus
1382 6296 1456 6368 siue
1483 6294 1682 6384 maturatis,
1717 6300 1855 6365 centum

309 6420 435 6494 choros
460 6422 607 6514 siliginis
633 6430 670 6494 et
695 6427 830 6494 tantum
856 6441 1010 6511 uvenoe3-
1031 6421 1115 6502 item
1128 6485 1131 6496 .
1144 6420 1251 6500 habet
1275 6418 1326 6490 ihi
1350 6411 1856 6520 ‹acclamastis-Gammake

171 6651 175 6656 ¹
310 6543 472 6633 proprios
496 6561 602 6636 agros
621 6549 665 6616 et
688 6547 801 6635 prata,
825 6561 891 6633 pro
917 6553 984 6616 suo'
1006 6561 1073 6614 usu
1099 6544 1136 6614 et
1160 6538 1314 6629 undio.
1454 6597 1459 6604 .
1499 6599 1502 6606 .
