4200 8342
307 1619 380 1705 396

304 1841 391 1912 item
417 1837 526 1911 babet
552 1835 718 1909 decimam
749 1832 960 1927 praedialem
985 1831 1022 1906 in
1049 1830 1300 1926 Kamblow,
1327 1831 1392 1907 sub
1418 1832 1583 1925 parochia
1610 1831 1653 1906 de
1680 1828 1854 1906 Gaulu-

304 1960 560 2034 schowicze
587 1959 664 2049 sita,
692 1965 728 2029 et
754 1957 854 2030 valor
879 1957 955 2030 eius
981 1957 1188 2030 aestimatur
1213 1956 1258 2028 ad
1285 1976 1390 2028 unam
1416 1976 1579 2030 marcam.

408 2080 704 2171 annnxemczn,
731 2078 796 2151 sub
813 2079 988 2170 parocbia
1013 2079 1057 2152 de
1084 2076 1509 2151 Gawluschowicze
1535 2077 1620 2168 sita,
1647 2076 1744 2152 cuiue
1770 2076 1854 2148 hae-

285 2222 359 2275 ·res
385 2201 565 2275 lohannes
590 2201 690 2272 Felix
717 2200 1031 2292 Tharnowsky
1068 2200 1111 2273 de
1138 2200 1240 2274 domo
1266 2198 1448 2271 Leliwa.
1488 2198 1529 2269 ln
1556 2217 1625 2291 qua
1650 2198 1743 2271 lanei
1761 2217 1852 2270 cme-

301 2324 469 2414 thonales,
497 2323 540 2395 de
567 2323 692 2414 quibus
718 2322 910 2395 decimatur
936 2322 1101 2394 ecclesiae
1128 2323 1164 2393 in
1190 2322 1489 2413 Polyanyecz,
1516 2326 1552 2392 et
1578 2320 1677 2394 valor
1702 2317 1853 2394 adduas

302 2441 446 2517 marcae.
581 2507 584 2512 .

390 2557 769 2657 'szswrnnrnuxa,
795 2565 878 2637 xilla
904 2565 968 2638 sub
995 2563 1161 2657 parochia
1188 2564 1231 2637 de
1258 2561 1681 2637 Gawluschowicze
1707 2562 1785 2635 sita
1812 2562 1854 2633 In
1972 2635 1975 2642 ,

304 2692 500 2779 quaerant
531 2686 702 2778 quondam
739 2686 919 2759 duodecim
954 2687 1046 2760 lanei
1073 2686 1326 2777 emethonalee,
1349 2707 1440 2758 nunc
1466 2691 1580 2758 autam
1607 2685 1738 2759 deserti
1764 2690 1854 2774 sunt

304 2814 340 2880 et
367 2810 402 2880 in
428 2814 530 2899 prato
567 2808 743 2900 conversi,
771 2808 813 2880 de
841 2809 986 2901 quibus,
1013 2808 1096 2880 dum
1123 2808 1325 2881 colebantur
1352 2808 1570 2899 solvebatur,
1596 2813 1633 2880 et
1659 2808 1688 2880 si
1716 2804 1854 2898 quando
1882 2870 1891 2876 .

303 2936 427 3022 expuet
462 2930 544 3001 culti
578 2930 724 3022 fixerint,
752 2931 840 3002 solvi
875 2930 981 3002 debet
1016 2929 1180 3002 ecclesiae
1207 2930 1244 3002 in
1270 2927 1694 3002 Gawlusohowicze
1721 2927 1853 3000 decima

302 3051 546 3154 manipularis,
574 3056 609 3122 et
643 3052 741 3123 valor
773 3052 847 3124 eius
874 3052 1079 3123 aestimatur
1105 3050 1149 3122 ad
1176 3057 1256 3123 octo
1281 3071 1426 3123 marcas.
1461 3050 1549 3122 Item
1576 3051 1683 3122 habet
1710 3047 1853 3121 ecclesia

303 3155 516 3244 obstaculum
553 3173 750 3265 proprium,
777 3172 869 3264 quod
905 3173 1029 3263 incipit
1064 3193 1085 3244 a
1120 3172 1224 3244 fluvio
1251 3172 1484 3263 Wislolra,
1509 3190 1617 3263 usque
1644 3170 1688 3242 ad
1714 3169 1854 3242 fluxium

302 3293 431 3365 Bren.
456 3293 545 3366 Item
573 3294 608 3364 in
635 3294 719 3367 villa
740 3294 1038 3386 Dzewyantle
1066 3295 1171 3368 etiam
1191 3315 1282 3365 nunc
1299 3293 1562 3385 estpraedium,
1581 3292 1624 3364 de
1643 3292 1739 3363 cuius
1757 3291 1851 3381 agris

302 3415 450 3487 solvitur
488 3414 622 3486 decima
660 3415 887 3506 manipularis
922 3416 1087 3488 ecclesiae
1122 3416 1157 3486 in
1194 3413 1637 3505 Gauluschowicze,
1672 3413 1772 3485 valor
1806 3412 1851 3482 ad

301 3557 405 3608 unam
441 3556 601 3607 marcam.
640 3536 728 3607 Item
764 3537 873 3608 babet
907 3536 1054 3608 ecclesia
1089 3537 1270 3609 tabernam
1296 3537 1473 3626 propriam
1507 3537 1542 3606 in
1570 3535 1653 3607 villa
1680 3531 1853 3606 Gaulu-

302 3657 569 3748 scbowicae,
595 3656 780 3729 habentem
808 3679 921 3749 agros,
950 3678 1038 3749 quae
1066 3678 1131 3749 pro
1158 3676 1263 3729 censu
1290 3677 1404 3728 annuo
1431 3658 1537 3731 solvit
1563 3677 1666 3728 unam
1695 3675 1855 3727 marcam.

301 3776 387 3847 Item
424 3777 531 3849 habet
565 3778 600 3848 iu
637 3777 755 3849 eadem
792 3778 875 3849 villa
911 3777 997 3850 duas
1025 3777 1242 3849 hortulanias
1269 3777 1438 3849 babentes
1465 3798 1587 3868 agros,
1615 3782 1664 3848 et·
1679 3776 1854 3867 quaelibet

209 3937 214 3946 ·
302 3898 407 3970 solvit
433 3899 610 3970 annuatim
637 3920 743 3971 unum
769 3897 947 3991 fertonem,
976 3905 1012 3970 et
1037 3920 1144 3971 unum
1171 3898 1261 3971 diem
1289 3899 1324 3969 in
1352 3900 1545 3988 septimana
1570 3897 1715 3970 laborat.

102 4007 105 4014 ’
306 4109 309 4118 ¹
384 4019 521 4091 ··Villae
555 4020 790 4111 parochiales:
827 4017 1268 4110 Gauluschowicze,
1293 4019 1557 4112 Klyschow,
1584 4007 1853 4109 Blaesczye,

222 4203 226 4210 .
301 4135 641 4233 lilyscbowska
665 4140 828 4232 Wolya,
854 4139 1852 4236 Krzemyenicza,Kamblow,Zaduscbnyky,

230 4327 238 4340 ,
301 4261 556 4352 Nyelrurza,
583 4261 791 4352 Zdakow,
818 4247 1625 4358 Dzyewyanthlye,‘Sczulromlothi
1651 4259 1853 4352 Byelsch

300 4382 478 4471 navigium
504 4382 549 4454 de
574 4381 783 4455 Zdakow.
1593 4419 1597 4427 ·

251 4781 259 4792 ,
304 4653 523 4782 [eclesiae
556 4697 809 4806 parochialia
841 4701 881 4780 in
914 4698 1313 4804 Gawlueobowicze
1334 4701 1441 4784 tituli
1466 4700 1609 4783 Sancti
1632 4661 1850 4782 Adalberti
1938 4699 1944 4711 '

303 4839 503 4946 mamete
546 4860 624 4944 per
645 4837 914 4921 'christinam
957 4838 1011 4920 de
1035 4838 1254 4925 -Oblcbow
1298 4837 1527 4921 haeredem
1559 4861 1691 4945 super
1722 4842 1855 4921 cer-tie

362 4977 562 5081 deelmie,
594 4975 758 5081 tundle,
791 4985 854 5104 et¹
874 4976 967 5059 allia
1009 4978 1288 5085 proventibus
1330 4978 1517 5059 edotatlo
1550 4984 1595 5059 et
1626 4981 1792 5059 erectlo

956 5116 1069 5199 tacta
1105 5117 1200 5200 1215.

335 5387 340 5396 ·
406 5355 448 5427 ln
473 5355 611 5429 nomine
636 5354 776 5429 Domini
802 5355 923 5446 Amen.
963 5354 1127 5447 Quamvis
1163 5375 1280 5429 rerum
1313 5356 1556 5449 temporalium
1583 5360 1696 5433 status
1722 5355 1853 5429 clarius

304 5478 438 5549 cunetis
456 5475 602 5568 apparet
627 5481 665 5547 et
691 5477 857 5569 serenius,
883 5477 965 5569 quia
990 5483 1107 5551 tamen
1133 5497 1197 5569 per
1223 5477 1459 5569 prolixitatem
1481 5479 1650 5571 temporis
1676 5478 1854 5570 saepiuea
1991 5543 1993 5550 .

200 5592 202 5597 ’
279 5597 468 5670 'memoria
494 5598 644 5670 bumana
671 5597 782 5674 dilabi
803 5598 991 5690 consueuit,
1018 5618 1158 5672 necesse
1181 5604 1243 5690 est,
1261 5605 1302 5671 ut
1319 5600 1500 5673 literarum
1519 5601 1675 5691 apicibus
1693 5619 1771 5683 cunr
1790 5559 1906 5671 an,

303 5720 481 5794 notatione
498 5720 640 5792 testium
657 5720 883 5794 comendetur
900 5720 1044 5794 notitiae
1062 5720 1270 5800 futurorum.¹
1294 5720 1386 5793 Hinc
1404 5727 1468 5814 est,
1486 5721 1578 5813 quod
1596 5741 1660 5794 nos
1678 5720 1851 5793 cristinus

303 5835 350 5914 de'
372 5840 596 5933 Obychow
622 5842 756 5944 haeres,
782 5863 824 5942 ex
851 5835 1019 5915 consemu
1045 5848 1167 5916 nostro
1194 5849 1230 5916 et
1247 5842 1359 5917 libero
1378 5843 1534 5934 arbitrio,
1552 5863 1717 5916 accensus
1735 5842 1853 5914 divino

302 5981 429 6054 amore,
454 5963 582 6036 timens
607 5961 673 6036 Dei
700 5961 873 6056 iudicium,
898 5963 1053 6036 existens
1079 5984 1185 6037 sanus
1210 5968 1325 6036 mente
1352 5970 1388 6036 et
1415 5961 1568 6056 corpore,
1594 5964 1798 6053 dotavimus,
1816 5968 1855 6034 et

302 6082 515 6176 donammus,
542 6083 842 6177 appropriavimus
868 6091 905 6158 et
930 6085 1259 6179 appropriamuset
1284 6086 1563 6179 privilegiemus,
1591 6092 1627 6157 et
1653 6081 1854 6176 incorpora·

303 6204 415 6288 vimus
450 6209 512 6276 seu
544 6207 805 6296 incorporamus
840 6207 884 6279 de
919 6208 1049 6280 nostris
1075 6209 1176 6282 bonis
1202 6205 1464 6300 haereditariis,
1490 6229 1551 6280 seu
1578 6205 1855 6279 haereditatibus
1906 6251 1910 6258 -

304 6323 553 6414 infrascriptis,
588 6324 751 6399 fundatae
792 6330 957 6403 eeclesiae
992 6330 1028 6401 in
1065 6327 1509 6421 Gauluscbouicze,
1545 6328 1748 6421 specialiter
1777 6327 1853 6399 Deo

305 6442 543 6536 Omnipotenti
569 6452 606 6518 et
631 6446 763 6521 Beatae
788 6439 928 6526 Mariae
953 6451 1110 6545 Virgini,
1137 6458 1174 6525 et
1199 6451 1243 6524 ad
1269 6452 1435 6525 bonorem
1463 6450 1564 6522 Beati
1590 6448 1792 6540 Adalberti,
1818 6454 1855 6520 et

209 6631 215 6642 .
306 6565 528 6638 attribuimus
554 6567 664 6644 eidem
691 6568 856 6644 ecclesiae
882 6573 1048 6648 decimam
1076 6574 1112 6644 in
1130 6570 1552 6646 Gauluscbowicze
1578 6575 1657 6663 post
1675 6575 1855 6643 araturam
1916 6583 1918 6588 ·
