4200 8342
1727 1627 1801 1701 243

245 1820 464 1893 aestimatur.
499 1820 586 1892 Item
618 1821 796 1910 praedium
832 1845 937 1896 unum
969 1825 1147 1914 haeredis
1183 1825 1226 1899 de
1253 1827 1350 1899 cuius
1377 1831 1472 1919 agris
1499 1831 1645 1903 solvitur
1672 1832 1804 1905 decima

251 1940 475 2031 manipularis
501 1942 666 2016 ecclesiae
692 1943 728 2013 iu
748 1941 1101 2037 Thangoborza‚
1128 1951 1164 2017 et
1189 1945 1287 2019 valor
1314 1949 1387 2020 eius
1414 1952 1619 2023 aestimatur
1646 1952 1690 2024 ad
1717 1954 1803 2026 duas

251 2081 393 2136 marcas.
429 2149 432 2154 ⁴
938 2127 941 2132 .
1913 2059 1916 2066 ’

324 2182 541 2275 -Snnowlt,
569 2184 651 2256 villa
669 2186 734 2257 sub
752 2186 918 2276 parochia
935 2187 979 2258 de
1005 2186 1028 2259 J
1037 2189 1381 2279 akubkowycze
1406 2193 1491 2281 sita,
1526 2194 1624 2265 cuius
1650 2195 1792 2266 haeres..

249 2304 502 2397 Zagorsky‘.
537 2304 578 2376 Iu
606 2327 673 2397 qua
699 2312 781 2388 sunt
807 2306 898 2378 lanei
925 2308 1179 2399 emethonales,
1200 2309 1258 2381 vde
1284 2310 1410 2401 quibus
1437 2313 1585 2385 solvitur
1607 2319 1648 2402 ,et
1674 2315 1801 2387 condu-
1937 2367 1947 2391 t

250 2427 339 2498 citur
367 2424 501 2498 decima
536 2426 760 2524 manipularis
795 2433 832 2499 et
858 2428 1034 2519 canapalis
1070 2449 1135 2518 pro
1171 2430 1317 2501 ecclesia
1352 2432 1388 2501 in
1414 2431 1437 2504 J
1447 2433 1788 2524 akubkouycze

248 2547 346 2620 euius
371 2546 472 2619 valor
496 2547 703 2619 aestimatur
720 2546 767 2619 ad
785 2553 933 2638 quattuor
959 2567 1104 2628 mareas.
1130 2549 1217 2622 Item
1244 2550 1425 2640 praedium
1453 2552 1612 2624 similiter
1638 2554 1801 2628 ecclesiae

249 2667 358 2739 eidem
385 2667 551 2758 decimat,
579 2667 675 2739 cuius
702 2666 812 2758 valor
826 2668 872 2742 ad
899 2688 1003 2742 unam
1029 2689 1189 2742 marcam.
1240 2645 1250 2732 ⁵.
1698 2765 1701 2770 y

350 2786 670 2878 Mrcnnnczowr‚
705 2788 789 2860 villa
806 2788 881 2861 sub
914 2789 1082 2879 parochia
1109 2790 1151 2861 de
1177 2788 1557 2884 Jakubkowycze
1592 2795 1677 2883 sita,
1704 2797 1801 2867 cuius

192 2996 196 3001 ,
247 2906 623 2999 haeredes-Nicolaus,
650 2907 862 3014 stanislaum,
897 2907 1048 2981 lacobus
1076 2916 1113 2980 et
1136 2909 1314 3010 Martinus
1347 2910 1475 2983 iratres
1502 2913 1544 2985 de
1572 2892 1678 2985 armis
1697 2970 1797 2986 .....

201 3033 212 3040 “
247 3030 289 3102 In
315 3050 387 3122 qua.
409 3028 502 3102 lanei
522 3029 789 3120 emethonales,
823 3028 868 3104 de
895 3029 1020 3121 quibus
1043 3029 1195 3124 ‚solvitur
1209 3037 1257 3104 ct
1283 3031 1487 3104 conducitur
1523 3033 1656 3106 decima
1676 3038 1799 3106 mani-

247 3151 382 3244 pulcris,
404 3154 440 3221 ct
470 3149 645 3241 canapalis
681 3171 745 3240 pro
781 3150 955 3251 episcopo
980 3146 1220 3253 Cracoviensi,
1258 3153 1355 3224 cuius
1391 3153 1489 3224 valor
1524 3154 1728 3226 aestimatur
1755 3157 1799 3227 ad

248 3272 399 3363 quinque
431 3290 575 3342 marcas.
610 3271 699 3343 Item
729 3276 816 3372 ,sunt
832 3270 891 3344 ,ibi
923 3276 1073 3361 quatuor
1108 3274 1244 3364 curiae,
1280 3294 1426 3365 qumum
1460 3273 1605 3363 praedia
1631 3276 1798 3365 depositis

248 3392 501 3482 emethonibus,
538 3391 700 3474 instituta
735 3397 834 3481 sunt,
869 3391 913 3463 de
941 3392 1100 3466 omnibus
1135 3399 1250 3467 tamen
1276 3392 1416 3468 solvunt
1441 3393 1608 3466 decimam
1636 3396 1823 3487 episcopo·

247 3512 475 3588 cracoviensi.
528 3546 533 3559 ·

350 3633 540 3726 mezur,
567 3632 650 3704 villa
677 3632 740 3704 sub
768 3633 1125 3733 parocbiaeoclesiae
1146 3635 1189 3718 de
1206 3634 1229 3706 J
1238 3636 1581 3733 akubkowyoze-
1604 3636 1681 3727 sita,
1700 3639 1798 3710 cuius

247 3756 373 3828 haeres
397 3753 561 3832 Nicotaus
587 3752 813 3845 Wyernek
841 3754 884 3825 de
899 3755 1021 3842 ‚armis
1042 3753 1067 3827 J
1076 3776 1233 3848 anyna.
1256 3756 1297 3828 In
1324 3777 1393 3848 qua
1418 3764 1501 3829 sunt
1527 3756 1619 3828 lanei
1645 3759 1797 3830 cmctho-

248 3875 352 3966 nates,
379 3876 464 3948 item
489 3875 635 3947 taberna
661 3895 730 3947 una
757 3880 793 3946 et
819 3874 1039 3947 hortulaniae
1067 3882 1140 3948 tres
1166 3875 1335 3966 habentes
1353 3898 1466 3967 agros,
1485 3878 1528 3948 de
1546 3878 1670 3968 quibus
1688 3880 1797 3950 omni·

249 3997 313 4069 bus
341 3996 489 4068 solvitur
515 4001 552 4067 et
578 3994 781 4068 conducitur
808 3995 941 4068 decima
966 3995 1192 4086 manipularis
1219 4001 1256 4068 et
1281 3997 1458 4086 canapalis
1484 4018 1576 4087 pro.
1604 4050 1610 4066 .
1639 4052 1645 4066 .
1674 4052 1681 4066 .
1709 3998 1795 4069 Item

249 4123 302 4190 est
328 4117 380 4190 ibi
403 4138 508 4189 unum
535 4116 726 4208 praedium,
751 4116 795 4189 de
821 4117 919 4190 emus
944 4117 1039 4207 agris
1065 4116 1213 4188 solvitur
1230 4116 1363 4197 decima
1380 4117 1606 4207 manipularis
1623 4117 1787 4188 ecclesiae

247 4239 283 4314 iu
309 4236 658 4330 Thau-goberto,
685 4238 784 4311 cuius
810 4237 908 4312 valor
934 4236 979 4312 ad
1006 4236 1093 4312 duas
1119 4256 1254 4311 marcas
1273 4238 1485 4313 aestimatur.

881 4441 1157 4537 Uuauowrczn.

337 4602 445 4718 „Villa
470 4603 602 4686 habens
628 4604 665 4675 in
691 4624 729 4676 se
756 4570 989 4694 parochialem
1015 4602 1198 4675 eeclesiam
1224 4603 1383 4697 ligneam,
1410 4602 1500 4675 Sanc
1532 4657 1539 4671 .
1567 4657 1574 4673 .
1602 4657 1609 4671 .
1637 4603 1795 4693 dicatam,

248 4727 345 4800 euius
380 4724 577 4815 proprietas
603 4730 640 4795 et
665 4724 927 4823 iuspatronatus
953 4723 999 4796 ad
1024 4724 1302 4824 sanctimoniales
1328 4723 1563 4813 Antiquae
1591 4722 1795 4794 Sandecz

247 4846 408 4937 pertinet.
434 4845 475 4917 In
502 4863 570 4935 qua
596 4850 677 4918 sunt
705 4850 853 4935 quatuor
879 4846 971 4918 lanei
998 4844 1241 4933 cmethonales,
1259 4844 1343 4915 item
1361 4862 1432 4915 una
1448 4842 1605 4930 taberna,
1623 4843 1707 4912 item
1726 4864 1794 4912 una

245 4966 453 5056 nummasio,
480 4965 522 5036 de
548 4965 674 5059 quibus
701 4965 859 5039 omnibus
884 4965 1032 5038 solvitur
1058 4970 1098 5037 et
1121 4963 1324 5036 conducitur
1351 4963 1484 5033 decima
1510 4962 1736 5051 manipularis
1755 4968 1791 5032 et

248 5086 422 5178 canapalis
458 5106 522 5176 pro
538 5159 542 5168 ,
558 5087 761 5177 episcopatu
787 5083 1025 5173 Cracoviensi,
1052 5090 1088 5156 et
1114 5084 1211 5155 valor
1237 5084 1312 5153 eius
1338 5082 1540 5152 aestimatur
1567 5080 1612 5152 ad
1639 5082 1790 5171 quinque

175 5230 176 5234 ‘
247 5228 391 5282 marcas.
416 5205 504 5280 Item
530 5207 680 5297 eeclesia¹
703 5213 740 5280 et
765 5189 946 5297 plebanus¹
968 5205 1076 5290 habet
1101 5204 1220 5276 laneos
1242 5202 1406 5295 proprios
1433 5207 1469 5273 et
1494 5207 1613 5292 prata,
1640 5223 1703 5292 pro
1731 5223 1794 5274 suo

249 5350 314 5402 usu
339 5328 628 5418 et-necessitate·;
655 5330 737 5400 item
754 5328 861 5400 habet
878 5326 998 5398 eadem
1016 5324 1164 5398 ecclesia
1181 5345 1285 5395 unam
1303 5324 1483 5428 tabernam
1501 5323 1647 5397 liberam
1665 5324 1794 5396 haben-

247 5455 317 5522 tem
344 5470 457 5543 agms,
484 5454 520 5521 et
547 5448 652 5522 solvit
677 5449 745 5522 sibi
771 5468 835 5539 pro
862 5467 992 5521 censu.
1022 5487 1067 5526 .·.,
1092 5502 1099 5517 .
1127 5499 1152 5536 .,
1179 5446 1263 5519 item
1289 5445 1396 5517 habet
1422 5465 1526 5518 unam
1552 5444 1794 5533 hortulanum,

249 5569 958 5662 mmffiwmm·
1369 5633 1371 5636 ,

350 5690 604 5783 Konmczrun,
631 5690 714 5764 villa
741 5691 805 5763 sub
831 5689 997 5781 parochia
1022 5688 1188 5761 ecelesiae
1205 5687 1249 5759 de
1267 5686 1574 5778 Uyanowycze
1601 5686 1679 5774 sita,
1698 5686 1794 5753 cuius

246 5812 444 5905 proprietas
462 5812 507 5884 ad
534 5811 811 5886 sanctimoniales
830 5809 1085 5912 Sandeezenses
1100 5810 1262 5901 pertinet.
1288 5808 1329 5879 In
1352 5827 1421 5897 qua
1438 5811 1519 5878 sunt
1536 5805 1686 5895 quinque
1703 5803 1795 5874 lanei

247 5932 491 6024 emethonales,
518 5934 603 6006 item
628 5940 683 6006 est
707 5933 757 6005 ibi
783 5932 950 6005 scoltetus
976 5930 1109 6006 habens
1135 5951 1241 6003 unum
1267 5927 1414 6015 laneum,
1432 5925 1475 5996 de
1494 5923 1618 6015 quibus
1637 5922 1794 5994 omnibns

247 6055 395 6130 solvitur
421 6054 554 6129 decima
578 6054 758 6129 fertonalis
784 6074 849 6144 pro
875 6054 1038 6145 episeopo
1056 6049 1287 6139 cracoviensi,
1305 6049 1455 6119 latorum
1471 6064 1689 6136 grossorum3
1710 6044 1793 6115 item

248 6159 302 6249 est
327 6176 388 6250 ibi
403 6196 511 6250 unum
536 6175 771 6249 molendiniun
796 6181 840 6248 et³
858 6195 928 6247 una
953 6174 1100 6258 taberna
1126 6170 1262 6244 scolteti
1288 6166 1451 6241 eiusdem.
1596 6206 1601 6214 ι

352 6296 604 6389 ibrzuszrczn²
630 6296 713 6369 villa
748 6296 959 6378 subendam
984 6291 1151 6385 parochia
1175 6291 1220 6362 de
1247 6290 1279 6363 U
1287 6308 1559 6381 yanowycze
1585 6288 1670 6390 sita,
1697 6287 1795 6356 cuius

248 6417 446 6509 proprietas
481 6418 526 6489 ad
562 6416 844 6494 sanctimoniales
879 6414 1135 6487 Sandeczenses
1169 6410 1330 6502 pertinet
1365 6410 1502 6513 Inque
1528 6393 1678 6498 quinque
1704 6405 1795 6478 lanei
1865 6512 1871 6525 .

248 6537 504 6635 auertendos,
518 6537 561 6616 de
588 6538 713 6636 quibus
732 6536 881 6618 solvitur
898 6540 935 6621 et
952 6532 1158 6620 conducitur
1176 6530 1309 6615 leima
1324 6528 1550 6627 manipularis
1567 6534 1604 6605 et
1622 6527 1795 6623 euopolis
