4200 8342
1716 1643 1790 1718 327

345 1849 650 1937 Marathoniam,
677 1848 761 1922 villa
786 1850 852 1940 sup
877 1850 1044 1941 parochia
1070 1850 1233 1922 ecclesiae
1257 1849 1300 1922 de
1318 1849 1554 1941 Kyolczina
1580 1837 1666 1941 sita,
1686 1854 1792 1925 ¹cuius

133 1980 135 1984 ’
242 1972 459 2064 haereditas,
487 1972 684 2062 proprietas
711 1977 747 2043 et
775 1972 963 2044 dominium
991 1972 1034 2043 ad
1063 1973 1316 2044 serenissimum
1343 1972 1508 2044 Poloniae
1538 1993 1657 2063 regem
1684 1977 1793 2064 perti-

115 2085 118 2092 ’
241 2099 310 2166 nct.
346 2093 387 2164 In
416 2111 485 2184 qua
519 2098 602 2165 sunt
627 2093 718 2164 lanei
755 2093 1005 2185 amethonales‚
1042 2095 1124 2165 ilem
1159 2095 1342 2184 tabernae,
1377 2094 1458 2165 item
1486 2095 1721 2185 hortulaniae‚
1748 2097 1792 2167 de

242 2216 367 2306 quihus
394 2215 554 2287 omnibns
579 2215 728 2287 solvitur
754 2219 791 2285 ct
815 2214 1021 2288 conducitur
1057 2215 1195 2285 decima«
1211 2215 1438 2306 manipularis
1464 2222 1501 2288 et
1528 2218 1702 2306 canapalis
1729 2237 1793 2307 pro

242 2336 392 2407 ccclesia
415 2335 451 2406 in
468 2333 762 2426 'Kyelczyna,
788 2340 825 2406 et
851 2335 949 2406 valor
967 2335 1043 2407 eius
1062 2336 1265 2406 aestimatur
1281 2335 1325 2405 ad
1344 2390 1352 2404 .
1371 2390 1378 2405 .
1398 2391 1405 2406 .
1428 2336 1515 2407 Item
1533 2337 1713 2425 praedium
1726 2393 1733 2406 .
1748 2392 1794 2426 ..,

242 2458 326 2528 item
361 2456 605 2530 molendinum·
630 2457 763 2529 habens
798 2476 903 2545 agros
928 2457 965 2527 in
991 2457 1115 2546 barra,
1148 2455 1191 2527 de
1217 2457 1314 2528 cuius
1350 2457 1444 2546 agris
1479 2456 1628 2538 solvitur
1649 2457 1795 2528 'decima

243 2578 473 2669 manipularis
491 2577 662 2649 ecclesiae
688 2578 725 2649 in
751 2571 1004 2649 Kolarina·
1794 2667 1798 2675 ι

345 2699 645 2772 Macmowszm
671 2698 836 2789 Wonrn,
863 2699 948 2771 villa
973 2699 1039 2770 sub
1065 2699 1228 2789 parochia
1254 2699 1298 2770 de
1324 2698 1558 2790 Kyelczyna
1584 2700 1670 2790 sita·
1698 2700 1794 2770 onius

241 2819 459 2912 haereditas,
485 2821 683 2911 proprietas
709 2825 747 2892 et
763 2820 1124 2911 dominiumpertinet
1148 2820 1191 2891 ad
1209 2821 1467 2892 serenissimum
1485 2820 1650 2892 Poloniae
1668 2840 1795 2910 regem.

244 2944 284 3013 ln
312 2965 381 3033 qua
408 2946 490 3013 sunt
515 2942 605 3012 lanei
632 2942 885 3032 cmethonales,
913 2942 996 3014 item
1023 2943 1205 3033 tabernae,
1232 2944 1315 3014 item
1341 2943 1570 3031 hortulaniae,
1599 2942 1642 3013 de
1669 2943 1793 3033 quihus

244 3065 402 3136 omnibus
429 3063 577 3136 solvitur
603 3064 736 3136 decima
770 3063 960 3155 pecunialis
994 3063 1160 3136 ecclesiae
1186 3064 1221 3135 in
1248 3063 1524 3155 Kyelczina,
1561 3084 1624 3154 per
1643 3119 1783 3134 ......
1786 3088 1795 3151 ;
1881 3118 1886 3127 .

243 3187 325 3256 item
352 3186 531 3276 praedium
534 3239 646 3256 .....

347 3308 491 3397 Damna,
518 3307 601 3379 villa
627 3307 692 3379 suh
713 3306 879 3397 parochia
905 3306 949 3378 de
975 3305 1009 3376 K
1017 3306 1230 3398 yclczina
1256 3307 1341 3397 sita,
1368 3307 1465 3378 cuius
1492 3307 1616 3378 haeres
1635 3305 1795 3379 :lacobus

244 3429 527 3522 lllyllrowszky
553 3428 598 3500 de
624 3429 729 3500 armis
756 3425 966 3500 Habdanlr.
993 3427 1035 3497 In
1062 3447 1130 3517 qna
1150 3433 1231 3499 sunt
1257 3430 1408 3519 quinque
1434 3428 1525 3500 lanei
1553 3427 1796 3517 cmethonales,

243 3550 327 3621 item
362 3570 433 3621 una
466 3549 617 3622 taberna
652 3550 784 3622 hahens
820 3567 942 3640 agros,
978 3550 1062 3620 item
1099 3570 1166 3620 unc
1191 3550 1392 3621 hortrrlania
1412 3550 1559 3621 habens
1595 3569 1717 3640 agnou,
1753 3545 1796 3619 de

243 3672 369 3760 quihus
395 3672 554 3744 omnihus
581 3671 730 3748 solvitur
755 3677 793 3742 et
817 3672 1024 3743 conducitur
1048 3671 1181 3742 decima
1206 3671 1433 3762 manipularis
1460 3677 1497 3743 et
1523 3671 1700 3761 cenapolis
1726 3690 1791 3760 pro
1843 3726 1846 3733 .

245 3792 528 3864 archidiaconatu
558 3792 848 3882 Sandomirieusi,
883 3799 921 3865 et
948 3793 1046 3865 valor
1071 3794 1145 3863 eius
1170 3794 1375 3865 aestimatur
1402 3792 1447 3865 ad
1463 3771 1624 3884 ¹quinque
1651 3813 1794 3864 marcus.

245 3913 332 3983 Item
368 3913 548 4004 praedium
583 3919 638 3985 est
674 3914 723 3986 ihi
758 3912 896 3985 unicum
937 3914 1106 4003 militare,
1150 3914 1192 3985 de
1228 3936 1297 4004 qno
1332 3914 1525 3986 decimatur
1558 3914 1724 3984 ecclesiae
1761 3914 1795 3981 in

171 4058 180 4070 ‘
243 4033 510 4124 Kyelcaina
1317 4096 1320 4103 .

347 4154 682 4247 Pnznnonowrczn,
708 4155 792 4227 villa
810 4155 874 4227 sub
893 4156 1060 4246 parochia
1077 4154 1119 4226 de
1137 4154 1366 4247 Kyelcziua
1388 4156 1476 4246 sita,
1503 4154 1601 4226 cuius
1628 4154 1796 4226 haeredes

201 4276 394 4348 &Thomas
420 4282 459 4348 et
483 4256 649 4349 Nicotaus
674 4277 720 4351 de
746 4277 1040 4349 armisRosza.
1075 4278 1114 4349 In
1143 4298 1211 4369 qna
1237 4283 1319 4349 sunt
1346 4278 1497 4368 quinque
1524 4276 1616 4348 lanei
1643 4278 1798 4348 cmetho-

231 4387 361 4488 'uilem
387 4399 472 4469 item
499 4419 569 4472 una
594 4399 744 4471 taberna
768 4399 901 4471 habens
928 4419 1049 4490 agros,
1085 4400 1168 4471 item
1195 4413 1264 4472 una
1289 4399 1490 4471 hortulanis
1524 4398 1658 4471 habens
1684 4417 1797 4489 agros,

243 4519 440 4609 dequibus
465 4519 624 4592 omnibus
660 4520 814 4593 solvitur·
834 4525 871 4592 et
897 4521 1101 4593 conducitur
1135 4521 1269 4594 decima
1304 4520 1532 4611 manipularis
1558 4525 1595 4591 et
1621 4521 1797 4610 canapalis

243 4660 307 4730 pro
334 4640 616 4712 archidiaconatu
635 4640 925 4733 Sandomiriensi‚
952 4643 1050 4714 cuius
1065 4642 1166 4715 -ralor
1190 4643 1395 4714 aestimatur
1412 4641 1456 4713 ud
1476 4642 1627 4732 quinque
1655 4661 1798 4713 marcas.

243 4761 331 4833 Item
370 4761 559 4851 praedium·
585 4769 641 4834 est
664 4762 746 4838 inu,
760 4764 909 4836 unicum·
934 4764 1103 4855 militare,
1146 4764 1189 4835 de
1224 4785 1292 4854 quo
1328 4764 1521 4835 decimatur
1560 4762 1726 4832 ecclesiae
1763 4761 1798 4831 in

241 4882 522 4974 Kyelazyna.
721 4896 723 4899 ’
1466 4887 1469 4894 “
1573 4895 1578 4902 “

347 5004 484 5076 Zmnm
509 5025 623 5078 νοω
650 5003 780 5097 prima,
813 5005 899 5077 ¹villa
924 5006 991 5076 suh
1024 5006 1189 5094 parochia
1214 5005 1258 5075 de
1285 5004 1552 5094 Kyelczyna
1577 5004 1663 5102 sita,
1702 5002 1799 5073 cuius
1886 5003 1893 5012 ’

244 5126 412 5199 haeredes
448 5126 559 5197 Lucas
587 5125 629 5197 de
657 5125 872 5217 Slupcza‚
908 5126 951 5197 de
978 5125 1084 5196 armis
1119 5126 1269 5212 Rama,
1305 5129 1352 5194 et·
1372 5123 1521 5212 Jarosch
1556 5130 1593 5195 el
1619 5124 1798 5196 lohannes

245 5248 330 5320 dicti
355 5248 563 5340 Rylrouye
589 5247 632 5320 de
650 5247 758 5318 armis
783 5245 970 5338 Ostoya.
996 5247 1036 5318 ln
1055 5265 1132 5337 uua
1158 5250 1239 5318 suut
1256 5251 1416 5336 anatum
1441 5245 1532 5317 lanei
1557 5246 1800 5335 auctionales,
1869 5297 1871 5304 .

245 5369 440 5458 dequibus
467 5370 625 5442 omnibus
659 5369 808 5442 soluitur
833 5375 871 5441 et
896 5368 1101 5441 conducitur
1136 5368 1269 5441 decima
1304 5366 1531 5458 manipularis
1557 5377 1595 5440 et
1620 5368 1798 5458 canapalis
1889 5367 1891 5372 '

245 5509 310 5577 pro
335 5491 617 5564 archidiaconatu
643 5490 931 5581 Saudomiriensi‚
958 5496 996 5562 et
1011 5489 1112 5563 valor
1135 5489 1211 5561 eius
1238 5490 1444 5562 aestimatur
1469 5483 1515 5561 a'd
1534 5493 1682 5582 quatuor
1708 5509 1800 5559 mar-

247 5628 312 5678 cas.
338 5609 426 5681 Item
455 5633 522 5683 non
549 5618 631 5683 sunt
656 5613 841 5705 tabernae,
868 5634 938 5685 nou
965 5618 1047 5684 sunt
1065 5612 1294 5684 hortulaniae.
1321 5612 1409 5683 Item
1436 5617 1518 5684 sunt
1532 5612 1585 5682 ibi
1603 5612 1801 5699 duo'purva

246 5729 391 5819 praedia
416 5731 599 5821 militaria,
613 5733 669 5804 de
695 5734 821 5823 quibus
847 5734 1043 5807 decimatur
1060 5717 1225 5807 ecclesiae
1252 5735 1287 5805 in
1314 5733 1583 5824 Kyelcuina.
1615 5749 1644 5782 -“

349 5851 484 5923 Zruua
510 5871 624 5940 unua
650 5855 816 5945 secunda,
843 5855 928 5927 uilla
952 5855 1018 5927 suh
1044 5856 1209 5946 parochia
1233 5854 1278 5928 de
1303 5852 1563 5945 Kyelczina
1588 5853 1674 5941 sita,
1702 5851 1800 5927 cuius

187 6029 191 6034 .
246 5974 370 6046 haeres
395 5971 590 6045 Doheslaus
616 5973 920 6067 Byschouszlry
945 5971 1154 6049 castellanus
1179 5974 1356 6047 Belzensis
1372 5961 1417 6044 de
1435 5971 1554 6044 amnis.
1568 5971 1802 6063 Nyeczuy'a.

245 6097 285 6168 In
314 6118 383 6189 qua
409 6100 492 6168 sunt
517 6094 699 6183 decentet
724 6100 858 6186 septem
894 6096 988 6169 lanei
1021 6096 1272 6185 cmethonales,
1306 6095 1391 6176 item
1418 6092 1507 6165 duae
1543 6073 1711 6166 tabernae
1735 6094 1800 6164 ha-

247 6220 369 6291 bentes
395 6238 516 6308 agros,
543 6218 625 6288 item
655 6237 743 6288 unus
768 6216 891 6289 laneus
917 6193 1137 6306 scoltetialis,
1172 6217 1215 6287 de
1243 6214 1368 6306 quihus
1393 6214 1554 6288 omnibus
1589 6213 1738 6287 solvitur
1765 6203 1803 6285 et

246 6342 451 6413 conducitur
476 6339 609 6437 decima
634 6338 862 6430 manipularis
880 6342 917 6409 et
932 6338 1107 6428 ouuapulis'
1129 6357 1192 6426 pro
1212 6323 1803 6428 archidiaconatuSandomiriensi‚
1842 6361 1846 6365 ·

247 6467 284 6532 et
308 6463 407 6535 valor
431 6463 507 6534 eius
532 6441 739 6534 molimatur
762 6460 810 6533 ad
836 6447 1017 6545 duodecim
1051 6477 1197 6530 marcas.
1233 6459 1321 6530 hem
1355 6457 1577 6532 hortulaniae
1613 6479 1683 6528 nou
1710 6463 1801 6529 sunt.

246 6581 334 6662 ran
358 6584 541 6675 anum
565 6585 735 6676 naam
759 6603 830 6656 non
847 6561 928 6672 'aa
953 6579 1037 6654 uae
1062 6585 1259 6671 amur,
1277 6580 1378 6671 ‘quoa
1400 6578 1589 6669 aliqnando
1616 6577 1740 6670 aem,
1766 6583 1803 6649 a
