4200 8342
307 1617 381 1692 232

409 1824 678 1913 Srazrscnow,
707 1822 792 1897 villa
817 1823 883 1896 sub
900 1822 1068 1914 parochia
1094 1822 1137 1896 de
1155 1821 1317 1896 Olecza
1344 1823 1429 1913 sita,
1456 1823 1553 1896 cuius
1572 1822 1740 1896 haeredes
1767 1878 1857 1896 ....

302 1946 428 2019 nobilis
463 1946 506 2018 de
533 1946 635 2018 domo
786 1951 824 2018 et
849 1945 1008 2017 Andreas
1044 1944 1248 2036 Slupsky
1283 1946 1327 2017 de
1353 1945 1456 2017 domo
1610 1943 1651 2016 In
1678 1967 1747 2036 qua
1773 1951 1857 2020 sunt

225 2151 228 2156 y
302 2068 393 2138 lanei
420 2067 671 2157 cmethonales‚
706 2067 750 2138 de
778 2067 903 2158 quibus
930 2067 1089 2140 omnibus
1121 2066 1270 2139 solvitur
1306 2066 1437 2138 decima
1466 2067 1693 2158 manipularis
1720 2061 1856 2140 schola-

302 2190 408 2260 striae
434 2187 675 2277 bhacoviens13
702 2189 799 2260 cuius
824 2190 1002 2279 perceptio
1028 2188 1065 2258 in
1092 2186 1276 2277 manipulis
1303 2187 1482 2260 abstracta
1508 2192 1563 2260 est
1588 2209 1609 2260 a
1636 2187 1855 2278 scholastria,

308 2313 347 2380 et
366 2308 499 2381 incolae
525 2309 620 2380 illam
648 2309 794 2400 quilibet
820 2309 863 2381 de
881 2330 943 2381 suo
962 2330 1047 2400 agro
1075 2309 1141 2381 soli
1166 2309 1379 2400 percipiunt,
1405 2315 1442 2382 ot
1459 2330 1522 2400 pro
1541 2329 1583 2381 ea
1609 2309 1749 2383 solvunt
1765 2329 1859 2382 sum-

303 2430 421 2502 matim
449 2436 523 2502 tres
548 2429 702 2503 fertones
729 2430 880 2503 latorum
906 2449 1108 2520 grossorum
1134 2429 1371 2520 Pragensium.
1409 2473 1414 2488 ·

948 2551 1206 2624 Pnuczowrcn.

405 2671 501 2745 Villa
525 2673 658 2746 habens
675 2672 711 2745 in
729 2693 767 2744 se
785 2671 1018 2764 parochialem
1049 2672 1228 2745 ecclesiam
1264 2671 1389 2746 Sancto
1412 2670 1543 2746 Jacobo
1562 2671 1729 2763 dicatam,
1757 2667 1856 2745 cuius

303 2796 427 2867 haeres
461 2791 626 2867 Nicolaus
661 2794 1016 2886 Myschkowsky
1050 2793 1222 2872 dedomo
1257 2793 1560 2885 Accipitrum.
1599 2793 1639 2864 ln
1667 2815 1736 2886 qua
1772 2799 1856 2868 suut

302 2916 393 2988 lanei
418 2915 670 3006 cmethonales‚
706 2915 749 2987 de
776 2915 902 3006 quibus
937 2916 1096 2988 omnibus
1123 2915 1271 2989 solvitur
1307 2915 1440 2988 decima
1465 2915 1692 3006 manipularis
1719 2915 1855 2990 schola·

305 3037 414 3109 striae
441 3034 682 3126 cracoviensi;
712 3037 810 3110 cuius
836 3038 1013 3128 perceptio
1040 3037 1076 3107 in
1103 3037 1278 3128 manipulo
1306 3057 1328 3108 a
1353 3036 1561 3110 scholastria
1587 3037 1766 3110 abstracta
1791 3042 1856 3126 est,

302 3164 339 3232 et
364 3157 497 3232 incolae
524 3159 620 3230 illam
638 3157 784 3250 quilibet
809 3158 853 3231 de
871 3179 934 3230 suo
952 3179 1038 3250 agro
1066 3158 1132 3229 soli
1149 3158 1324 3248 accipiunt
1341 3164 1386 3230 -et
1407 3158 1547 3231 solvunt
1566 3159 1762 3230 summatim
1788 3177 1854 3249 pro

303 3280 380 3371 ipsa
406 3280 613 3352 scholastico
640 3279 864 3353 Graooviensi
888 3279 975 3352 duas
999 3297 1135 3351 marcas
1162 3279 1312 3352 latorum
1337 3300 1555 3370 grossorum:
1580 3280 1673 3352 item
1700 3279 1857 3369 taberna,

303 3402 387 3472 item
413 3401 590 3474 hortulani
618 3455 722 3491 ....,
748 3401 831 3472 item
857 3400 1037 3491 praedium
1065 3443 1170 3490 ...-.,
1201 3401 1285 3471 item
1311 3400 1458 3474 ecclesia
1482 3401 1590 3474 habet
1615 3399 1667 3472 ibi
1692 3401 1855 3490 proprios

304 3542 407 3610 agros
433 3520 562 3594 liberos
588 3526 625 3595 et
650 3526 763 3614 prata,
787 3542 854 3613 pro
879 3542 943 3594 suo
970 3541 1035 3595 usu
1061 3527 1098 3593 et
1123 3522 1340 3594 necessitate.

972 3641 1185 3716 (lnocusrn.

406 3763 501 3837 Villa
526 3765 563 3837 iu
581 3786 650 3856 qua
667 3771 722 3838 est
738 3764 948 3856 paroehialis
974 3763 1134 3857 ecclesia,
1160 3763 1266 3838 Sanct
1292 3819 1426 3854 ......
1454 3764 1551 3838 cuius
1569 3765 1765 3856 proprietas
1791 3785 1856 3856 pro

304 3893 420 3959 castro
446 3885 660 3960 Barwald
685 3886 731 3960 ad
749 3885 954 3960 Oasimirum
981 3885 1146 3958 Poloniae
1172 3906 1289 3976 regem
1316 3886 1477 3976 pertinet
1517 3886 1557 3957 ln
1576 3907 1645 3978 qua
1662 3891 1745 3959 sunt
1761 3886 1855 3959 lanei

303 4009 550 4100 cmethonales‚
578 4007 764 4101 dequibus
791 4008 950 4082 omnibus
977 4008 1125 4090 solvitur
1152 4006 1285 4088 decima
1311 4008 1537 4099 manipularis
1563 4029 1627 4098 pro
1646 4007 1856 4081 scholastria

301 4129 540 4221 (boemiensi,
567 4130 665 4203 cuius
692 4131 870 4222 perceptio
897 4131 1077 4203 abstracta
1102 4135 1158 4201 est
1176 4130 1211 4200 in
1229 4128 1404 4220 manipulo
1431 4130 1679 4202 ascholastria
1705 4135 1741 4201 et
1758 4130 1854 4204 inco·

303 4251 357 4322 lae
373 4252 450 4324 -soli
479 4252 575 4324 illam
611 4251 758 4343 quilibet
783 4252 827 4325 de
857 4273 920 4324 suo
947 4271 1032 4342 agro
1060 4271 1124 4342 pro
1151 4271 1189 4323 se
1215 4249 1402 4341 accipiunt,
1429 4257 1466 4322 et
1492 4251 1632 4323 solvunt
1658 4250 1857 4324 summatim

303 4393 366 4462 pro
394 4374 471 4464 ipsa
497 4373 704 4444 scholastico
740 4370 960 4446 Gracoviensi
996 4371 1145 4443 mediam
1181 4391 1332 4442 marcam
1368 4371 1518 4443 latorum
1545 4392 1745 4462 grossorum
1771 4370 1859 4444 Pra-

306 4493 472 4584 gensium,
500 4493 583 4564 item
608 4493 776 4564 tabernae
931 4492 1015 4564 item
1040 4491 1261 4564 hortulaniae
1422 4492 1507 4564 item
1542 4493 1721 4585 praedium

303 4613 387 4685 item
413 4613 520 4686 habet
545 4615 595 4688 ibi
621 4613 767 4689 ecelesia
800 4620 837 4687 et
862 4612 1031 4703 plebanus
1057 4614 1218 4704 proprios
1253 4633 1357 4704 agros
1383 4619 1420 4686 et
1445 4620 1567 4705 prata,
1603 4636 1666 4707 pro
1698 4635 1762 4686 suo
1789 4635 1855 4688 usu

304 4740 341 4807 et
367 4736 581 4811 necessitate.

992 4854 1164 4930 Wrurnz.

406 4977 501 5054 Villa
526 4978 658 5054 babens
686 4980 722 5052 in
740 4999 778 5052 se
794 4979 975 5052 ecclesiam
1001 4980 1253 5072 parochialem,
1281 4978 1388 5052 Sauct
1414 5031 1621 5070 .........
1649 4977 1746 5051 cuius
1772 4977 1855 5052 hae-

302 5099 403 5173 redes
421 5101 499 5192 dno,
525 5101 690 5175 Nicotaus
718 5099 1067 5192 Schachowslry,
1094 5101 1256 5174 Nicolaus
1282 5107 1319 5173 et
1336 5101 1530 5174 Stanislaus
1556 5102 1599 5172 de
1622 5099 1784 5192 Weprz
1812 5101 1855 5174 de

303 5221 405 5294 domo
432 5220 684 5313 Grzymala.
722 5223 763 5294 In
782 5243 851 5314 qua
868 5227 950 5295 sunt
966 5221 1059 5294 lanei
1078 5222 1326 5312 cmethonales‚
1353 5223 1397 5294 de
1415 5221 1540 5313 quibus
1558 5221 1705 5296 solvitur
1722 5222 1857 5298 decium

302 5342 548 5434 manipularis,
583 5344 809 5416 scholastriae
844 5343 1084 5416 cracoviensi:
1116 5343 1177 5416 sed
1212 5345 1286 5416 eius
1312 5344 1489 5435 perceptio
1525 5344 1560 5415 in
1587 5343 1773 5435 manipulis
1799 5347 1855 5416 est

303 5462 481 5536 abstracta
506 5483 533 5536 a·
545 5463 753 5536 scholastria
778 5469 814 5536 et
832 5464 896 5536 soli
914 5464 1048 5537 incolae
1075 5464 1221 5555 quilibet
1246 5465 1290 5537 de
1308 5486 1393 5556 agro
1413 5487 1475 5537 suo
1502 5464 1597 5536 illam
1624 5485 1688 5556 pro
1705 5485 1743 5536 se
1762 5465 1853 5536 acci·

303 5585 413 5678 piunt,
440 5585 580 5658 solvunt
605 5591 722 5658 autem
749 5585 933 5658 summarie
960 5585 1167 5660 scholastico
1187 5584 1407 5660 Crotoniensi
1434 5607 1498 5678 pro
1517 5586 1593 5677 ipsa
1618 5585 1742 5677 viginti
1761 5591 1854 5658 scot·

302 5712 359 5780 tos
385 5708 535 5781 latorum
560 5727 762 5800 grossorum
788 5706 1034 5797 Prageusium:
1068 5707 1151 5780 item
1178 5707 1343 5782 tabernae
1466 5707 1550 5780 item
1575 5706 1751 5780 hortulani
1833 5729 1859 5778 .:

301 5827 385 5902 item
411 5827 519 5903 habet
553 5830 602 5901 ibi
628 5829 773 5904 ecclesia
798 5833 835 5900 et
858 5828 1028 5920 plebanus
1062 5829 1223 5920 proprios
1259 5849 1361 5920 agros
1388 5833 1425 5902 et
1449 5834 1571 5920 prata,
1607 5849 1671 5919 pro
1699 5848 1762 5900 suo
1790 5847 1856 5900 usu

302 5956 340 6023 et
365 5953 582 6026 necessitate

408 6067 703 6165 innomionow,
729 6069 815 6146 rilla
839 6069 905 6144 sub
930 6067 1158 6164 parochiale
1176 6069 1369 6165 Wyeprz
1396 6072 1474 6162 sita,
1492 6072 1589 6144 cuius
1607 6073 1731 6144 haeres
1749 6067 1854 6144 Nico·

304 6192 378 6266 laos
405 6192 746 6300 Schuch‘owsky
772 6193 899 6267 nobilis
925 6192 970 6265 de
995 6192 1098 6266 domo
1123 6193 1448 6267 Pomorum-ln
1467 6213 1536 6284 qua
1553 6200 1635 6266 sunt
1652 6193 1745 6266 lanei
1763 6213 1854 6266 eme

305 6315 472 6406 thonales,
498 6313 695 6408 dequibus
722 6315 881 6388 omnibus
907 6314 1057 6388 solvitur
1081 6313 1215 6388 declma
1241 6315 1466 6406 manipularis
1485 6315 1710 6390 scholastriae
1729 6313 1856 6388 Oraoo·

302 6438 434 6526 viensi3
458 6436 558 6508 cuius
593 6435 698 6510 etun
732 6437 910 6527 perceptio
943 6437 980 6508 in
1015 6419 1200 6528 mauip‘ttlis
1236 6437 1413 6508 abstracta
1438 6441 1494 6510 est
1519 6457 1541 6508 a
1566 6435 1792 6528 scholastria,
1819 6440 1858 6508 et

304 6556 436 6629 incolae
463 6556 529 6631 soli
555 6556 650 6632 illum
676 6557 824 6650 quilibet
848 6557 893 6630 de
906 6556 993 6634 *suis
1018 6559 1112 6650 agria
1138 6555 1203 6650 p'ro
1229 6577 1268 6630 se
1294 6558 1478 6651 mopinot,
1504 6547 1782 6648 etaabutfflb
1798 6556 1860 6632 illa
