4200 8342
335 1631 412 1705 450

352 1812 357 1838 ¹
441 1836 667 1931 Bazozovrn,
694 1831 778 1904 villa
805 1833 870 1905 snb
896 1826 1063 1923 parochia
1089 1827 1133 1903 da
1158 1822 1423 1933 Polcnyecz
1449 1830 1530 1923 sits,
1556 1831 1656 1905 cuius
1681 1831 1809 1905 lraercs
1834 1831 1883 1903 lo

338 1963 470 2033 hannes
505 1952 843 2047 Ritlrwyensky
878 1951 1054 2045 palatinus
1089 1949 1339 2025 cracoviensis.
1378 1952 1420 2025 In
1447 1973 1517 2045 qua
1542 1958 1627 2025 sunt
1653 1973 1781 2027 novem
1805 1952 1885 2026 lanei

338 2078 592 2169 emethonales,
624 2076 666 2149 de
694 2076 819 2168 quibus
847 2072 995 2147 solvitur
1020 2079 1058 2146 et
1085 2072 1290 2147 conducitur
1307 2072 1451 2178 decima
1476 2063 1705 2168 manipularis
1732 2079 1771 2148 et
1797 2095 1887 2148 cana-

336 2203 426 2297 palis
453 2222 517 2294 pro
545 2200 706 2291 episcopo
734 2196 974 2289 cracoviensi,
1001 2196 1099 2270 euius
1126 2196 1224 2269 valor
1250 2196 1458 2271 aestimator
1484 2195 1530 2287 ad
1556 2217 1617 2272 sax
1644 2217 1794 2272 marcas
1820 2196 1890 2271 Non

329 2330 393 2399 ‚ost
418 2323 615 2416 praedium,
642 2341 754 2411 neque
780 2321 944 2410 taberna,
971 2339 1083 2411 nequa
1109 2317 1317 2392 nonnanis
1358 2410 1360 2415 Ι

332 2522 334 2527 ,
444 2444 631 2535 anvnoz,
659 2442 743 2514 villa
769 2442 833 2514 snb
851 2439 1019 2532 parochia
1036 2439 1080 2512 de
1096 2436 1327 2533 Polanyecz
1353 2439 1433 2532 sita,
1460 2440 1558 2515 cuius
1574 2439 1702 2514 haeres
1719 2438 1891 2517 lohannes

339 2565 647 2658 Rithwyensk
659 2587 681 2655 y
708 2563 883 2654 palatinus
909 2560 1161 2636 cracoviensis.
1186 2561 1228 2633 In
1246 2582 1316 2655 qua
1341 2566 1423 2635 snut
1440 2562 1608 2637 tredecim
1625 2561 1720 2637 lanei
1744 2563 1891 2637 emano

310 2688 454 2777 -nales,
482 2686 566 2758 item
593 2684 681 2756 duae
708 2684 875 2791 tabernac
910 2684 1080 2756 habentes
1107 2703 1230 2776 agros,
1266 2683 1310 2757 de
1337 2684 1462 2777 quibus
1495 2685 1655 2757 omnibns
1683 2684 1835 2757 solvitur
1857 2691 1889 2757 at

341 2808 543 2882 conducitur
570 2806 703 2879 decimo
737 2804 963 2896 manipularis
990 2810 1027 2877 ot
1054 2804 1230 2899 canapalis
1261 2826 1326 2898 pro
1353 2806 1555 2899 episcopatu
1591 2804 1837 2897 cracoviensi,
1861 2810 1894 2879 et

340 2930 439 3003 valor
465 2931 539 3003 eius
566 2929 773 3001 aestimatur
790 2927 834 2999 ad
853 2933 932 2999 octo
959 2947 1103 3001 marcas.
1128 2927 1219 3002 Item
1245 2932 1300 3001 est
1326 2928 1377 3001 ibi
1402 2928 1577 3020 scoltetia,
1604 2927 1648 3001 de
1675 2928 1778 3005 cuins
1803 2928 1894 3020 agris
1920 2928 1998 2957 ’““

343 3053 489 3126 solvitur
517 3050 650 3123 decima
676 3049 902 3141 manipularis
920 3048 1086 3122 ecelesiae
1113 3049 1149 3123 in
1176 3047 1415 3143 Polanyecz.
1441 3049 1530 3150 ltanr
1548 3071 1618 3126 non
1635 3054 1692 3125 cst
1707 3049 1894 3143 praediun,

342 3195 406 3247 nec
431 3172 660 3246 hortulaniae.
781 3266 783 3271 s
1908 3186 2000 3249 ’ἓ

445 3293 656 3384 Znaznm,
683 3292 766 3364 villa
792 3292 857 3364 snb
884 3291 1050 3384 parochia
1077 3290 1120 3364 de
1146 3290 1410 3384 Polanyocz
1436 3293 1524 3384 sita,
1560 3292 1658 3367 cuius
1684 3293 1812 3367 haeres
1837 3292 1895 3366 do

329 3356 475 3491 {cunas
501 3414 838 3507 Rithuyensky
874 3412 1048 3506 palatinus
1085 3413 1334 3488 cracoviensis.
1370 3414 1410 3486 ln
1439 3434 1507 3508 qua
1533 3419 1615 3489 sunt
1645 3420 1783 3507 septem
1809 3414 1896 3487 lanai

343 3538 598 3629 cmcthonales,
625 3537 667 3609 de
695 3536 819 3627 quibus
846 3534 992 3607 solvitur
1019 3540 1057 3607 et
1083 3535 1288 3610 conducitur
1320 3537 1454 3609 decima
1479 3535 1707 3629 manipularis
1734 3542 1774 3611 et
1798 3557 1896 3609 cana·

345 3659 434 3751 palis
460 3681 524 3751 pro
553 3659 753 3750 episcopatu
780 3648 1027 3748 cracoviensi,
1048 3658 1145 3731 cuins
1171 3657 1271 3732 valor
1297 3657 1342 3731 ad
1370 3664 1520 3752 quatuor
1555 3678 1700 3733 marcas.
1737 3657 1820 3733 Non
1845 3664 1897 3735 oct

344 3781 534 3874 praedium,
561 3800 626 3853 nec
648 3778 804 3870 taberna,
830 3798 894 3850 nec
919 3777 1128 3852 hortulania

448 3903 705 3991 Lvnscrnozn,
739 3901 822 3973 villa
857 3898 922 3971 sub
948 3901 1116 3993 parochia
1151 3902 1194 3974 de
1221 3899 1485 3996 Polanyecz
1519 3901 1605 3992 sita,
1640 3900 1742 3975 ouius
1777 3901 1898 3975 haeres

343 4026 522 4099 lohannes
550 4022 730 4096 Nossek
767 4022 975 4113 Turszky
1001 4022 1045 4095 de
1072 4021 1174 4097 domo
1204 4022 1387 4097 lanino
1429 4024 1471 4096 In
1497 4045 1568 4118 qna
1592 4023 1662 4098 dno
1689 4023 1785 4097 lanai
1811 4043 1898 4097 cmo

345 4147 514 4239 thonales,
541 4145 584 4218 de
612 4145 738 4237 quibus
766 4143 916 4216 solvitur
942 4147 979 4215 et
1006 4143 1210 4218 conducitur
1246 4144 1380 4218 decima
1405 4145 1631 4238 manipularis
1658 4151 1696 4220 ct
1721 4144 1898 4239 oanapvlis

346 4289 410 4359 pro
446 4267 593 4341 ecclesia
628 4266 663 4338 in
695 4264 980 4358 Polanyecz',
1025 4265 1124 4339 onius
1159 4265 1258 4340 valor
1293 4266 1498 4340 aestimatur
1523 4266 1569 4341 ad
1595 4287 1700 4367 unam
1737 4284 1899 4343 marm.

344 4389 434 4461 Item
460 4388 639 4479 praedium
666 4408 734 4460 non
762 4392 824 4479 est,
851 4408 916 4461 nec
940 4382 1102 4479 taberna,
1128 4407 1240 4480 nequa
1266 4386 1474 4461 homulania
1599 4432 1603 4442 ·

452 4510 601 4583 Tunsno
628 4509 766 4600 anou,
793 4509 878 4582 villa
904 4508 969 4582 sub
995 4508 1164 4602 parochia
1190 4507 1234 4582 de
1259 4507 1519 4603 Polanyecz
1545 4509 1624 4603 sita,
1650 4509 1751 4585 cuius
1777 4509 1900 4585 lure-

346 4633 408 4706 des
434 4631 613 4706 Johannes
640 4629 819 4704 Nossak
847 4637 883 4703 et
908 4630 1107 4723 Spithek
1135 4629 1177 4704 de
1196 4630 1297 4705 domo
1323 4630 1486 4706 Janina
1521 4632 1563 4706 In
1582 4636 1753 4726 quasunt
1777 4653 1900 4705 novem

345 4756 440 4828 lanei
467 4754 719 4844 emethonales,
746 4753 828 4825 itam
857 4752 926 4827 dno
953 4751 1099 4846 praedia
1124 4752 1308 4846 militaria,
1343 4753 1387 4828 de
1414 4755 1539 4848 quibus
1565 4754 1726 4830 omnibus
1754 4752 1902 4829 solvitur

346 4882 382 4951 ot
408 4877 613 4950 conducitur
639 4875 773 4950 decimo
799 4864 1025 4968 manipularis
1043 4880 1080 4949 ot
1097 4875 1292 4969 canapaIiS,
1318 4897 1383 4970 pro
1401 4877 1547 4953 ecclesia
1573 4876 1776 4953 inPolan
1789 4900 1897 4973 year

349 5005 386 5072 et
412 5000 510 5072 valor
536 4999 611 5070 eius
638 4997 683 5071 ad
710 4998 828 5071 dacem
855 5017 990 5070 marcas
1017 4997 1231 5086 aestimatur.

450 5121 579 5224 Runn,
606 5119 690 5193 villa
716 5121 779 5193 sub
797 5118 964 5213 parochia
989 5118 1033 5190 da
1060 5118 1316 5212 Polanyecz
1342 5120 1418 5210 sita,
1446 5120 1544 5194 cuius
1569 5121 1694 5195 hares
1720 5120 1910 5197 Jolrannca

346 5242 680 5334 Rithwyensky
706 5243 880 5334 palatinus
899 5239 1150 5315 cracoviensis.
1177 5242 1218 5315 ln
1246 5261 1315 5334 qua
1340 5247 1422 5316 suut
1448 5249 1600 5336 quatuor
1625 5243 1720 5317 lanei
1747 5246 1916 5319 cmetlro-

348 5361 456 5452 nales,
483 5362 527 5434 dc
554 5363 678 5453 quibus
705 5364 854 5436 solvitur
880 5369 917 5435 at
944 5362 1149 5436 conducitur
1175 5363 1310 5436 decima
1335 5354 1561 5458 manipularis
1578 5369 1615 5438 at
1631 5367 1813 5459 canapclis
1839 5388 1915 5462 pro

347 5485 550 5577 episcopatu
577 5482 817 5576 cracoviensi,
844 5490 880 5556 et
904 5483 1004 5557 valor
1030 5484 1106 5557 eins
1133 5484 1339 5559 aestimatur
1364 5486 1408 5559 ad
1435 5491 1509 5560 tres
1534 5508 1680 5561 marcas

450 5605 654 5695 Runnvnv,
682 5603 764 5676 villa
791 5606 854 5677 sub
881 5604 1047 5696 parochia
1073 5604 1116 5677 de
1142 5604 1403 5701 Polanyecz
1434 5607 1520 5699 sita,
1556 5608 1654 5682 cuins
1680 5609 1812 5685 haeres
1839 5611 1910 5686 Jo-

345 5730 478 5802 hannas
505 5726 841 5820 Rithwyensky
868 5727 1043 5818 palatinus
1070 5725 1320 5802 cracoviensis.
1346 5728 1388 5802 In
1407 5750 1475 5823 qua
1492 5735 1579 5815 sunt,
1599 5728 1785 5806 dnodocinn
1811 5732 1909 5807 lanei

346 5849 597 5939 cmethonalcs,
633 5850 717 5921 item
744 5868 814 5921 una
847 5848 1009 5938 taberna,
1044 5848 1128 5922 item
1154 5871 1226 5922 una
1251 5849 1468 5942 homulauia,
1503 5852 1672 5925 habentos
1696 5874 1825 5946 agros,
1860 5855 1905 5927 dc

347 5973 471 6064 quibus
499 5971 646 6044 solvitur
672 5971 806 6043 decima
832 5969 1059 6062 manipularis
1085 5977 1123 6043 et
1144 5972 1321 6066 canapnlis
1346 5992 1411 6065 pro
1438 5973 1641 6066 episcopatu
1667 5972 1902 6065 cracoviam,

345 6099 382 6166 et
408 6094 507 6166 valor
533 6094 608 6166 eius
634 6093 679 6165 ad
707 6099 784 6166 octo
811 6112 947 6165 marcas
973 6091 1189 6166 aestimatur.
1215 6093 1401 6169 Praedium
1427 6095 1479 6168 ibi
1504 6116 1576 6199 non
1600 6102 1665 6170 est

451 6214 605 6306 Sezsnn,
632 6214 716 6287 villa
742 6216 806 6287 sub
833 6213 999 6307 parochia
1025 6212 1070 6287 de
1096 6212 1360 6311 Polanyocz
1387 6217 1465 6310 sita,
1491 6218 1590 6295 cuius
1616 6218 1744 6295 meras
1769 6219 1896 6296 Johns-

345 6357 407 6408 nes
441 6336 783 6429 Rithvyensky
826 6335 1000 6428 palatinus
1045 6334 1294 6413 cvacoviensis.
1342 6339 1384 6413 ln
1419 6361 1488 6433 qua
1520 6345 1603 6414 sunt
1637 6347 1775 6434 septem
1810 6344 1896 6418 lanei

345 6458 589 6550 amathonalas,
615 6457 658 6532 dc
685 6457 812 6551 quibus
828 6458 1040 6553 solvituret
1054 6458 1260 6545 conducitur
1273 6461 1408 6537 decima
1433 6461 1896 6561 manipularisetcanapalis
