4200 8342
1716 1643 1789 1715 363

243 1869 311 1939 quo
338 1847 405 1920 etsi
440 1848 509 1920 iam
540 1848 673 1920 robora
702 1867 766 1940 per
791 1847 1036 1940 nogdgentiam
1074 1847 1231 1920 culturae
1258 1853 1461 1937 creverant,
1499 1867 1563 1938 per
1589 1849 1791 1924 modemum

242 1975 359 2041 tamen
386 1968 571 2060 plebanum
597 1969 827 2060 extirpantur,
855 1974 893 2041 et
916 1969 1125 2059 rediguntur
1152 1968 1196 2040 ad
1215 1969 1393 2042 culturam.
1420 1969 1508 2040 Item
1527 1969 1619 2043 circa
1646 1973 1792 2044 eundem

229 2093 366 2179 'agrum
393 2089 678 2180 Wangrainow
703 2090 810 2164 habet
837 2089 982 2162 ecclesia
1008 2091 1043 2162 in
1071 2091 1351 2162 Raczlawicze
1379 2097 1517 2182 pratum
1544 2091 1700 2165 liberum.

348 2210 586 2301 Pannonian,
625 2211 709 2284 villa
743 2210 808 2283 sub
833 2211 999 2301 parochia
1030 2212 1073 2283 de
1100 2211 1374 2283 Raczlauicze
1415 2213 1497 2303 sita,
1537 2215 1634 2288 cuius
1670 2216 1793 2290 haeres

244 2331 425 2425 Philippus
452 2336 488 2404 et
513 2337 659 2423 nepotes
686 2333 754 2421 sni,
795 2332 838 2404 de
865 2333 966 2404 domo
994 2338 1030 2404 et
1056 2331 1187 2404 familia
1213 2332 1403 2404 Nalancz.
1447 2333 1487 2405 In
1516 2355 1582 2426 qua
1618 2342 1699 2409 sunt
1725 2339 1793 2409 duo

245 2454 337 2526 lanei
363 2453 606 2544 emethoualea
632 2454 716 2526 item
742 2454 891 2526 taberna
916 2473 986 2526 uua
1012 2454 1145 2526 habeus
1171 2473 1284 2544 agree,
1325 2452 1368 2524 de
1395 2455 1521 2544 quibus
1549 2457 1708 2530 omnibns
1735 2459 1794 2530 de-

247 2576 337 2648 cima
354 2574 588 2666 manipularis
615 2575 834 2665 integraliter
868 2576 1017 2649 soluitur
1050 2595 1115 2666 pro
1143 2576 1288 2648 ecclesia
1314 2576 1349 2645 in
1377 2575 1663 2650 Raczlanicze.
1707 2579 1795 2652 ltem

246 2701 330 2768 sunt
355 2695 404 2768 ibi
430 2693 574 2786 praedia
598 2695 783 2785 militaria,
815 2695 859 2767 de
875 2685 1031 2787 'qnorum
1059 2697 1154 2786 agris
1180 2695 1349 2768 medietas
1376 2695 1529 2769 decimae
1557 2699 1704 2772 solvitur
1732 2722 1796 2792 pro
1884 2720 1888 2732 ¹
1916 2752 1919 2762 ·

247 2815 456 2900 maiestate
487 2817 797 2922 llaczlanicae,⁸
820 2824 857 2890 et
882 2816 1050 2890 medietas
1084 2837 1148 2908 pro
1176 2816 1321 2889 ecclesia
1357 2818 1391 2886 iu
1420 2818 1600 2910 ,Byelini
1645 2821 1732 2893 ltem
1761 2824 1797 2894 in
1927 2841 1931 2850 ·
2009 2812 2015 2827 '

248 2937 379 3010 eadem
394 2937 478 3012 villa
503 2937 727 3029 Praedzpel
754 2943 809 3011 est
835 2959 940 3010 unum
967 2937 1116 3011 stadium
1144 2957 1317 3030 agrorum,
1344 2939 1379 3009 iu
1408 2959 1475 3030 quo
1501 2941 1633 3014 residet
1660 2929 1797 3016 emetha

250 3057 447 3150 Rybalth,
474 3058 517 3132 de
543 3080 611 3151 qno
639 3059 832 3132 decimatur
859 3061 1024 3133 ecclesiae
1052 3061 1088 3132 iu
1115 3060 1401 3133 Raczlawicze.
1433 3060 1520 3133 ltem
1548 3069 1602 3134 cst
1629 3064 1679 3135 ibi
1706 3065 1796 3138 alter

109 3200 121 3224 ·
249 3199 390 3271 campas
416 3199 479 3252 scu
503 3203 619 3277 opaca,
659 3182 695 3252 in
722 3181 790 3254 tine
816 3181 920 3272 lanei,
960 3182 996 3254 io
1025 3203 1093 3274 quo
1119 3181 1278 3254 Russek
1307 3182 1445 3254 cmetho
1470 3183 1616 3277 residet,
1657 3185 1795 3278 dequo

249 3302 355 3376 aaut
380 3319 445 3393 pro
471 3302 618 3375 ecclesia
643 3303 678 3374 in
705 3302 984 3376 Raczlawicze
1010 3303 1211 3376 decimatur.

339 3421 545 3526 ‚Zaaznczn
571 3423 666 3496 villa.
681 3425 746 3497 sub
772 3425 939 3515 parochia
964 3425 1009 3496 dc
1034 3424 1313 3497 Raczlanicze
1340 3425 1416 3497 sita
1443 3425 1483 3497 lu
1511 3446 1579 3517 qua
1603 3433 1685 3500 sunt
1710 3449 1799 3502 uuus

353 3545 468 3618 taedio
494 3545 587 3617 lanei
613 3546 860 3636 emethoualcs,
900 3547 945 3646 iu¹
963 3547 1088 3637 quibus
1116 3545 1269 3618 resident
1301 3545 1369 3618 dno
1397 3547 1611 3639 cmethoncs,
1652 3570 1797 3641 quornm

252 3665 567 3758 mutuarentur
593 3665 829 3758 Wyochecz,
869 3667 1065 3760 dequibus
1096 3668 1244 3740 solvitur
1275 3667 1410 3739 decima
1440 3669 1666 3759 manipularis
1693 3673 1800 3744 ecole-

252 3789 325 3860 siae
351 3789 387 3862 iu
414 3787 701 3864 ltaczlawicze.
727 3788 816 3860 Item
843 3795 897 3861 cst
923 3790 972 3861 ibi
1000 3811 1089 3861 nunus
1116 3790 1236 3862 laneus
1262 3789 1460 3880 praedialis,
1488 3790 1530 3861 de
1558 3812 1625 3882 quo
1653 3793 1801 3866 decima-

251 3915 314 3982 tur
339 3908 505 3980 ecelesiae
532 3909 568 3980 in
595 3908 920 3980 Raczlawicze.
960 3909 1046 3980 Item
1075 3910 1118 3981 de
1145 3909 1222 3981 aliis
1249 3910 1343 4000 agris
1371 3911 1658 4003 cmethonalibus,
1685 3915 1802 3987 taber-

251 4035 413 4104 ntorum
430 4034 466 4100 et
482 4028 714 4120 praediorum,
740 4029 889 4102 soluitur
905 4029 1039 4101 decima
1056 4029 1281 4120 manipularis
1299 4050 1362 4120 pro
1382 4030 1527 4103 ccclesia
1552 4031 1588 4102 in
1617 4033 1799 4126 Byeliui,

253 4155 334 4242 post
350 4156 424 4223 tres
450 4148 612 4224 videlicet
636 4150 757 4223 laneos
784 4150 1026 4223 cmetlronales.

357 4270 618 4363 Ponononznu,
645 4271 728 4343 uilla
746 4273 810 4344 sub
828 4271 995 4364 parochia
1012 4270 1056 4344 de
1074 4271 1347 4345 Raczlawioze
1375 4275 1451 4365 sita,
1471 4275 1569 4346 cuius
1587 4275 1755 4348 haeredes
1758 4332 1803 4348 .....

256 4393 302 4468 da
325 4395 432 4476 armis
458 4391 647 4485 Ossorp'a.
672 4392 713 4464 In
731 4413 801 4484 qua
817 4399 900 4466 sunt
925 4391 1017 4464 lanei
1044 4392 1285 4483 cmethonales,
1312 4393 1395 4464 item
1417 4394 1594 4486 tabernae,
1620 4395 1703 4467 item
1720 4397 1805 4468 hor·

255 4515 418 4606 mimae,
444 4514 488 4586 de
515 4515 641 4607 quibus
666 4515 825 4588 omnibus
851 4514 1001 4586 solvitur
1026 4519 1064 4586 et
1090 4514 1295 4586 conducitur
1321 4515 1454 4587 decima
1480 4504 1707 4607 manipularis
1842 4583 1848 4594 ,

254 4635 501 4712 tenuatim
526 4637 707 4727 praedium
732 4636 892 4726 militare,
919 4635 963 4708 de
990 4636 1088 4708 cuius
1115 4637 1209 4726 agris
1229 4636 1387 4709 omnibus
1405 4637 1555 4711 ‘solvitur
1583 4638 1715 4710 decima
1734 4659 1802 4710 ma·

257 4758 427 4850 maris
452 4759 489 4832 iu
515 4757 799 4833 Raczlanicze.

361 4879 477 4954 Villae
502 4880 732 4971 parochiales:
771 4878 1062 4970 Racalauicae,
1102 4877 1339 4969 Praedzyel,
1379 4877 1585 4969 Zaaaicze,
1626 4878 1803 4968 Podgro·

256 5002 373 5096 dape,
398 5001 608 5076 Zaraecze.

947 5121 1126 5192 Brutum.
1567 5203 1576 5212 ¹

363 5242 459 5322 Villa
483 5244 616 5320 habens
642 5244 679 5317 iu
705 5263 744 5316 sc
769 5241 950 5316 ecclesiam
985 5239 1221 5333 parochialem
1257 5239 1422 5331 ligneam,
1462 5239 1587 5313 Sancto
1615 5240 1807 5316 Adalberto

261 5372 421 5462 dicatam,
445 5389 549 5462 qaam
574 5373 612 5439 et
637 5368 806 5440 hacteuus
831 5363 924 5454 regit
940 5370 977 5436 et
993 5363 1167 5454 gubernat
1193 5360 1388 5456 Kyelcius
1414 5361 1592 5454 plebanus,
1618 5363 1746 5436 nobilis
1765 5364 1809 5438 de

175 5465 179 5470 ’
262 5490 364 5562 domo
390 5489 605 5580 Habdanlr‚
631 5489 729 5562 caino
752 5467 880 5580 haeres
904 5483 1084 5558 lohannes
1110 5489 1147 5556 et
1173 5483 1366 5556 Kelczius
1393 5481 1741 5576 Jugoschonszlry
1768 5484 1811 5557 de

263 5609 369 5680 umis
394 5608 616 5708 Babdalai:
633 5609 675 5682 ln
701 5629 771 5700 qua
796 5613 879 5682 suut
902 5611 1037 5697 septem
1064 5605 1156 5678 lanei
1183 5605 1424 5694 cmethouales
1452 5607 1535 5678 item
1557 5625 1628 5678 nna
1654 5607 1808 5697 tabenna,

263 5731 348 5800 item
373 5727 591 5802 hortalaniae
616 5749 686 5802 nou
712 5737 803 5820 sunt,
830 5730 913 5801 item
938 5748 1045 5801 unum
1072 5727 1251 5819 praedium
1278 5727 1445 5816 militare,
1481 5725 1525 5797 de
1552 5727 1676 5818 quibus
1703 5726 1812 5796 omni·

264 5853 330 5925 bus
356 5847 504 5922 soluitur
529 5854 566 5922 et
590 5849 794 5923 conducitur
828 5848 961 5922 decima
987 5849 1213 5939 manipularis
1240 5853 1276 5920 et
1302 5847 1477 5937 canapalis
1513 5865 1577 5935 pro
1604 5845 1750 5917 ccclesia
1776 5847 1812 5917 in

266 5973 297 6044 Β
304 5971 379 6064 pel
386 5971 482 6063 pai,
507 5975 544 6042 et
568 5969 667 6042 votor
692 5970 769 6044 eius
794 5970 997 6043 aestimatur
1023 5969 1069 6042 ad
1087 6023 1201 6041 .....
1228 5969 1315 6040 Item
1342 5966 1392 6038 ibi
1414 5964 1559 6060 ecclesia
1585 5971 1622 6038 et
1646 5966 1813 6058 plebanus

265 6095 397 6168 habent
421 6111 532 6183 apros¹
552 6110 617 6182 pro
634 6089 779 6181 praedio
801 6088 1024 6181 sufficientes,
1050 6094 1088 6161 et
1105 6096 1218 6181 pratu
1244 6089 1327 6159 item
1355 6105 1444 6158 unns
1471 6105 1576 6159 arvus
1594 6107 1655 6159 seu
1673 6105 1814 6180 campus

266 6236 375 6307 penes
399 6213 541 6288 durium
567 6211 703 6302 Szan,
729 6209 791 6284 aed
816 6230 886 6283 nou
911 6230 1069 6302 numus,
1096 6212 1178 6282 item
1204 6209 1276 6280 tria
1301 6213 1405 6299 prata
1429 6207 1466 6278 in
1493 6205 1815 6301 Sayedliszlra‚

157 6399 162 6408 .
268 6358 312 6410 ex
337 6337 463 6429 quibus
488 6355 594 6408 unam
620 6338 760 6424 pratum
785 6333 822 6404 iu
848 6331 997 6421 Lawy,
1039 6331 1124 6401 item
1151 6329 1258 6400 habet
1283 6333 1444 6420 quanam
1471 6335 1610 6420 pratum
1637 6330 1673 6400 in
1700 6329 1815 6402 Szau

269 6478 520 6550 praerosa,
560 6458 644 6530 item
669 6459 751 6547 post
775 6453 891 6526 Saau
925 6450 1067 6524 durium
1094 6449 1251 6541 quintum
1276 6441 1414 6542 pratum
1440 6452 1477 6521 in
1503 6450 1816 6523 Strozowicze

109 6575 118 6590 ⁰
269 6577 427 6672 lauky;
462 6582 547 6654 item
572 6579 679 6652 habet
702 6576 886 6652 tabernam
911 6574 951 6648 iu
975 6571 1187 6664 Byelini,
1209 6571 1265 6700 de
1291 6593 1360 6664 qua
1387 6573 1454 6644 sibi
1480 6591 1544 6666 pro
1571 6593 1677 6648 censu
1702 6593 1817 6649 annuo
1857 6689 1863 6700 ι
