4200 8342
1764 1640 1811 1711 89

257 1844 303 1916 ad
330 1866 390 1916 sex
411 1864 570 1931 mareas.
609 1844 695 1915 Item
731 1850 785 1915 cst
819 1845 867 1914 ibi
903 1843 1083 1933 praedium
1111 1843 1278 1931 militare,
1306 1842 1349 1912 de
1377 1843 1473 1912 cuius
1501 1843 1594 1932 agris
1622 1843 1812 1914 decimatur

257 1965 425 2037 ecclesiae
450 1966 487 2036 in
513 1964 707 2054 KozloW,
732 1964 831 2035 cuius
858 1964 957 2035 valor
983 1964 1028 2034 ad
1055 1963 1141 2033 duas
1168 1983 1302 2034 marcas
1321 1963 1533 2033 aestimatur.
1560 1963 1646 2033 Item
1666 1962 1811 2033 ecclesia

258 2090 295 2156 et
321 2084 490 2177 plebanus
515 2084 622 2156 habet
648 2085 697 2156 ibi
724 2085 902 2175 proprium
930 2105 1049 2174 agrum
1078 2090 1114 2155 et
1141 2090 1243 2173 prata
1269 2105 1332 2173 pro
1360 2105 1422 2156 sno
1449 2105 1514 2155 usu
1541 2090 1576 2155 et
1594 2084 1810 2154 necessitate.

363 2204 662 2306 Snunnowrsnu,
690 2205 865 2277 villa‘sub
892 2205 1057 2295 parochia
1084 2205 1126 2275 dc
1154 2205 1342 2275 Kozlow
1369 2205 1446 2294 sita,
1465 2205 1561 2275 cuius
1579 2205 1702 2274 haeres
1720 2204 1811 2275 idem

257 2324 412 2399 Jacobus
445 2325 724 2417 Kozlowsky
760 2325 802 2397 de
839 2326 945 2397 armis
979 2326 1211 2416 Vulpium.
1256 2327 1296 2396 In
1332 2332 1401 2417 qua
1437 2332 1518 2396 sunt
1546 2326 1693 2395 sedecim
1721 2326 1811 2396 lanei

258 2447 511 2539 cmethonale's,
537 2447 621 2520 item
658 2469 728 2519 una
759 2448 907 2519 taberna
941 2448 1233 2537 hahens-agrem
1260 2448 1454 2538 dequibus
1482 2447 1640 2517 omnibus
1668 2447 1813 2516 solvitur

258 2574 294 2639 et
321 2569 524 2641 conducitur
549 2568 689 2640 'decIma
723 2552 949 2659 manipularis
976 2574 1011 2639 et
1038 2568 1214 2657 canapalis
1241 2588 1316 2658 pro·
1332 2568 1482 2658 capitulo
1510 2565 1749 2654 Cracoriensi,
1777 2573 1813 2638 et

258 2689 357 2761 ralor
384 2690 459 2760 eius
486 2690 691 2761 aestimatur
718 2689 762 2760 ad
790 2689 907 2761 decem
934 2710 1078 2761 marcas.
1118 2689 1207 2760 Item
1234 2690 1316 2760 licet
1342 2689 1510 2780 plebanus
1537 2693 1573 2759 ct
1600 2688 1743 2759 ccclesia
1769 2689 1812 2758 de

258 2807 443 2881 Kozlow
469 2811 599 2883 habeat
623 2810 673 2882 ibi
700 2832 805 2882 unum
832 2811 969 2881 laneum
996 2831 1060 2899 pro
1088 2831 1150 2881 suo
1177 2810 1319 2899 praedio
1337 2811 1428 2880 inter
1446 2806 1643 2899 praedictos
1662 2810 1810 2881 sedecim

258 2929 377 3003 laneos
413 2935 667 3022 computatum,
694 2930 799 3001 solvit
833 2937 948 3001 tamen
985 2931 1028 3002 de
1061 2931 1121 3002 illo
1157 2931 1322 3002 decimam
1350 2930 1501 3019 capitulo
1529 2929 1749 3001 GracouIensi
1776 2931 1811 3001 in

256 3048 485 3144 portulacam
511 3052 608 3123 item*
630 3073 698 3122 non
735 3055 816 3122 sunt
842 3052 891 3122 ibi
917 3051 1146 3122 hortulaniae.
1187 3051 1275 3121 Item
1312 3052 1427 3121 estin
1455 3051 1575 3121 eadem
1603 3050 1685 3120 uilla
1712 3070 1812 3139 prae-

259 3171 358 3245 dium·
375 3172 555 3263 militare,
583 3172 626 3245 de
661 3173 759 3244 cuius
795 3172 889 3263 agris
915 3172 1073 3244 'solvitur
1099 3172 1232 3243 decima
1258 3171 1484 3261 manipularis
1512 3193 1575 3262 pro
1603 3172 1748 3242 ecclesia
1775 3174 1810 3242 in

258 3291 452 3382 Kozlow,
479 3296 515 3364 et
539 3292 639 3366 valor
665 3284 739 3366 eius
766 3290 923 3364 adduas
950 3314 1087 3365 marcas
1114 3295 1327 3365 aestimatur.
1541 3292 1545 3301 ’

911 3414 1164 3486 Msrnuczou'.

360 3534 464 3625 Villa,
481 3536 613 3608 habens
632 3535 668 3609 in
687 3555 724 3607 se
743 3536 922 3607 ecclesiam
941 3536 1175 3625 parochialem
1194 3541 1376 3625 muratam,
1396 3535 1439 3606 ad
1457 3536 1623 3607 honorem
1644 3536 1809 3628 Assump-

256 3655 361 3727 tionis
397 3654 527 3727 Beatae
553 3654 710 3747 Virginis
737 3656 872 3728 Mariae
899 3663 934 3727 et
961 3655 1078 3728 Sancti
1104 3655 1287 3727 Michaelis
1314 3657 1479 3746 dicatam,
1507 3657 1604 3727 cuius
1631 3657 1699 3729 duo
1726 3666 1807 3730 sunt

257 3776 396 3866 plebani
423 3783 459 3848 ct
485 3777 574 3848 duae
600 3761 791 3867 plebaniae,
819 3798 888 3848 una
915 3776 1122 3849 scholastria
1149 3783 1184 3849 et
1211 3777 1300 3848 duae
1318 3778 1545 3868 praebendae.
1573 3778 1705 3849 Haeros
1724 3802 1806 3850 voro

257 3897 359 3968 villae
395 3897 587 3969 Stanislaus
613 3897 753 3970 Plana
779 3898 822 3969 de
849 3899 954 3969 armis
981 3899 1309 3989 Bippcunium,
1336 3899 1372 3968 in
1400 3921 1468 3989 qua
1494 3900 1585 3971 sunt
1602 3901 1692 3970 lanei
1720 3923 1808 3971 cme-

257 4019 434 4109 thonaleS,
460 4019 503 4089 de
529 4040 676 4109 quorum
711 4020 825 4091 media
858 4026 958 4109 parte
986 4019 1118 4090 decima
1145 4020 1369 4110 manipularis
1397 4027 1433 4090 et
1460 4020 1634 4110 canapalis
1662 4022 1810 4092 solvitur

256 4145 292 4209 et
318 4139 524 4212 conducitur
549 4140 610 4212 uni
635 4141 781 4230 plebano
809 4147 845 4211 et
871 4141 1035 4212 ecclesiae
1063 4141 1099 4211 in
1126 4140 1425 4230 Msthyczow,
1452 4141 1548 4211 cuius
1576 4141 1675 4212 valor
1701 4144 1806 4214 aesti-

256 4264 372 4331 matur
398 4260 441 4331 ad
470 4260 701 4351 quadraginta
725 4280 869 4332 marcas.
896 4261 949 4332 De
976 4261 1087 4332 altera
1114 4267 1228 4333 autem
1256 4262 1442 4332 medietate
1460 4261 1638 4333 laneorum
1658 4265 1809 4334 cmetho-
1926 4342 1928 4346 ¹

257 4381 386 4451 palium
422 4380 571 4479 solvitur
605 4382 738 4453 decima
773 4382 875 4454 alteri
906 4382 1055 4473 plebano
1082 4383 1235 4454 ciusdem
1263 4382 1427 4454 ecclesiae
1454 4383 1489 4452 in
1516 4372 1639 4454 Msth
1650 4406 1809 4475 pronora,

256 4500 354 4572 cuius
381 4502 479 4574 valor
505 4500 550 4583 'ad
577 4502 809 4593 quadraginta
834 4523 988 4594 marcas3
1015 4502 1103 4574 item¹
1127 4510 1209 4575 sunt
1235 4505 1285 4575 ibi
1312 4504 1400 4577 duae
1426 4507 1603 4595 tabernae,
1630 4526 1699 4576 uuna
1725 4506 1808 4576 hae-

257 4620 367 4711 rediS,
395 4622 507 4694 altera
532 4623 636 4714 primi
667 4623 825 4713 plebani,
852 4644 940 4714 quae
967 4642 1031 4714 pro
1060 4644 1164 4696 censu
1192 4625 1297 4696 solvit
1323 4625 1585 4714 praebendariis
1612 4631 1648 4696 ct
1675 4625 1808 4696 schola-

256 4741 364 4814 striae
399 4763 503 4815 uuam
536 4736 826 4835 sexagensima
861 4747 980 4817 ambae
1015 4747 1147 4817 habent
1184 4758 1298 4835 agros·
1323 4746 1508 4838 speciales,
1536 4732 1623 4836 puae
1651 4747 1811 4816 similiter

256 4863 429 4936 decimant
455 4865 611 4955 plebanis
638 4867 709 4938 suis
737 4867 936 4937 alternatim
964 4888 1040 4938 cum
1068 4862 1316 4939 cmethonibns.
1357 4867 1445 4938 Item
1473 4867 1652 4958 praedium
1681 4872 1735 4938 est
1762 4868 1810 4938 ibi
1885 4870 1888 4880 '

256 4944 403 5057 unicust
420 4987 581 5078 militare,
609 4987 651 5059 de
680 5009 746 5078 quo
775 4987 907 5058 decima
934 4989 1080 5059 solvitur
1098 4988 1265 5059 ambobus
1283 4988 1459 5079 plebanis3
1486 4990 1570 5060 item
1588 4989 1720 5061 habent
1738 4989 1810 5079 ple-

257 5106 340 5187 bani
367 5107 495 5179 ibidem
523 5128 626 5199 agros
654 5109 824 5199 proprios,
852 5131 940 5180 unus
967 5110 1117 5179 medium
1145 5108 1292 5180 alterum
1319 5109 1467 5200 laneum,
1494 5110 1583 5182 alter
1609 5108 1696 5213 duos
1723 5111 1812 5181 intc-

256 5248 348 5318 groS,
366 5234 402 5299 et
428 5235 530 5318 prata
555 5250 660 5318 penes
687 5229 824 5301 eosdem
853 5250 956 5319 agros
983 5230 1114 5302 habent
1140 5251 1203 5320 pro
1231 5252 1293 5302 suo
1313 5253 1385 5315 usu
1413 5237 1448 5302 et
1475 5231 1692 5302 necessitate.

361 5346 661 5441 Gnnwruuczrn,
688 5351 771 5421 villa
799 5352 862 5421 sub
880 5351 1046 5440 parochia
1064 5351 1229 5422 ecclesiae
1248 5351 1290 5423 de
1308 5352 1428 5422 Msth
1438 5374 1589 5443 yczow
1615 5355 1691 5442 sita,
1711 5354 1808 5426 cuius

256 5468 424 5541 haeredes
451 5470 528 5560 duo,
555 5472 686 5543 scilicet
714 5471 877 5541 Nicolaus
903 5471 1227 5562 Dambyczsky
1249 5473 1291 5542 de
1320 5473 1424 5543 armis
1452 5470 1581 5543 Grifl
1588 5494 1717 5543 onum
1744 5494 1808 5563 pro

257 5610 324 5661 uua
349 5592 555 5679 medietate,
582 5613 646 5684 pro
684 5593 796 5663 altera
822 5612 905 5663 voro
933 5591 1103 5682 Sbigneus
1131 5591 1173 5664 de
1201 5594 1306 5663 armis
1334 5593 1651 5684 Accipitrum,
1678 5595 1713 5663 iu
1742 5616 1809 5683 qua

258 5716 338 5783 sunt·
363 5712 455 5782 lanei
482 5714 724 5804 cmethonaleS,
752 5713 795 5785 de
822 5714 946 5804 quibus
973 5720 1009 5785 et
1035 5713 1078 5784 de
1105 5714 1247 5804 praedio
1274 5736 1352 5805 urio,
1381 5715 1474 5806 quod
1493 5722 1547 5786 est
1565 5715 1809 5804 Dambycz-

258 5832 355 5925 sky,
383 5832 529 5905 solvitur
565 5833 696 5906 decima
731 5837 957 5925 manipularis
993 5835 1054 5906 uni
1089 5835 1254 5925 plebano,
1282 5836 1378 5907 cuius
1406 5834 1504 5907 valor
1530 5836 1736 5906 aestimatur
1763 5835 1807 5905 ad

258 5955 449 6043 quindecim
485 5974 630 6026 marcas.
669 5955 758 6027 Item
794 5955 836 6026 dc
873 5957 941 6028 alio
978 5956 1121 6047 praedio
1158 5956 1249 6046 quod
1277 5955 1499 6045 cstSbiguei
1526 5955 1630 6026 etde
1659 5956 1809 6046 quinque

257 6074 362 6147 laneis
398 6075 672 6148 cmethonalibus
708 6075 841 6147 decima
876 6077 1102 6168 manipularis
1130 6078 1278 6149 solvitur
1304 6077 1363 6147 uni
1390 6074 1662 6168 praebendario,
1689 6076 1726 6149 id
1753 6084 1807 6148 est

258 6196 463 6269 scholastico
489 6197 619 6270 ibidem
646 6198 682 6268 in
709 6196 1004 6289 Msthyczow,
1032 6199 1128 6269 cuius
1158 6199 1255 6268 valor
1281 6198 1325 6267 ad
1352 6203 1425 6268 tres
1451 6190 1596 6269 marcas.
1692 6192 1698 6202 “

272 6394 275 6399 ,
359 6316 604 6409 Ossowrncn,
631 6319 716 6390 villa
743 6320 806 6390 suh
833 6320 999 6408 parochia
1026 6318 1068 6388 de
1096 6318 1376 6409 Msthycnou
1403 6319 1487 6408 sita,
1516 6321 1612 6391 cuius
1639 6319 1806 6391 haeredes

258 6437 367 6511 Lucas
394 6444 431 6511 et
457 6439 627 6529 Sbigneus
655 6440 698 6511 de
725 6440 830 6510 armis
858 6438 1048 6528 Zadora,
1076 6440 1110 6508 in
1138 6458 1206 6529 qua
1233 6446 1313 6511 sunt
1338 6440 1430 6511 lanei
1458 6440 1702 6539 cmethonales,
1720 6440 1804 6511 item
1890 6470 1894 6477 ·

257 6582 358 6633 uuum
385 6534 575 6653 praedIum,
602 6560 646 6632 de
674 6561 798 6653 quibus
825 6561 984 6635 omnibus
1010 6560 1158 6632 solvitur
1181 6560 1313 6633 decima
1332 6561 1557 6653 manipularis
1576 6540 1806 6701 ebbanaan

358 6694 558 6773 camenam.
988 6698 1016 6747 i·
1106 6757 1110 6769 ,
1437 6766 1440 6771 ,
1498 6708 1508 6737 -·-
1559 6732 1563 6739 .
1603 6700 1641 6763 12
1671 6726 1711 6791 ...ὦ
