<?xml version="1.0" encoding="UTF-8"?>
<!DOCTYPE html PUBLIC "-//W3C//DTD XHTML 1.0 Transitional//EN"
    "http://www.w3.org/TR/xhtml1/DTD/xhtml1-transitional.dtd">
<html xmlns="http://www.w3.org/1999/xhtml" xml:lang="en" lang="en">
 <head>
  <title>
</title>
<meta http-equiv="Content-Type" content="text/html;charset=utf-8" />
  <meta name='ocr-system' content='tesseract 3.04.00' />
  <meta name='ocr-capabilities' content='ocr_page ocr_carea ocr_par ocr_line ocrx_word'/>
</head>
<body>
  <div class='ocr_page' id='page_1' title='image "./joannisdugoszse01dugoog_0206.png"; bbox 0 0 4200 8342; ppageno 0'>
   <div class='ocr_carea' id='block_1_1' title="bbox 183 1605 329 1715">
    <p class='ocr_par' dir='ltr' id='par_1_1' title="bbox 183 1605 329 1715">
     <span class='ocr_line' id='line_1_1' title="bbox 183 1605 329 1715; baseline 0 -39"><span class='ocrx_word' id='word_1_1' title='bbox 183 1704 188 1715; x_wconf 19' lang='lat'><em>⁹</em></span> <span class='ocrx_word' id='word_1_2' title='bbox 258 1605 329 1676; x_wconf 83' lang='lat' dir='ltr'>rae</span> 
     </span>
    </p>
   </div>
   <div class='ocr_carea' id='block_1_2' title="bbox 255 1794 1801 2131">
    <p class='ocr_par' dir='ltr' id='par_1_2' title="bbox 255 1794 1801 2131">
     <span class='ocr_line' id='line_1_2' title="bbox 255 1794 1798 1909; baseline -0.01 -28"><span class='ocrx_word' id='word_1_3' title='bbox 255 1805 620 1902; x_wconf 86' lang='lat' dir='ltr'>p1·aelatapraebeuda</span> <span class='ocrx_word' id='word_1_4' title='bbox 638 1805 744 1875; x_wconf 90' lang='lat' dir='ltr'>hahet</span> <span class='ocrx_word' id='word_1_5' title='bbox 762 1807 912 1909; x_wconf 83' lang='lat' dir='ltr'>quatuor</span> <span class='ocrx_word' id='word_1_6' title='bbox 929 1821 1075 1889; x_wconf 79' lang='lat' dir='ltr'>maresa,</span> <span class='ocrx_word' id='word_1_7' title='bbox 1093 1820 1216 1870; x_wconf 85' lang='lat' dir='ltr'>census</span> <span class='ocrx_word' id='word_1_8' title='bbox 1235 1800 1270 1869; x_wconf 92' lang='lat' dir='ltr'>in</span> <span class='ocrx_word' id='word_1_9' title='bbox 1285 1797 1362 1889; x_wconf 87' lang='lat' dir='ltr'>Wy</span> <span class='ocrx_word' id='word_1_10' title='bbox 1374 1794 1526 1869; x_wconf 89' lang='lat' dir='ltr'>eliezk</span> <span class='ocrx_word' id='word_1_11' title='bbox 1537 1817 1576 1885; x_wconf 90' lang='lat' dir='ltr'>a,</span> <span class='ocrx_word' id='word_1_12' title='bbox 1595 1795 1680 1866; x_wconf 83' lang='lat' dir='ltr'>item</span> <span class='ocrx_word' id='word_1_13' title='bbox 1699 1795 1798 1866; x_wconf 89' lang='lat' dir='ltr'>habet</span> 
     </span>
     <span class='ocr_line' id='line_1_3' title="bbox 256 1916 1799 2013; baseline -0.01 -12"><span class='ocrx_word' id='word_1_14' title='bbox 256 1930 487 2001; x_wconf 81' lang='lat' dir='ltr'>molendinum</span> <span class='ocrx_word' id='word_1_15' title='bbox 522 1926 652 1997; x_wconf 88' lang='lat' dir='ltr'>hahens</span> <span class='ocrx_word' id='word_1_16' title='bbox 680 1945 783 2013; x_wconf 75' lang='lat' dir='ltr'>agros</span> <span class='ocrx_word' id='word_1_17' title='bbox 810 1929 848 1993; x_wconf 88' lang='lat' dir='ltr'>et</span> <span class='ocrx_word' id='word_1_18' title='bbox 874 1928 991 2011; x_wconf 86' lang='lat' dir='ltr'>prata,</span> <span class='ocrx_word' id='word_1_19' title='bbox 1028 1921 1071 1991; x_wconf 90' lang='lat' dir='ltr'>de</span> <span class='ocrx_word' id='word_1_20' title='bbox 1098 1941 1165 2011; x_wconf 91' lang='lat' dir='ltr'>que</span> <span class='ocrx_word' id='word_1_21' title='bbox 1193 1972 1307 1989; x_wconf 91' lang='grc'><strong>.....</strong></span> <span class='ocrx_word' id='word_1_22' title='bbox 1346 1917 1435 1991; x_wconf 87' lang='lat' dir='ltr'>Item</span> <span class='ocrx_word' id='word_1_23' title='bbox 1469 1918 1577 1989; x_wconf 90' lang='lat' dir='ltr'>habet</span> <span class='ocrx_word' id='word_1_24' title='bbox 1611 1916 1799 2007; x_wconf 87' lang='lat' dir='ltr'>pomerium</span> 
     </span>
     <span class='ocr_line' id='line_1_4' title="bbox 255 2032 1801 2131; baseline -0.009 -10"><span class='ocrx_word' id='word_1_25' title='bbox 255 2054 380 2121; x_wconf 91' lang='lat' dir='ltr'>bomuu</span> <span class='ocrx_word' id='word_1_26' title='bbox 399 2032 444 2118; x_wconf 67' lang='lat' dir='ltr'>&#39;et</span> <span class='ocrx_word' id='word_1_27' title='bbox 471 2049 618 2118; x_wconf 90' lang='lat' dir='ltr'>hortum.</span> <span class='ocrx_word' id='word_1_28' title='bbox 663 2045 817 2116; x_wconf 81' lang='lat' dir='ltr'>Tenetur</span> <span class='ocrx_word' id='word_1_29' title='bbox 844 2048 960 2114; x_wconf 89' lang='lat' dir='ltr'>autem</span> <span class='ocrx_word' id='word_1_30' title='bbox 987 2043 1101 2113; x_wconf 86' lang='lat' dir='ltr'>dietus</span> <span class='ocrx_word' id='word_1_31' title='bbox 1127 2038 1400 2131; x_wconf 78' lang='lat' dir='ltr'>praebendarius</span> <span class='ocrx_word' id='word_1_32' title='bbox 1427 2037 1573 2129; x_wconf 85' lang='lat' dir='ltr'>siugulis</span> <span class='ocrx_word' id='word_1_33' title='bbox 1601 2034 1801 2127; x_wconf 90' lang='lat' dir='ltr'>septimanis</span> 
     </span>
    </p>
   </div>
   <div class='ocr_carea' id='block_1_3' title="bbox 255 2165 1108 2352">
    <p class='ocr_par' dir='ltr' id='par_1_3' title="bbox 255 2165 1108 2352">
     <span class='ocr_line' id='line_1_5' title="bbox 255 2165 641 2259; baseline -0.021 -18"><span class='ocrx_word' id='word_1_34' title='bbox 255 2173 369 2259; x_wconf 86' lang='lat' dir='ltr'>legere</span> <span class='ocrx_word' id='word_1_35' title='bbox 396 2168 482 2237; x_wconf 91' lang='lat' dir='ltr'>duas</span> <span class='ocrx_word' id='word_1_36' title='bbox 508 2165 641 2235; x_wconf 88' lang='lat' dir='ltr'>missas.</span> 
     </span>
     <span class='ocr_line' id='line_1_6' title="bbox 939 2264 1108 2352; baseline -0.006 -1"><span class='ocrx_word' id='word_1_37' title='bbox 939 2264 1108 2352; x_wconf 75' lang='lat' dir='ltr'>ernirrr.</span> 
     </span>
    </p>
   </div>
   <div class='ocr_carea' id='block_1_4' title="bbox 256 2400 1808 3355">
    <p class='ocr_par' dir='ltr' id='par_1_4' title="bbox 256 2400 1808 3355">
     <span class='ocr_line' id='line_1_7' title="bbox 362 2400 1804 2491; baseline -0.004 -14"><span class='ocrx_word' id='word_1_38' title='bbox 362 2408 456 2477; x_wconf 77' lang='lat' dir='ltr'>vina</span> <span class='ocrx_word' id='word_1_39' title='bbox 481 2407 613 2477; x_wconf 86' lang='lat' dir='ltr'>hahens</span> <span class='ocrx_word' id='word_1_40' title='bbox 650 2405 687 2474; x_wconf 91' lang='lat' dir='ltr'>in</span> <span class='ocrx_word' id='word_1_41' title='bbox 723 2424 760 2473; x_wconf 89' lang='lat' dir='ltr'>se</span> <span class='ocrx_word' id='word_1_42' title='bbox 795 2402 1029 2491; x_wconf 70' lang='lat' dir='ltr'>parochialem</span> <span class='ocrx_word' id='word_1_43' title='bbox 1065 2400 1246 2473; x_wconf 87' lang='lat' dir='ltr'>ecclesiam</span> <span class='ocrx_word' id='word_1_44' title='bbox 1281 2400 1448 2490; x_wconf 78' lang='lat' dir='ltr'>ligneam,</span> <span class='ocrx_word' id='word_1_45' title='bbox 1484 2401 1612 2474; x_wconf 87' lang='lat' dir='ltr'>Sancte</span> <span class='ocrx_word' id='word_1_46' title='bbox 1648 2400 1804 2472; x_wconf 83' lang='lat' dir='ltr'>Martiae</span> 
     </span>
     <span class='ocr_line' id='line_1_8' title="bbox 256 2504 1807 2616; baseline -0.005 -17"><span class='ocrx_word' id='word_1_47' title='bbox 256 2533 422 2616; x_wconf 85' lang='lat' dir='ltr'>dicatam,</span> <span class='ocrx_word' id='word_1_48' title='bbox 451 2527 547 2597; x_wconf 89' lang='lat' dir='ltr'>cuius</span> <span class='ocrx_word' id='word_1_49' title='bbox 573 2525 771 2614; x_wconf 82' lang='lat' dir='ltr'>proprietas</span> <span class='ocrx_word' id='word_1_50' title='bbox 798 2524 841 2593; x_wconf 91' lang='lat' dir='ltr'>ad</span> <span class='ocrx_word' id='word_1_51' title='bbox 860 2521 1116 2593; x_wconf 90' lang='lat' dir='ltr'>serenissimum</span> <span class='ocrx_word' id='word_1_52' title='bbox 1143 2520 1308 2593; x_wconf 92' lang='lat' dir='ltr'>Peloniae</span> <span class='ocrx_word' id='word_1_53' title='bbox 1335 2504 1451 2612; x_wconf 84' lang='lat' dir='ltr'>regem</span> <span class='ocrx_word' id='word_1_54' title='bbox 1477 2523 1639 2613; x_wconf 87' lang='lat' dir='ltr'>pertinet.</span> <span class='ocrx_word' id='word_1_55' title='bbox 1680 2520 1719 2591; x_wconf 92' lang='lat' dir='ltr'>In</span> <span class='ocrx_word' id='word_1_56' title='bbox 1738 2541 1807 2611; x_wconf 91' lang='lat' dir='ltr'>qua</span> 
     </span>
     <span class='ocr_line' id='line_1_9' title="bbox 257 2642 1806 2738; baseline -0.006 -18"><span class='ocrx_word' id='word_1_57' title='bbox 257 2656 337 2720; x_wconf 83' lang='lat' dir='ltr'>srurt</span> <span class='ocrx_word' id='word_1_58' title='bbox 365 2646 615 2738; x_wconf 72' lang='lat' dir='ltr'>quinquaginta</span> <span class='ocrx_word' id='word_1_59' title='bbox 642 2651 773 2734; x_wconf 85' lang='lat' dir='ltr'>septem</span> <span class='ocrx_word' id='word_1_60' title='bbox 800 2643 1013 2732; x_wconf 87' lang='lat' dir='ltr'>eruet-hones,</span> <span class='ocrx_word' id='word_1_61' title='bbox 1040 2642 1208 2714; x_wconf 87' lang='lat' dir='ltr'>habentes</span> <span class='ocrx_word' id='word_1_62' title='bbox 1235 2664 1363 2733; x_wconf 90' lang='lat' dir='ltr'>parvas</span> <span class='ocrx_word' id='word_1_63' title='bbox 1391 2643 1605 2734; x_wconf 87' lang='lat' dir='ltr'>quantitates</span> <span class='ocrx_word' id='word_1_64' title='bbox 1631 2662 1806 2732; x_wconf 83' lang='lat' dir='ltr'>agrorum,</span> 
     </span>
     <span class='ocr_line' id='line_1_10' title="bbox 257 2762 1808 2860; baseline -0.004 -21"><span class='ocrx_word' id='word_1_65' title='bbox 257 2776 397 2860; x_wconf 86' lang='lat' dir='ltr'>practer</span> <span class='ocrx_word' id='word_1_66' title='bbox 425 2774 581 2857; x_wconf 86' lang='lat' dir='ltr'>quatuor,</span> <span class='ocrx_word' id='word_1_67' title='bbox 610 2766 668 2855; x_wconf 91' lang='lat' dir='ltr'>qui</span> <span class='ocrx_word' id='word_1_68' title='bbox 686 2765 816 2836; x_wconf 88' lang='lat' dir='ltr'>habeut</span> <span class='ocrx_word' id='word_1_69' title='bbox 835 2769 984 2854; x_wconf 88' lang='lat' dir='ltr'>quatuor</span> <span class='ocrx_word' id='word_1_70' title='bbox 1011 2763 1140 2853; x_wconf 77' lang='lat' dir='ltr'>laneoS,</span> <span class='ocrx_word' id='word_1_71' title='bbox 1167 2765 1296 2835; x_wconf 86' lang='lat' dir='ltr'>caeteri</span> <span class='ocrx_word' id='word_1_72' title='bbox 1325 2765 1439 2855; x_wconf 85' lang='lat' dir='ltr'>virgas</span> <span class='ocrx_word' id='word_1_73' title='bbox 1461 2768 1501 2835; x_wconf 90' lang='lat' dir='ltr'>et</span> <span class='ocrx_word' id='word_1_74' title='bbox 1520 2768 1675 2855; x_wconf 83' lang='lat' dir='ltr'>quartas</span> <span class='ocrx_word' id='word_1_75' title='bbox 1719 2762 1808 2833; x_wconf 89' lang='lat' dir='ltr'>Item</span> 
     </span>
     <span class='ocr_line' id='line_1_11' title="bbox 258 2883 1808 2975; baseline -0.003 -15"><span class='ocrx_word' id='word_1_76' title='bbox 258 2898 310 2961; x_wconf 84' lang='lat' dir='ltr'>est</span> <span class='ocrx_word' id='word_1_77' title='bbox 338 2892 371 2959; x_wconf 92' lang='lat' dir='ltr'>iu</span> <span class='ocrx_word' id='word_1_78' title='bbox 392 2889 510 2959; x_wconf 87' lang='lat' dir='ltr'>endem</span> <span class='ocrx_word' id='word_1_79' title='bbox 538 2887 620 2958; x_wconf 89' lang='lat' dir='ltr'>villa</span> <span class='ocrx_word' id='word_1_80' title='bbox 638 2886 813 2975; x_wconf 83' lang='lat' dir='ltr'>scell-etia,</span> <span class='ocrx_word' id='word_1_81' title='bbox 840 2885 972 2955; x_wconf 90' lang='lat' dir='ltr'>habens</span> <span class='ocrx_word' id='word_1_82' title='bbox 990 2883 1077 2955; x_wconf 90' lang='lat' dir='ltr'>dues</span> <span class='ocrx_word' id='word_1_83' title='bbox 1095 2884 1234 2975; x_wconf 76' lang='lat' dir='ltr'>laueeS,</span> <span class='ocrx_word' id='word_1_84' title='bbox 1261 2885 1344 2958; x_wconf 87' lang='lat' dir='ltr'>item</span> <span class='ocrx_word' id='word_1_85' title='bbox 1363 2885 1561 2958; x_wconf 85' lang='lat' dir='ltr'>hortulania</span> <span class='ocrx_word' id='word_1_86' title='bbox 1587 2905 1659 2954; x_wconf 91' lang='lat' dir='ltr'>uua</span> <span class='ocrx_word' id='word_1_87' title='bbox 1676 2885 1808 2956; x_wconf 88' lang='lat' dir='ltr'>habens</span> 
     </span>
     <span class='ocr_line' id='line_1_12' title="bbox 257 3003 1808 3099; baseline -0.003 -20"><span class='ocrx_word' id='word_1_88' title='bbox 257 3033 378 3099; x_wconf 75' lang='lat' dir='ltr'>agree,</span> <span class='ocrx_word' id='word_1_89' title='bbox 406 3009 591 3098; x_wconf 90' lang='lat' dir='ltr'>dequibus</span> <span class='ocrx_word' id='word_1_90' title='bbox 618 3007 775 3079; x_wconf 87' lang='lat' dir='ltr'>omuibus</span> <span class='ocrx_word' id='word_1_91' title='bbox 803 3005 950 3076; x_wconf 86' lang='lat' dir='ltr'>solvitur</span> <span class='ocrx_word' id='word_1_92' title='bbox 968 3003 1101 3076; x_wconf 85' lang='lat' dir='ltr'>decima</span> <span class='ocrx_word' id='word_1_93' title='bbox 1118 3005 1309 3096; x_wconf 88' lang='lat' dir='ltr'>pecunialis</span> <span class='ocrx_word' id='word_1_94' title='bbox 1337 3005 1557 3096; x_wconf 88' lang='lat' dir='ltr'>episcopatui·</span> <span class='ocrx_word' id='word_1_95' title='bbox 1575 3004 1808 3095; x_wconf 84' lang='lat' dir='ltr'>Craeeviensi,</span> 
     </span>
     <span class='ocr_line' id='line_1_13' title="bbox 256 3125 1807 3219; baseline -0.004 -18"><span class='ocrx_word' id='word_1_96' title='bbox 256 3133 298 3201; x_wconf 91' lang='lat' dir='ltr'>de</span> <span class='ocrx_word' id='word_1_97' title='bbox 327 3129 481 3219; x_wconf 85' lang='lat' dir='ltr'>quelibet</span> <span class='ocrx_word' id='word_1_98' title='bbox 507 3128 607 3198; x_wconf 89' lang='lat' dir='ltr'>laneo</span> <span class='ocrx_word' id='word_1_99' title='bbox 633 3148 698 3217; x_wconf 90' lang='lat' dir='ltr'>per</span> <span class='ocrx_word' id='word_1_100' title='bbox 720 3125 889 3199; x_wconf 80' lang='lat' dir='ltr'>fertonem</span> <span class='ocrx_word' id='word_1_101' title='bbox 916 3125 1066 3197; x_wconf 90' lang='lat' dir='ltr'>laterum</span> <span class='ocrx_word' id='word_1_102' title='bbox 1093 3146 1303 3215; x_wconf 84' lang='lat' dir='ltr'>grossorum.</span> <span class='ocrx_word' id='word_1_103' title='bbox 1343 3126 1431 3197; x_wconf 91' lang='lat' dir='ltr'>Item</span> <span class='ocrx_word' id='word_1_104' title='bbox 1458 3126 1626 3216; x_wconf 90' lang='lat' dir='ltr'>plebanus</span> <span class='ocrx_word' id='word_1_105' title='bbox 1653 3125 1807 3198; x_wconf 90' lang='lat' dir='ltr'>eiusdem</span> 
     </span>
     <span class='ocr_line' id='line_1_14' title="bbox 256 3243 1807 3355; baseline -0.005 -34"><span class='ocrx_word' id='word_1_106' title='bbox 256 3251 419 3321; x_wconf 87' lang='lat' dir='ltr'>eeclesiae</span> <span class='ocrx_word' id='word_1_107' title='bbox 455 3249 562 3321; x_wconf 88' lang='lat' dir='ltr'>habet</span> <span class='ocrx_word' id='word_1_108' title='bbox 597 3247 639 3319; x_wconf 80' lang='lat' dir='ltr'>clo</span> <span class='ocrx_word' id='word_1_109' title='bbox 668 3248 823 3337; x_wconf 88' lang='lat' dir='ltr'>quelibet</span> <span class='ocrx_word' id='word_1_110' title='bbox 857 3246 958 3319; x_wconf 88' lang='lat' dir='ltr'>laneo</span> <span class='ocrx_word' id='word_1_111' title='bbox 994 3246 1130 3318; x_wconf 89' lang='lat' dir='ltr'>ratione</span> <span class='ocrx_word' id='word_1_112' title='bbox 1166 3248 1356 3325; x_wconf 79' lang='lat' dir='ltr'>missalium</span> <span class='ocrx_word' id='word_1_113' title='bbox 1381 3246 1468 3355; x_wconf 88' lang='lat' dir='ltr'>alias</span> <span class='ocrx_word' id='word_1_114' title='bbox 1495 3243 1680 3335; x_wconf 73' lang='lat' dir='ltr'>caeruleae,</span> <span class='ocrx_word' id='word_1_115' title='bbox 1705 3266 1807 3321; x_wconf 85' lang='lat' dir='ltr'>unam</span> 
     </span>
    </p>
   </div>
   <div class='ocr_carea' id='block_1_5' title="bbox 160 3366 1808 3457">
    <p class='ocr_par' dir='ltr' id='par_1_5' title="bbox 160 3366 1808 3457">
     <span class='ocr_line' id='line_1_15' title="bbox 160 3366 1808 3457; baseline -0.002 -16"><span class='ocrx_word' id='word_1_116' title='bbox 160 3389 163 3393; x_wconf 74' lang='grc'>’</span> <span class='ocrx_word' id='word_1_117' title='bbox 258 3392 450 3441; x_wconf 85' lang='lat' dir='ltr'>rnonsuram</span> <span class='ocrx_word' id='word_1_118' title='bbox 487 3368 635 3457; x_wconf 86' lang='lat' dir='ltr'>siliginis</span> <span class='ocrx_word' id='word_1_119' title='bbox 670 3374 706 3438; x_wconf 91' lang='lat' dir='ltr'>et</span> <span class='ocrx_word' id='word_1_120' title='bbox 733 3368 877 3438; x_wconf 87' lang='lat' dir='ltr'>alteram</span> <span class='ocrx_word' id='word_1_121' title='bbox 913 3388 1043 3439; x_wconf 86' lang='lat' dir='ltr'>averrae</span> <span class='ocrx_word' id='word_1_122' title='bbox 1079 3388 1261 3440; x_wconf 87' lang='lat' dir='ltr'>mensurae</span> <span class='ocrx_word' id='word_1_123' title='bbox 1298 3368 1430 3457; x_wconf 88' lang='lat' dir='ltr'>planae.</span> <span class='ocrx_word' id='word_1_124' title='bbox 1474 3368 1562 3438; x_wconf 91' lang='lat' dir='ltr'>Item</span> <span class='ocrx_word' id='word_1_125' title='bbox 1580 3366 1748 3443; x_wconf 78' lang='lat' dir='ltr'>,eeclesia</span> <span class='ocrx_word' id='word_1_126' title='bbox 1773 3372 1808 3438; x_wconf 91' lang='lat' dir='ltr'>et</span> 
     </span>
    </p>
   </div>
   <div class='ocr_carea' id='block_1_6' title="bbox 250 3486 1889 6607">
    <p class='ocr_par' dir='ltr' id='par_1_6' title="bbox 258 3486 1694 3699">
     <span class='ocr_line' id='line_1_16' title="bbox 258 3486 1694 3582; baseline -0.001 -23"><span class='ocrx_word' id='word_1_127' title='bbox 258 3493 425 3582; x_wconf 86' lang='lat' dir='ltr'>plebanus</span> <span class='ocrx_word' id='word_1_128' title='bbox 454 3486 607 3560; x_wconf 89' lang='lat' dir='ltr'>eiusdem</span> <span class='ocrx_word' id='word_1_129' title='bbox 634 3487 737 3560; x_wconf 87' lang='lat' dir='ltr'>villae</span> <span class='ocrx_word' id='word_1_130' title='bbox 763 3489 871 3561; x_wconf 88' lang='lat' dir='ltr'>hahet</span> <span class='ocrx_word' id='word_1_131' title='bbox 897 3509 999 3578; x_wconf 84' lang='lat' dir='ltr'>agros</span> <span class='ocrx_word' id='word_1_132' title='bbox 1026 3493 1063 3560; x_wconf 96' lang='lat' dir='ltr'>et</span> <span class='ocrx_word' id='word_1_133' title='bbox 1089 3494 1199 3579; x_wconf 89' lang='lat' dir='ltr'>prata,</span> <span class='ocrx_word' id='word_1_134' title='bbox 1225 3510 1289 3579; x_wconf 93' lang='lat' dir='ltr'>pre</span> <span class='ocrx_word' id='word_1_135' title='bbox 1317 3510 1379 3560; x_wconf 92' lang='lat' dir='ltr'>sue</span> <span class='ocrx_word' id='word_1_136' title='bbox 1406 3488 1548 3578; x_wconf 90' lang='lat' dir='ltr'>praedio</span> <span class='ocrx_word' id='word_1_137' title='bbox 1658 3542 1694 3559; x_wconf 93' lang='lat'>..</span> 
     </span>
     <span class='ocr_line' id='line_1_17' title="bbox 895 3607 1376 3699; baseline 0 -21"><span class='ocrx_word' id='word_1_138' title='bbox 895 3607 1180 3699; x_wconf 80' lang='lat' dir='ltr'>Tuzamascunn.</span> <span class='ocrx_word' id='word_1_139' title='bbox 1374 3682 1376 3687; x_wconf 74' lang='grc'>,</span> 
     </span>
    </p>

    <p class='ocr_par' dir='ltr' id='par_1_7' title="bbox 351 3712 1808 3821">
     <span class='ocr_line' id='line_1_18' title="bbox 351 3712 1808 3821; baseline -0.001 -18"><span class='ocrx_word' id='word_1_140' title='bbox 351 3730 456 3803; x_wconf 86' lang='lat' dir='ltr'>.Villa</span> <span class='ocrx_word' id='word_1_141' title='bbox 481 3731 613 3801; x_wconf 90' lang='lat' dir='ltr'>habens</span> <span class='ocrx_word' id='word_1_142' title='bbox 640 3712 732 3800; x_wconf 85' lang='lat' dir='ltr'>inse</span> <span class='ocrx_word' id='word_1_143' title='bbox 758 3729 990 3819; x_wconf 85' lang='lat' dir='ltr'>parochialem</span> <span class='ocrx_word' id='word_1_144' title='bbox 1016 3729 1197 3802; x_wconf 85' lang='lat' dir='ltr'>ecelesiam</span> <span class='ocrx_word' id='word_1_145' title='bbox 1223 3731 1390 3821; x_wconf 84' lang='lat' dir='ltr'>ligneam,</span> <span class='ocrx_word' id='word_1_146' title='bbox 1418 3729 1544 3803; x_wconf 86' lang='lat' dir='ltr'>Sancto</span> <span class='ocrx_word' id='word_1_147' title='bbox 1572 3784 1690 3801; x_wconf 90' lang='grc'><strong>.....</strong></span> <span class='ocrx_word' id='word_1_148' title='bbox 1718 3731 1808 3802; x_wconf 87' lang='lat' dir='ltr'>dica·</span> 
     </span>
    </p>

    <p class='ocr_par' dir='ltr' id='par_1_8' title="bbox 258 3842 1388 4062">
     <span class='ocr_line' id='line_1_19' title="bbox 258 3842 1388 3947; baseline -0.004 -25"><span class='ocrx_word' id='word_1_149' title='bbox 258 3860 347 3947; x_wconf 76' lang='lat' dir='ltr'>taem,</span> <span class='ocrx_word' id='word_1_150' title='bbox 375 3852 471 3922; x_wconf 88' lang='lat' dir='ltr'>euius</span> <span class='ocrx_word' id='word_1_151' title='bbox 498 3850 622 3922; x_wconf 86' lang='lat' dir='ltr'>haeres</span> <span class='ocrx_word' id='word_1_152' title='bbox 651 3904 790 3921; x_wconf 91' lang='grc'><strong>......</strong></span> <span class='ocrx_word' id='word_1_153' title='bbox 962 3842 966 3847; x_wconf 76' lang='grc'><strong>’</strong></span> <span class='ocrx_word' id='word_1_154' title='bbox 1383 3860 1388 3870; x_wconf 91' lang='grc'>·</span> 
     </span>
     <span class='ocr_line' id='line_1_20' title="bbox 638 3962 1294 4062; baseline -0.011 -16"><span class='ocrx_word' id='word_1_155' title='bbox 638 3962 642 3973; x_wconf 76' lang='grc'><strong>’</strong></span> <span class='ocrx_word' id='word_1_156' title='bbox 944 3972 1125 4062; x_wconf 74' lang='lat' dir='ltr'>anuuru.</span> <span class='ocrx_word' id='word_1_157' title='bbox 1292 4050 1294 4055; x_wconf 45' lang='grc'>,</span> 
     </span>
    </p>

    <p class='ocr_par' dir='ltr' id='par_1_9' title="bbox 250 4092 1813 5397">
     <span class='ocr_line' id='line_1_21' title="bbox 361 4092 1811 4183; baseline 0.002 -21"><span class='ocrx_word' id='word_1_158' title='bbox 361 4093 456 4164; x_wconf 89' lang='lat' dir='ltr'>Villa</span> <span class='ocrx_word' id='word_1_159' title='bbox 482 4092 615 4165; x_wconf 90' lang='lat' dir='ltr'>habens</span> <span class='ocrx_word' id='word_1_160' title='bbox 641 4092 822 4166; x_wconf 88' lang='lat' dir='ltr'>ecelesiam</span> <span class='ocrx_word' id='word_1_161' title='bbox 848 4092 1083 4183; x_wconf 85' lang='lat' dir='ltr'>parochialem</span> <span class='ocrx_word' id='word_1_162' title='bbox 1109 4093 1258 4183; x_wconf 85' lang='lat' dir='ltr'>ligneam</span> <span class='ocrx_word' id='word_1_163' title='bbox 1285 4095 1321 4166; x_wconf 91' lang='lat' dir='ltr'>iu</span> <span class='ocrx_word' id='word_1_164' title='bbox 1348 4114 1385 4165; x_wconf 89' lang='lat' dir='ltr'>se</span> <span class='ocrx_word' id='word_1_165' title='bbox 1413 4093 1517 4167; x_wconf 83' lang='lat' dir='ltr'>Sanct</span> <span class='ocrx_word' id='word_1_166' title='bbox 1544 4094 1811 4183; x_wconf 89' lang='lat' dir='ltr'>....dieatam,</span> 
     </span>
     <span class='ocr_line' id='line_1_22' title="bbox 258 4213 1813 4305; baseline 0.001 -20"><span class='ocrx_word' id='word_1_167' title='bbox 258 4216 354 4286; x_wconf 81' lang='lat' dir='ltr'>errius</span> <span class='ocrx_word' id='word_1_168' title='bbox 389 4215 583 4305; x_wconf 87' lang='lat' dir='ltr'>proprietas</span> <span class='ocrx_word' id='word_1_169' title='bbox 611 4215 764 4303; x_wconf 90' lang='lat' dir='ltr'>pertinet</span> <span class='ocrx_word' id='word_1_170' title='bbox 790 4213 834 4285; x_wconf 93' lang='lat' dir='ltr'>ad</span> <span class='ocrx_word' id='word_1_171' title='bbox 861 4214 1071 4286; x_wconf 84' lang='lat' dir='ltr'>Stanislaum</span> <span class='ocrx_word' id='word_1_172' title='bbox 1108 4220 1143 4286; x_wconf 88' lang='lat' dir='ltr'>et</span> <span class='ocrx_word' id='word_1_173' title='bbox 1168 4213 1361 4287; x_wconf 90' lang='lat' dir='ltr'>Jehauuem</span> <span class='ocrx_word' id='word_1_174' title='bbox 1387 4235 1590 4305; x_wconf 87' lang='lat' dir='ltr'>germanos,</span> <span class='ocrx_word' id='word_1_175' title='bbox 1616 4214 1813 4286; x_wconf 89' lang='lat' dir='ltr'>Marsal·</span> 
     </span>
     <span class='ocr_line' id='line_1_23' title="bbox 258 4334 1812 4425; baseline 0.002 -20"><span class='ocrx_word' id='word_1_176' title='bbox 258 4337 457 4406; x_wconf 73' lang='lat' dir='ltr'>heroicae</span> <span class='ocrx_word' id='word_1_177' title='bbox 486 4334 715 4424; x_wconf 82' lang='lat' dir='ltr'>vocatos,&#39;de</span> <span class='ocrx_word' id='word_1_178' title='bbox 733 4335 834 4406; x_wconf 94' lang='lat' dir='ltr'>deme</span> <span class='ocrx_word' id='word_1_179' title='bbox 862 4335 1048 4408; x_wconf 86' lang='lat' dir='ltr'>Zadera.</span> <span class='ocrx_word' id='word_1_180' title='bbox 1091 4335 1131 4406; x_wconf 91' lang='lat' dir='ltr'>In</span> <span class='ocrx_word' id='word_1_181' title='bbox 1150 4357 1219 4425; x_wconf 92' lang='lat' dir='ltr'>qua</span> <span class='ocrx_word' id='word_1_182' title='bbox 1245 4340 1326 4407; x_wconf 91' lang='lat' dir='ltr'>sunt</span> <span class='ocrx_word' id='word_1_183' title='bbox 1343 4335 1509 4407; x_wconf 83' lang='lat' dir='ltr'>tredecim</span> <span class='ocrx_word' id='word_1_184' title='bbox 1536 4336 1628 4411; x_wconf 91' lang='lat' dir='ltr'>lanei</span> <span class='ocrx_word' id='word_1_185' title='bbox 1656 4337 1812 4408; x_wconf 87' lang='lat' dir='ltr'>emethe-</span> 
     </span>
     <span class='ocr_line' id='line_1_24' title="bbox 259 4455 1812 4557; baseline 0.001 -33"><span class='ocrx_word' id='word_1_186' title='bbox 259 4456 372 4543; x_wconf 72' lang='lat' dir='ltr'>ualeS,</span> <span class='ocrx_word' id='word_1_187' title='bbox 400 4462 473 4525; x_wconf 89' lang='lat' dir='ltr'>tres</span> <span class='ocrx_word' id='word_1_188' title='bbox 501 4456 668 4526; x_wconf 90' lang='lat' dir='ltr'>tabernae</span> <span class='ocrx_word' id='word_1_189' title='bbox 694 4455 864 4526; x_wconf 89' lang='lat' dir='ltr'>hahentes</span> <span class='ocrx_word' id='word_1_190' title='bbox 890 4476 1019 4545; x_wconf 85' lang='lat' dir='ltr'>agros,</span> <span class='ocrx_word' id='word_1_191' title='bbox 1044 4456 1128 4527; x_wconf 90' lang='lat' dir='ltr'>item</span> <span class='ocrx_word' id='word_1_192' title='bbox 1156 4463 1228 4528; x_wconf 90' lang='lat' dir='ltr'>tres</span> <span class='ocrx_word' id='word_1_193' title='bbox 1254 4456 1473 4529; x_wconf 79' lang='lat' dir='ltr'>hortulo-niae</span> <span class='ocrx_word' id='word_1_194' title='bbox 1500 4457 1670 4528; x_wconf 87' lang='lat' dir='ltr'>habentes</span> <span class='ocrx_word' id='word_1_195' title='bbox 1696 4478 1812 4557; x_wconf 82' lang='lat' dir='ltr'>agros,</span> 
     </span>
     <span class='ocr_line' id='line_1_25' title="bbox 258 4574 1812 4668; baseline 0.001 -21"><span class='ocrx_word' id='word_1_196' title='bbox 258 4575 301 4647; x_wconf 91' lang='lat' dir='ltr'>de</span> <span class='ocrx_word' id='word_1_197' title='bbox 329 4576 453 4665; x_wconf 87' lang='lat' dir='ltr'>quibus</span> <span class='ocrx_word' id='word_1_198' title='bbox 480 4575 638 4646; x_wconf 90' lang='lat' dir='ltr'>omnibns</span> <span class='ocrx_word' id='word_1_199' title='bbox 674 4574 820 4647; x_wconf 88' lang='lat' dir='ltr'>solvitur</span> <span class='ocrx_word' id='word_1_200' title='bbox 855 4581 891 4647; x_wconf 91' lang='lat' dir='ltr'>et</span> <span class='ocrx_word' id='word_1_201' title='bbox 918 4576 1122 4648; x_wconf 85' lang='lat' dir='ltr'>conducitur</span> <span class='ocrx_word' id='word_1_202' title='bbox 1158 4576 1291 4648; x_wconf 87' lang='lat' dir='ltr'>decima</span> <span class='ocrx_word' id='word_1_203' title='bbox 1317 4576 1543 4668; x_wconf 87' lang='lat' dir='ltr'>manipularis</span> <span class='ocrx_word' id='word_1_204' title='bbox 1569 4584 1607 4648; x_wconf 90' lang='lat' dir='ltr'>et</span> <span class='ocrx_word' id='word_1_205' title='bbox 1634 4577 1812 4667; x_wconf 88' lang='lat' dir='ltr'>eanapalis</span> 
     </span>
     <span class='ocr_line' id='line_1_26' title="bbox 256 4695 1809 4797; baseline 0.002 -31"><span class='ocrx_word' id='word_1_206' title='bbox 256 4717 320 4784; x_wconf 95' lang='lat' dir='ltr'>pro</span> <span class='ocrx_word' id='word_1_207' title='bbox 338 4696 535 4785; x_wconf 88' lang='lat' dir='ltr'>praehenda</span> <span class='ocrx_word' id='word_1_208' title='bbox 552 4695 791 4784; x_wconf 85' lang='lat' dir='ltr'>Craeeviensi,</span> <span class='ocrx_word' id='word_1_209' title='bbox 819 4717 907 4785; x_wconf 90' lang='lat' dir='ltr'>quae</span> <span class='ocrx_word' id='word_1_210' title='bbox 926 4704 1070 4769; x_wconf 86' lang='lat' dir='ltr'>vocatur</span> <span class='ocrx_word' id='word_1_211' title='bbox 1096 4697 1411 4789; x_wconf 75' lang='lat' dir='ltr'>Wpauezkewska,</span> <span class='ocrx_word' id='word_1_212' title='bbox 1439 4705 1476 4797; x_wconf 83' lang='lat' dir='ltr'>et</span> <span class='ocrx_word' id='word_1_213' title='bbox 1492 4698 1591 4770; x_wconf 85' lang='lat' dir='ltr'>valor</span> <span class='ocrx_word' id='word_1_214' title='bbox 1609 4698 1809 4770; x_wconf 80' lang='lat' dir='ltr'>einsaesti·</span> 
     </span>
     <span class='ocr_line' id='line_1_27' title="bbox 250 4798 1813 4908; baseline 0.003 -22"><span class='ocrx_word' id='word_1_215' title='bbox 250 4798 372 4887; x_wconf 72' lang='lat' dir='ltr'>¹uratur</span> <span class='ocrx_word' id='word_1_216' title='bbox 409 4816 453 4887; x_wconf 92' lang='lat' dir='ltr'>ad</span> <span class='ocrx_word' id='word_1_217' title='bbox 480 4816 597 4887; x_wconf 88' lang='lat' dir='ltr'>decem</span> <span class='ocrx_word' id='word_1_218' title='bbox 624 4837 768 4887; x_wconf 85' lang='lat' dir='ltr'>marcas.</span> <span class='ocrx_word' id='word_1_219' title='bbox 813 4816 898 4888; x_wconf 88' lang='lat' dir='ltr'>Item</span> <span class='ocrx_word' id='word_1_220' title='bbox 926 4823 981 4888; x_wconf 85' lang='lat' dir='ltr'>est</span> <span class='ocrx_word' id='word_1_221' title='bbox 1007 4817 1057 4888; x_wconf 92' lang='lat' dir='ltr'>ihi</span> <span class='ocrx_word' id='word_1_222' title='bbox 1084 4840 1189 4889; x_wconf 91' lang='lat' dir='ltr'>unum</span> <span class='ocrx_word' id='word_1_223' title='bbox 1224 4819 1402 4908; x_wconf 87' lang='lat' dir='ltr'>praedium</span> <span class='ocrx_word' id='word_1_224' title='bbox 1439 4818 1608 4907; x_wconf 89' lang='lat' dir='ltr'>militare,</span> <span class='ocrx_word' id='word_1_225' title='bbox 1644 4818 1688 4889; x_wconf 91' lang='lat' dir='ltr'>de</span> <span class='ocrx_word' id='word_1_226' title='bbox 1715 4819 1813 4891; x_wconf 87' lang='lat' dir='ltr'>euius</span> 
     </span>
     <span class='ocr_line' id='line_1_28' title="bbox 256 4936 1810 5029; baseline 0.002 -22"><span class='ocrx_word' id='word_1_227' title='bbox 256 4938 367 5027; x_wconf 84' lang='lat' dir='ltr'>agris,</span> <span class='ocrx_word' id='word_1_228' title='bbox 402 4942 438 5007; x_wconf 90' lang='lat' dir='ltr'>et</span> <span class='ocrx_word' id='word_1_229' title='bbox 474 4937 654 5008; x_wconf 85' lang='lat' dir='ltr'>duodecim</span> <span class='ocrx_word' id='word_1_230' title='bbox 691 4936 813 5027; x_wconf 87' lang='lat' dir='ltr'>sulcis,</span> <span class='ocrx_word' id='word_1_231' title='bbox 850 4958 936 5027; x_wconf 89' lang='lat' dir='ltr'>quos</span> <span class='ocrx_word' id='word_1_232' title='bbox 972 4937 1095 5009; x_wconf 88' lang='lat' dir='ltr'>haeres</span> <span class='ocrx_word' id='word_1_233' title='bbox 1131 4938 1174 5009; x_wconf 90' lang='lat' dir='ltr'>do</span> <span class='ocrx_word' id='word_1_234' title='bbox 1210 4960 1273 5011; x_wconf 89' lang='lat' dir='ltr'>sue</span> <span class='ocrx_word' id='word_1_235' title='bbox 1304 4939 1448 5029; x_wconf 91' lang='lat' dir='ltr'>praedio</span> <span class='ocrx_word' id='word_1_236' title='bbox 1484 4938 1645 5010; x_wconf 78' lang='lat' dir='ltr'>adiunxit</span> <span class='ocrx_word' id='word_1_237' title='bbox 1681 4940 1810 5010; x_wconf 88' lang='lat' dir='ltr'>tertiae</span> 
     </span>
     <span class='ocr_line' id='line_1_29' title="bbox 258 5038 1812 5151; baseline 0.002 -24"><span class='ocrx_word' id='word_1_238' title='bbox 258 5058 495 5146; x_wconf 87' lang='lat' dir='ltr'>hortulaniao,</span> <span class='ocrx_word' id='word_1_239' title='bbox 523 5058 670 5130; x_wconf 83' lang='lat' dir='ltr'>solvitur</span> <span class='ocrx_word' id='word_1_240' title='bbox 689 5038 822 5128; x_wconf 83' lang='lat' dir='ltr'>decima</span> <span class='ocrx_word' id='word_1_241' title='bbox 840 5058 1065 5149; x_wconf 88' lang='lat' dir='ltr'>manipularis</span> <span class='ocrx_word' id='word_1_242' title='bbox 1083 5057 1265 5147; x_wconf 88' lang='lat' dir='ltr'>plebaniae</span> <span class='ocrx_word' id='word_1_243' title='bbox 1291 5060 1326 5130; x_wconf 91' lang='lat' dir='ltr'>iu</span> <span class='ocrx_word' id='word_1_244' title='bbox 1346 5060 1569 5151; x_wconf 84' lang='lat' dir='ltr'>Brzezye,</span> <span class='ocrx_word' id='word_1_245' title='bbox 1596 5059 1693 5130; x_wconf 90' lang='lat' dir='ltr'>cuius</span> <span class='ocrx_word' id='word_1_246' title='bbox 1714 5059 1812 5131; x_wconf 86' lang='lat' dir='ltr'>valer</span> 
     </span>
     <span class='ocr_line' id='line_1_30' title="bbox 260 5177 1813 5271; baseline 0.005 -26"><span class='ocrx_word' id='word_1_247' title='bbox 260 5177 303 5246; x_wconf 88' lang='lat' dir='ltr'>ed</span> <span class='ocrx_word' id='word_1_248' title='bbox 332 5184 481 5266; x_wconf 91' lang='lat' dir='ltr'>quatuor</span> <span class='ocrx_word' id='word_1_249' title='bbox 507 5198 652 5249; x_wconf 89' lang='lat' dir='ltr'>marcas.</span> <span class='ocrx_word' id='word_1_250' title='bbox 696 5178 782 5248; x_wconf 91' lang='lat' dir='ltr'>Item</span> <span class='ocrx_word' id='word_1_251' title='bbox 810 5178 972 5268; x_wconf 86' lang='lat' dir='ltr'>plebama</span> <span class='ocrx_word' id='word_1_252' title='bbox 998 5180 1106 5250; x_wconf 89' lang='lat' dir='ltr'>hahet</span> <span class='ocrx_word' id='word_1_253' title='bbox 1140 5179 1190 5250; x_wconf 92' lang='lat' dir='ltr'>ibi</span> <span class='ocrx_word' id='word_1_254' title='bbox 1216 5179 1377 5271; x_wconf 88' lang='lat' dir='ltr'>proprios</span> <span class='ocrx_word' id='word_1_255' title='bbox 1409 5201 1513 5270; x_wconf 81' lang='lat' dir='ltr'>agros</span> <span class='ocrx_word' id='word_1_256' title='bbox 1539 5184 1575 5251; x_wconf 90' lang='lat' dir='ltr'>et</span> <span class='ocrx_word' id='word_1_257' title='bbox 1601 5185 1722 5270; x_wconf 88' lang='lat' dir='ltr'>prata,</span> <span class='ocrx_word' id='word_1_258' title='bbox 1750 5201 1813 5271; x_wconf 88' lang='lat' dir='ltr'>pre</span> 
     </span>
     <span class='ocr_line' id='line_1_31' title="bbox 261 5296 1559 5397; baseline 0.005 -31"><span class='ocrx_word' id='word_1_259' title='bbox 261 5316 322 5366; x_wconf 90' lang='lat' dir='ltr'>sne</span> <span class='ocrx_word' id='word_1_260' title='bbox 349 5296 493 5386; x_wconf 89' lang='lat' dir='ltr'>praedio</span> <span class='ocrx_word' id='word_1_261' title='bbox 521 5304 557 5369; x_wconf 91' lang='lat' dir='ltr'>et</span> <span class='ocrx_word' id='word_1_262' title='bbox 584 5299 799 5397; x_wconf 77' lang='lat' dir='ltr'>necessitate.</span> <span class='ocrx_word' id='word_1_263' title='bbox 1332 5330 1335 5335; x_wconf 95' lang='lat'>·</span> <span class='ocrx_word' id='word_1_264' title='bbox 1557 5368 1559 5372; x_wconf 86' lang='lat'>.</span> 
     </span>
    </p>

    <p class='ocr_par' dir='ltr' id='par_1_10' title="bbox 258 5418 1889 6353">
     <span class='ocr_line' id='line_1_32' title="bbox 363 5418 1814 5513; baseline 0.005 -25"><span class='ocrx_word' id='word_1_265' title='bbox 363 5418 607 5507; x_wconf 78' lang='lat' dir='ltr'>Ilnnunewu,</span> <span class='ocrx_word' id='word_1_266' title='bbox 643 5419 726 5489; x_wconf 80' lang='lat' dir='ltr'>uilla</span> <span class='ocrx_word' id='word_1_267' title='bbox 753 5419 817 5493; x_wconf 91' lang='lat' dir='ltr'>sub</span> <span class='ocrx_word' id='word_1_268' title='bbox 844 5420 1009 5508; x_wconf 88' lang='lat' dir='ltr'>parochia</span> <span class='ocrx_word' id='word_1_269' title='bbox 1039 5421 1083 5491; x_wconf 92' lang='lat' dir='ltr'>de</span> <span class='ocrx_word' id='word_1_270' title='bbox 1109 5420 1341 5511; x_wconf 87' lang='lat' dir='ltr'>Brzeszye</span> <span class='ocrx_word' id='word_1_271' title='bbox 1369 5422 1454 5512; x_wconf 89' lang='lat' dir='ltr'>sita,</span> <span class='ocrx_word' id='word_1_272' title='bbox 1491 5421 1587 5494; x_wconf 88' lang='lat' dir='ltr'>cuius</span> <span class='ocrx_word' id='word_1_273' title='bbox 1614 5424 1814 5513; x_wconf 84' lang='lat' dir='ltr'>proprietas</span> 
     </span>
     <span class='ocr_line' id='line_1_33' title="bbox 259 5539 1889 5641; baseline 0.004 -32"><span class='ocrx_word' id='word_1_274' title='bbox 259 5540 302 5609; x_wconf 90' lang='lat' dir='ltr'>ud</span> <span class='ocrx_word' id='word_1_275' title='bbox 330 5540 468 5610; x_wconf 91' lang='lat' dir='ltr'>cosdem</span> <span class='ocrx_word' id='word_1_276' title='bbox 504 5539 714 5609; x_wconf 71' lang='lat' dir='ltr'>stanislaum</span> <span class='ocrx_word' id='word_1_277' title='bbox 751 5547 786 5610; x_wconf 91' lang='lat' dir='ltr'>et</span> <span class='ocrx_word' id='word_1_278' title='bbox 821 5540 1016 5612; x_wconf 82' lang='lat' dir='ltr'>Jehauuem</span> <span class='ocrx_word' id='word_1_279' title='bbox 1051 5541 1436 5641; x_wconf 83' lang='lat' dir='ltr'>Marsalkowiczi</span> <span class='ocrx_word' id='word_1_280' title='bbox 1471 5543 1631 5633; x_wconf 82' lang='lat' dir='ltr'>pertinet</span> <span class='ocrx_word' id='word_1_281' title='bbox 1671 5544 1713 5615; x_wconf 90' lang='lat' dir='ltr'>In</span> <span class='ocrx_word' id='word_1_282' title='bbox 1746 5565 1816 5636; x_wconf 88' lang='lat' dir='ltr'>qua</span> <span class='ocrx_word' id='word_1_283' title='bbox 1886 5566 1889 5570; x_wconf 90' lang='lat'>·</span> 
     </span>
     <span class='ocr_line' id='line_1_34' title="bbox 258 5659 1814 5755; baseline 0.005 -24"><span class='ocrx_word' id='word_1_284' title='bbox 258 5659 350 5731; x_wconf 80' lang='lat' dir='ltr'>sunt&#39;</span> <span class='ocrx_word' id='word_1_285' title='bbox 376 5666 453 5731; x_wconf 91' lang='lat' dir='ltr'>octo</span> <span class='ocrx_word' id='word_1_286' title='bbox 481 5660 571 5729; x_wconf 89' lang='lat' dir='ltr'>lanei</span> <span class='ocrx_word' id='word_1_287' title='bbox 607 5661 841 5731; x_wconf 84' lang='lat' dir='ltr'>cruetheuales</span> <span class='ocrx_word' id='word_1_288' title='bbox 878 5668 914 5732; x_wconf 90' lang='lat' dir='ltr'>et</span> <span class='ocrx_word' id='word_1_289' title='bbox 940 5661 1027 5733; x_wconf 86' lang='lat' dir='ltr'>duae</span> <span class='ocrx_word' id='word_1_290' title='bbox 1054 5664 1219 5734; x_wconf 86' lang='lat' dir='ltr'>tabernae</span> <span class='ocrx_word' id='word_1_291' title='bbox 1250 5664 1423 5751; x_wconf 86' lang='lat' dir='ltr'>hahentes</span> <span class='ocrx_word' id='word_1_292' title='bbox 1450 5684 1571 5755; x_wconf 82' lang='lat' dir='ltr'>agros,</span> <span class='ocrx_word' id='word_1_293' title='bbox 1608 5662 1652 5735; x_wconf 89' lang='lat' dir='ltr'>de</span> <span class='ocrx_word' id='word_1_294' title='bbox 1685 5665 1814 5755; x_wconf 83' lang='lat' dir='ltr'>quibus</span> 
     </span>
     <span class='ocr_line' id='line_1_35' title="bbox 259 5770 1816 5885; baseline 0.004 -34"><span class='ocrx_word' id='word_1_295' title='bbox 259 5783 405 5853; x_wconf 83' lang='lat' dir='ltr'>selrihu·</span> <span class='ocrx_word' id='word_1_296' title='bbox 424 5788 466 5885; x_wconf 87' lang='lat' dir='ltr'>et¹</span> <span class='ocrx_word' id='word_1_297' title='bbox 479 5780 682 5852; x_wconf 87' lang='lat' dir='ltr'>conducitur</span> <span class='ocrx_word' id='word_1_298' title='bbox 700 5782 833 5853; x_wconf 85' lang='lat' dir='ltr'>decium</span> <span class='ocrx_word' id='word_1_299' title='bbox 851 5783 1076 5872; x_wconf 83' lang='lat' dir='ltr'>urranipularis</span> <span class='ocrx_word' id='word_1_300' title='bbox 1099 5788 1135 5855; x_wconf 87' lang='lat' dir='ltr'>et</span> <span class='ocrx_word' id='word_1_301' title='bbox 1153 5785 1327 5874; x_wconf 84' lang='lat' dir='ltr'>cerrapalis</span> <span class='ocrx_word' id='word_1_302' title='bbox 1344 5785 1563 5875; x_wconf 79' lang='lat' dir='ltr'>praebendae</span> <span class='ocrx_word' id='word_1_303' title='bbox 1581 5770 1816 5875; x_wconf 79' lang='lat' dir='ltr'>Graceviensi,</span> 
     </span>
     <span class='ocr_line' id='line_1_36' title="bbox 258 5902 1815 6005; baseline 0.001 -30"><span class='ocrx_word' id='word_1_304' title='bbox 258 5924 346 5991; x_wconf 84' lang='lat' dir='ltr'>quae</span> <span class='ocrx_word' id='word_1_305' title='bbox 373 5908 519 6005; x_wconf 70' lang='lat' dir='ltr'>rectatur</span> <span class='ocrx_word' id='word_1_306' title='bbox 538 5902 855 5994; x_wconf 73' lang='lat' dir='ltr'>Wyauezheu&#39;ska,</span> <span class='ocrx_word' id='word_1_307' title='bbox 882 5910 918 5975; x_wconf 92' lang='lat' dir='ltr'>et</span> <span class='ocrx_word' id='word_1_308' title='bbox 936 5904 1034 5974; x_wconf 79' lang='lat' dir='ltr'>valer</span> <span class='ocrx_word' id='word_1_309' title='bbox 1060 5905 1135 5977; x_wconf 91' lang='lat' dir='ltr'>eius</span> <span class='ocrx_word' id='word_1_310' title='bbox 1162 5906 1367 5983; x_wconf 82' lang='lat' dir='ltr'>aestimatur</span> <span class='ocrx_word' id='word_1_311' title='bbox 1393 5906 1437 5977; x_wconf 91' lang='lat' dir='ltr'>ad</span> <span class='ocrx_word' id='word_1_312' title='bbox 1462 5905 1640 5979; x_wconf 83' lang='lat' dir='ltr'>duedecim</span> <span class='ocrx_word' id='word_1_313' title='bbox 1668 5927 1815 5985; x_wconf 85' lang='lat' dir='ltr'>mareas.</span> 
     </span>
     <span class='ocr_line' id='line_1_37' title="bbox 258 6014 1816 6125; baseline 0.005 -34"><span class='ocrx_word' id='word_1_314' title='bbox 258 6023 345 6092; x_wconf 85' lang='lat' dir='ltr'>Item</span> <span class='ocrx_word' id='word_1_315' title='bbox 382 6028 435 6094; x_wconf 88' lang='lat' dir='ltr'>est</span> <span class='ocrx_word' id='word_1_316' title='bbox 460 6023 511 6096; x_wconf 93' lang='lat' dir='ltr'>ibi</span> <span class='ocrx_word' id='word_1_317' title='bbox 536 6046 625 6095; x_wconf 93' lang='lat' dir='ltr'>unus</span> <span class='ocrx_word' id='word_1_318' title='bbox 661 6046 801 6115; x_wconf 87' lang='lat' dir='ltr'>campus</span> <span class='ocrx_word' id='word_1_319' title='bbox 838 6025 938 6095; x_wconf 92' lang='lat' dir='ltr'>unius</span> <span class='ocrx_word' id='word_1_320' title='bbox 965 6025 1152 6115; x_wconf 88' lang='lat' dir='ltr'>tabernae,</span> <span class='ocrx_word' id='word_1_321' title='bbox 1189 6021 1232 6099; x_wconf 86' lang='lat' dir='ltr'>de</span> <span class='ocrx_word' id='word_1_322' title='bbox 1259 6048 1326 6117; x_wconf 89' lang='lat' dir='ltr'>quo</span> <span class='ocrx_word' id='word_1_323' title='bbox 1354 6027 1546 6099; x_wconf 86' lang='lat' dir='ltr'>decimatur</span> <span class='ocrx_word' id='word_1_324' title='bbox 1580 6014 1816 6125; x_wconf 84' lang='lat' dir='ltr'>eeclesiaein</span> 
     </span>
     <span class='ocr_line' id='line_1_38' title="bbox 259 6142 1817 6246; baseline 0.008 -35"><span class='ocrx_word' id='word_1_325' title='bbox 259 6143 469 6217; x_wconf 82' lang='lat' dir='ltr'>Ilrzesze.</span> <span class='ocrx_word' id='word_1_326' title='bbox 509 6142 598 6215; x_wconf 89' lang='lat' dir='ltr'>Item</span> <span class='ocrx_word' id='word_1_327' title='bbox 626 6168 694 6218; x_wconf 94' lang='lat' dir='ltr'>neu</span> <span class='ocrx_word' id='word_1_328' title='bbox 722 6152 777 6217; x_wconf 87' lang='lat' dir='ltr'>est</span> <span class='ocrx_word' id='word_1_329' title='bbox 805 6146 852 6217; x_wconf 89' lang='lat' dir='ltr'>ibi</span> <span class='ocrx_word' id='word_1_330' title='bbox 881 6146 1077 6236; x_wconf 87' lang='lat' dir='ltr'>praedium,</span> <span class='ocrx_word' id='word_1_331' title='bbox 1109 6164 1220 6237; x_wconf 90' lang='lat' dir='ltr'>neque</span> <span class='ocrx_word' id='word_1_332' title='bbox 1246 6148 1500 6246; x_wconf 86' lang='lat' dir='ltr'>molendinum,</span> <span class='ocrx_word' id='word_1_333' title='bbox 1527 6168 1596 6221; x_wconf 87' lang='lat' dir='ltr'>neu</span> <span class='ocrx_word' id='word_1_334' title='bbox 1621 6152 1716 6235; x_wconf 60' lang='lat' dir='ltr'>suni</span> <span class='ocrx_word' id='word_1_335' title='bbox 1733 6148 1817 6223; x_wconf 89' lang='lat' dir='ltr'>her·</span> 
     </span>
     <span class='ocr_line' id='line_1_39' title="bbox 259 6263 1810 6353; baseline 0.004 -21"><span class='ocrx_word' id='word_1_336' title='bbox 259 6263 421 6334; x_wconf 89' lang='lat' dir='ltr'>tulauiae.</span> <span class='ocrx_word' id='word_1_337' title='bbox 1031 6288 1034 6293; x_wconf 90' lang='lat'>·</span> <span class='ocrx_word' id='word_1_338' title='bbox 1594 6312 1596 6319; x_wconf 91' lang='lat'>·</span> <span class='ocrx_word' id='word_1_339' title='bbox 1727 6280 1810 6353; x_wconf 51' lang='lat' dir='ltr'>ff·-</span> 
     </span>
    </p>

    <p class='ocr_par' dir='ltr' id='par_1_11' title="bbox 261 6384 1869 6607">
     <span class='ocr_line' id='line_1_40' title="bbox 362 6384 1816 6485; baseline 0.008 -31"><span class='ocrx_word' id='word_1_340' title='bbox 362 6384 664 6476; x_wconf 75' lang='lat' dir='ltr'>Sumsrnnruur,</span> <span class='ocrx_word' id='word_1_341' title='bbox 691 6388 773 6458; x_wconf 82' lang='lat' dir='ltr'>uilla</span> <span class='ocrx_word' id='word_1_342' title='bbox 799 6389 863 6460; x_wconf 91' lang='lat' dir='ltr'>suh</span> <span class='ocrx_word' id='word_1_343' title='bbox 890 6389 1055 6478; x_wconf 89' lang='lat' dir='ltr'>parochia</span> <span class='ocrx_word' id='word_1_344' title='bbox 1082 6389 1124 6459; x_wconf 94' lang='lat' dir='ltr'>de</span> <span class='ocrx_word' id='word_1_345' title='bbox 1143 6389 1350 6480; x_wconf 80' lang='lat' dir='ltr'>Brzez&#39;ye</span> <span class='ocrx_word' id='word_1_346' title='bbox 1378 6390 1464 6481; x_wconf 90' lang='lat' dir='ltr'>sita,</span> <span class='ocrx_word' id='word_1_347' title='bbox 1491 6390 1588 6463; x_wconf 79' lang='lat' dir='ltr'>caius</span> <span class='ocrx_word' id='word_1_348' title='bbox 1606 6391 1816 6485; x_wconf 78' lang='lat' dir='ltr'>proprietas</span> 
     </span>
     <span class='ocr_line' id='line_1_41' title="bbox 261 6503 1869 6607; baseline 0.01 -36"><span class='ocrx_word' id='word_1_349' title='bbox 261 6503 304 6577; x_wconf 86' lang='lat' dir='ltr'>ud</span> <span class='ocrx_word' id='word_1_350' title='bbox 323 6504 533 6577; x_wconf 85' lang='lat' dir='ltr'>ahlmtissam</span> <span class='ocrx_word' id='word_1_351' title='bbox 561 6513 597 6581; x_wconf 86' lang='lat' dir='ltr'>et</span> <span class='ocrx_word' id='word_1_352' title='bbox 623 6510 870 6588; x_wconf 80' lang='lat' dir='ltr'>rueuusteriurn</span> <span class='ocrx_word' id='word_1_353' title='bbox 898 6511 933 6589; x_wconf 94' lang='lat' dir='ltr'>iu</span> <span class='ocrx_word' id='word_1_354' title='bbox 960 6510 1288 6605; x_wconf 77' lang='lat' dir='ltr'>Stnrryanthky</span> <span class='ocrx_word' id='word_1_355' title='bbox 1316 6511 1446 6586; x_wconf 87' lang='lat' dir='ltr'>ibidem</span> <span class='ocrx_word' id='word_1_356' title='bbox 1471 6511 1645 6607; x_wconf 83' lang='lat' dir='ltr'>pertinet,</span> <span class='ocrx_word' id='word_1_357' title='bbox 1673 6518 1711 6585; x_wconf 82' lang='lat' dir='ltr'>et</span> <span class='ocrx_word' id='word_1_358' title='bbox 1733 6512 1819 6599; x_wconf 73' lang='lat' dir='ltr'>villa</span> <span class='ocrx_word' id='word_1_359' title='bbox 1864 6582 1869 6595; x_wconf 88' lang='grc'><em>,</em></span> 
     </span>
    </p>
   </div>
   <div class='ocr_carea' id='block_1_7' title="bbox 0 0 2119 8340">
    <p class='ocr_par' dir='ltr' id='par_1_12' title="bbox 0 0 2119 8340">
     <span class='ocr_line' id='line_1_42' title="bbox 0 0 2119 8340; baseline 0 0"><span class='ocrx_word' id='word_1_360' title='bbox 0 0 2119 8340; x_wconf 95' lang='lat' dir='ltr'> </span> 
     </span>
    </p>
   </div>
  </div>
 </body>
</html>
