4200 8342
299 1651 374 1722 440

400 1860 642 1949 Zuuowrcza,
670 1858 752 1929 villa
779 1859 843 1930 sub
862 1859 1027 1949 parochia
1054 1858 1097 1930 de
1123 1857 1326 1931 Korczin
1356 1859 1433 1950 sita,
1460 1860 1557 1930 cuius
1584 1861 1781 1951 proprietas
1804 1861 1848 1932 ad

298 1982 533 2072 episcopatum
561 1978 824 2052 cracoviensem
851 1980 1012 2070 pertinet.
1058 1980 1098 2051 In
1126 2002 1195 2072 qua
1221 1986 1303 2053 sunt
1330 1981 1397 2052 duo
1426 1980 1517 2052 lanei
1545 2003 1620 2054 cum
1648 1982 1776 2070 media,
1804 1982 1846 2053 de

297 2102 420 2194 paribus
447 2102 595 2174 solvitur
621 2107 658 2174 et
684 2101 888 2174 conducitur
924 2101 1057 2173 decima
1084 2103 1308 2194 manipularis
1335 2109 1371 2173 et
1399 2103 1575 2194 canapalis
1610 2124 1673 2194 pro
1701 2103 1848 2176 eeclesia

295 2225 331 2296 in
357 2224 580 2314 Korczin,
607 2230 644 2297 et
670 2226 769 2297 valor
796 2225 870 2296 eius
896 2224 1102 2296 aestimatur
1129 2224 1172 2296 ad
1200 2229 1274 2296 tres
1302 2244 1445 2295 marcas.

925 2344 1223 2418 Otrnscrmuczn.

398 2467 493 2539 Villa
518 2466 650 2539 habens
677 2467 859 2539 ecclesiam
884 2467 1117 2558 parochialem
1146 2467 1181 2539 in
1209 2489 1256 2557 se,
1277 2466 1516 2559 Assumptioni
1544 2465 1692 2540 Sanctae
1711 2468 1846 2540 Mariae

294 2589 451 2679 Virginis
478 2588 638 2678 dicatam,
667 2590 763 2661 cuius
790 2590 914 2662 haeres
941 2589 1063 2661 unicus
1091 2594 1126 2660 et
1152 2593 1319 2680 patronus
1343 2587 1503 2660 Andreas
1532 2590 1575 2661 de
1603 2587 1846 2681 Olyeschni-

295 2730 375 2783 cza
410 2710 508 2782 miles
535 2710 578 2782 de
605 2711 705 2782 domo
733 2715 769 2782 ct
796 2710 927 2782 familia
952 2711 1164 2783 Dambno.
1209 2711 1250 2782 ln
1278 2731 1346 2802 qua
1373 2718 1455 2783 sunt
1483 2711 1574 2783 lanei
1602 2712 1844 2803 emetlronales,

294 2834 376 2904 itam
403 2845 473 2904 una
499 2832 646 2904 taberna
672 2833 803 2904 habens
831 2853 952 2923 agros,
989 2833 1072 2904 item
1099 2853 1204 2904 unum
1232 2832 1412 2920 praedium
1439 2833 1607 2924 militare,
1650 2833 1844 2924 dequibus

220 2981 225 2986 ·
294 2953 452 3026 omnibus
480 2954 629 3026 solvitur
654 2959 691 3026 et
717 2954 922 3027 conducitur
948 2954 1082 3026 decima
1108 2954 1334 3044 manipularis
1352 2959 1389 3026 et
1407 2955 1581 3045 canapalis
1607 2975 1672 3046 pra
1700 2955 1846 3026 ecclesia

292 3077 328 3148 in
355 3075 713 3168 Olyeschnicza,
740 3081 777 3148 et
803 3077 902 3149 valor
928 3077 1004 3148 eius
1030 3076 1236 3148 aestimatur
1262 3076 1307 3147 ad
1334 3081 1412 3148 octo
1440 3097 1583 3148 marcas.
1610 3076 1698 3148 Item
1725 3076 1844 3167 pleba-

293 3219 358 3271 nus
385 3198 492 3271 habet
517 3199 678 3290 proprios
705 3219 809 3290 agros
827 3203 865 3270 et
882 3179 1023 3289 propria
1049 3203 1160 3289 prata,
1189 3218 1251 3288 pro
1280 3219 1342 3269 suo
1369 3198 1513 3288 praedio
1531 3205 1567 3270 et
1585 3197 1730 3270 cultura
1756 3198 1843 3270 Item

294 3320 328 3391 in
355 3319 475 3391 eadem
502 3320 648 3392 ecclesia
666 3325 747 3392 sunt
767 3321 1000 3410 mansionarii,
1028 3320 1134 3391 haras
1153 3319 1309 3391 Sanctae
1335 3320 1471 3392 Mariae
1489 3325 1678 3392 nocturnas
1696 3324 1732 3391 et
1749 3319 1845 3392 diur-

292 3462 356 3513 nas
393 3447 595 3532 cantantes,
634 3463 698 3533 per
736 3441 984 3533 Sbigneum
1025 3441 1234 3514 cardinalem
1274 3446 1311 3513 et
1345 3443 1544 3534 episcopum
1580 3441 1873 3537 Cracouiensem¹

293 3563 445 3635 ordinati
471 3568 508 3635 et
534 3563 656 3635 dotati.
682 3562 841 3635 Ecclesia
856 3563 963 3635 etiam
990 3564 1068 3654 ipsa
1095 3565 1130 3635 in
1157 3561 1501 3655 Olyeschnicza
1527 3583 1590 3653 per
1608 3565 1720 3653 ipsum
1748 3562 1843 3635 Sbi-

290 3675 450 3776 ¹gneum
485 3683 697 3757 cardinalem
724 3690 759 3756 ct
785 3685 985 3776 episcopum
1010 3683 1276 3757 Gracoviensem
1312 3690 1410 3757 cocto
1436 3684 1547 3757 latere
1583 3690 1637 3758 est
1662 3683 1852 3776 fabricata

293 3827 390 3898 quae,
418 3805 498 3878 dum
526 3827 568 3878 ex
587 3805 745 3879 incendio
775 3807 903 3879 casuali
930 3807 1033 3880 villae
1052 3811 1257 3897 consumpta
1283 3806 1415 3896 inisset,
1444 3805 1614 3897 Sbigneus
1642 3806 1685 3878 de
1712 3804 1859 3898 Olye-¹

292 3928 513 4000 schnicza
540 3928 722 4020 episcopus
749 3903 1048 4002 wladislaviensis
1084 3949 1191 4019 nepas
1218 3928 1372 4001 eiusdem
1400 3927 1586 3999 cardinalis
1614 3947 1677 4018 per
1703 3929 1842 4019 sangvi-

290 4071 367 4122 nem
386 4071 582 4143 germanus,
600 4050 694 4123 illam
713 4072 804 4124 anna
822 4052 962 4124 Domini
981 4051 1078 4123 1477
1098 4051 1286 4142 reparavit
1314 4050 1543 4123 Mansionarii
1559 4055 1675 4122 autem
1693 4050 1842 4142 praefati

289 4174 468 4246 manuales
495 4179 577 4245 sunt
603 4179 640 4246 et
666 4175 886 4265 temporales,
913 4173 1057 4246 decimis
1076 4172 1348 4264 manipularibus
1375 4192 1513 4244 mensae
1532 4171 1738 4263 episcopalis
1756 4171 1841 4244 Gra-

291 4295 462 4368 coviensis
488 4294 720 4386 infrascriptis
747 4295 868 4368 dotati.

394 4415 609 4506 Saoczrrorv,
636 4417 720 4489 villo
746 4416 811 4489 sub
837 4416 1004 4507 parochia
1030 4416 1074 4489 de
1093 4471 1199 4487 .....
1226 4415 1302 4506 sita,
1331 4414 1427 4488 cuius
1455 4416 1580 4488 haeres
1598 4471 1606 4486 .
1626 4472 1633 4487 .
1652 4471 1686 4486 ..
1712 4416 1840 4488 nobilis

290 4537 334 4609 de
361 4536 463 4610 domo
490 4535 711 4629 Kopacze.
755 4538 796 4610 lu
824 4559 892 4629 qua
918 4543 1001 4610 sunt
1026 4538 1118 4610 lanei
1146 4538 1398 4628 cmethonales,
1433 4539 1517 4610 item
1543 4539 1727 4629 tabernae,
1754 4539 1840 4611 item

288 4659 517 4752 hortulanioe,
544 4661 628 4733 item
646 4659 836 4751 praedium,
863 4659 906 4732 de
925 4660 1050 4752 quibus
1078 4660 1236 4733 omnibus
1264 4661 1412 4733 solvitur
1430 4664 1467 4731 ot
1484 4659 1688 4732 conducitur
1706 4660 1840 4732 decima

288 4782 514 4873 manipularis
541 4787 586 4854 et
613 4783 789 4874 canapalis
825 4802 889 4874 pro
917 4781 1161 4855 mansionariis
1194 4782 1231 4852 in
1268 4780 1635 4873 Olyeschnicza,
1671 4786 1708 4853 et
1741 4781 1840 4852 valor

288 4905 365 4977 eius
390 4905 596 4978 aestimatur
613 4959 728 4976 .....

391 5026 673 5118 Ponnunscurn,
700 5025 784 5098 villa
811 5026 876 5100 sub
902 5025 1069 5117 parochia
1093 5025 1137 5098 de
1155 5078 1325 5097 .......
1352 5024 1430 5096 sita.
1475 5024 1516 5096 lu
1544 5044 1612 5115 qua
1639 5028 1721 5097 sunt
1746 5024 1838 5096 lanei

288 5149 532 5238 emethanales,
559 5149 643 5221 item
669 5149 826 5238 taberna,
852 5148 936 5219 item
962 5147 1149 5238 hortulani,
1177 5149 1260 5219 item
1286 5145 1480 5238 praedium,
1507 5145 1550 5217 da
1578 5145 1703 5237 quibus
1730 5147 1839 5217 omni-

287 5269 352 5341 bus
380 5269 528 5341 solvitur
554 5275 590 5342 et
616 5269 822 5343 conducitur
848 5269 981 5342 decima
1007 5269 1234 5361 manipularis
1253 5274 1290 5341 et
1308 5267 1485 5359 canapalis
1511 5288 1575 5358 pro
1594 5267 1838 5340 mansionariis
1983 5313 1986 5320 -

287 5391 323 5462 in
350 5389 709 5482 Olyeschnicza,
736 5392 833 5464 cuius
852 5391 959 5464 palor
985 5391 1190 5464 aestimatur
1217 5389 1261 5462 ad
1280 5444 1395 5461 .....

391 5511 724 5585 Ourascnmezsrrn
742 5511 898 5604 woman,
926 5513 1009 5585 villa
1027 5514 1092 5586 sub
1111 5512 1276 5603 parochia
1303 5510 1468 5584 ecclesiae
1496 5509 1539 5583 de
1566 5509 1838 5602 Olyeschni-

287 5636 467 5727 cassita,
494 5635 592 5708 cuius
618 5632 743 5706 haeres
762 5634 922 5708 Andreas
948 5634 992 5708 de
1018 5633 1329 5727 Olyesznicza
1355 5632 1398 5705 de
1425 5632 1531 5705 armis
1557 5633 1770 5705 Dambno.
1796 5633 1837 5704 ln

284 5779 353 5850 qua
379 5763 461 5831 sunt
486 5757 578 5831 lanei
604 5757 847 5847 emathonalcs‚
874 5757 917 5829 de
944 5757 1070 5848 quibus
1097 5757 1255 5830 omnibus
1283 5755 1429 5828 solvitur
1455 5760 1492 5827 et
1519 5754 1724 5828 conducitur
1742 5755 1836 5828 deci-

281 5901 340 5954 ma
364 5881 591 5974 manipularis
616 5885 654 5954 et
679 5879 856 5972 canapalis
882 5898 945 5970 pro
972 5878 1118 5951 ecclesia
1144 5879 1179 5951 in
1206 5876 1565 5972 Olyeschnicza,
1605 5877 1703 5950 cuius
1729 5877 1830 5950 valor

286 6001 490 6075 aestimatur
515 6001 560 6074 ad
586 6023 648 6076 sex
674 6021 817 6074 marcas.

387 6123 627 6214 Sucnczrcza,
653 6123 738 6196 villo
764 6124 829 6196 snb
855 6121 1021 6214 parochia
1047 6121 1092 6194 de
1118 6120 1460 6214 Olyeschnicza
1486 6121 1565 6212 sita,
1593 6120 1690 6194 cuius
1711 6121 1837 6222 haeres

286 6243 447 6318 Andreas
472 6245 517 6316 de
541 6243 886 6336 Olyeschnicza
911 6243 955 6318 de
982 6243 1089 6317 annis¹
1116 6245 1326 6316 Dambno.
1357 6244 1398 6315 ln
1426 6265 1494 6336 qua
1520 6248 1602 6316 sunt
1626 6243 1720 6316 lanei
1748 6263 1837 6315 ame-

285 6367 463 6456 thonales,
498 6365 543 6436 de
569 6364 695 6457 quibus
721 6367 882 6440 omnibns
907 6367 1055 6440 solvitur
1081 6371 1119 6440 et
1145 6365 1351 6440 conducitur
1386 6365 1520 6440 decima
1546 6364 1773 6456 manipularis
1800 6370 1837 6438 et

287 6485 465 6578 canaprlis
499 6485 666 6562 eeclesiae
700 6489 738 6562 in
764 6486 1117 6584 Olyeschnicza,
1154 6493 1191 6562 et
1216 6489 1318 6562 valan
1352 6489 1426 6562 eius
1462 6487 1666 6562 aeshmatur
1698 6485 1744 6560 ad
1776 6505 1837 6562 sex

246 6625 433 6688 .mams,
