4200 8342
278 1585 350 1657 aad

276 1795 320 1863 ad
357 1799 432 1864 octo
469 1813 611 1863 marcas.
648 1793 735 1862 Item
764 1797 817 1861 est
843 1791 891 1862 ibi
919 1810 1007 1860 unus
1035 1790 1156 1860 laneus
1185 1788 1344 1879 specialis
1372 1787 1510 1878 plebani
1538 1786 1581 1858 dc
1612 1786 1829 1876 Biskupi-

278 1936 371 2004 eze,
399 1934 499 2004 quem
526 1914 651 1985 nobilis
679 1912 796 1983 Mira
824 1913 866 1983 de
893 1912 994 1984 domo
1023 1910 1316 2001 Accipitrum
1345 1909 1388 1981 de
1424 1930 1487 1980 sua
1521 1907 1740 1980 haereditate
1775 1927 1830 1979 sc·

277 2035 476 2126 questurus,
514 2035 614 2105 villae
655 2035 933 2105 Brzeszicze
974 2054 1037 2124 pro
1079 2033 1223 2105 ecclesia
1262 2033 1298 2103 in
1334 2030 1830 2121 Bislrupiczeperpctuo

276 2158 440 2229 adiunxit.
719 2247 722 2254 Ι
1034 2220 1039 2229 .

379 2276 650 2367 censeamur,
673 2278 761 2349 uilla
799 2278 862 2348 suh
898 2277 1065 2366 parochia
1100 2276 1142 2347 de
1176 2274 1547 2366 Gzyemyerniky
1574 2273 1651 2346 sita
1690 2271 1731 2344 Iu
1759 2293 1831 2365 qua

276 2401 398 2471 haeres
427 2407 481 2471 cst
500 2454 507 2468 .
526 2454 533 2468 .
553 2454 561 2469 .
579 2400 627 2469 Et
654 2400 689 2469 in
717 2420 785 2488 qua
812 2404 893 2469 suut
918 2398 1011 2469 lanei
1038 2396 1279 2486 cmethonales,
1307 2396 1350 2479 de
1378 2397 1503 2487 quibus
1530 2395 1677 2472 solvitur
1694 2401 1731 2465 ct
1748 2414 1831 2466 corr-

155 2523 160 2528 ’
278 2520 416 2592 ducitur
443 2520 576 2592 decima
603 2519 828 2610 manipularis
856 2526 891 2590 ct
918 2518 1093 2609 canapalis
1112 2539 1175 2611 pro
1195 2517 1341 2589 ecclesia
1358 2518 1394 2588 in
1413 2516 1707 2607 Bislrupicze‚
1728 2536 1831 2606 quarn

278 2643 451 2714 eidemin
480 2642 592 2712 dotem
622 2641 767 2714 contulit
794 2639 1023 2731 Sbigneus
1051 2641 1231 2731 episcopus
1259 2639 1507 2732 Cracoricusis,
1535 2640 1633 2711 cuius
1660 2637 1759 2710 valor
1785 2635 1830 2708 'cd

281 2770 430 2854 quatuor
457 2783 600 2842 marcas.
617 2763 715 2834 ltcm
743 2762 921 2854 praedium
950 2762 1055 2835 solvit
1081 2762 1330 2840 decimam...

382 2883 669 2974 Gnrrnzrurczn,
698 2884 779 2955 villa
807 2885 870 2954 suh
896 2884 1064 2976 parochia
1090 2884 1132 2955 de
1152 2939 1159 2954 .
1180 2940 1187 2954 .
1206 2939 1213 2956 .
1232 2885 1310 2975 sita,
1339 2884 1436 2958 cuins
1464 2884 1667 2956 haeres...
1694 2882 1735 2953 lrr
1762 2901 1834 2971 qua

278 3014 359 3078 sunt
385 3007 477 3078 lanei
505 3006 748 3094 emethonalea
777 3006 819 3077 de
847 3003 970 3097 quihus
999 3006 1145 3084 solvitur
1173 3011 1210 3078 ct
1227 3005 1432 3078 conducitur
1451 3003 1584 3076 decima
1603 3002 1831 3092 manipularis

278 3150 341 3220 pro
370 3129 515 3200 ecclesia
542 3130 576 3199 irr
605 3128 909 3220 Bishupicze‚
937 3149 1039 3218 quam
1076 3128 1187 3199 eidem
1223 3127 1258 3199 in
1286 3126 1401 3201 dotem
1429 3125 1576 3199 contulit
1601 3124 1832 3215 Shigneus

279 3247 516 3321 Cracoviensis
543 3250 732 3374 episcopua,
760 3250 857 3320 cuius
884 3249 981 3321 valor
1009 3249 1214 3319 aestimatur
1240 3247 1285 3320 ad
1299 3252 1461 3339 squatuor
1487 3266 1631 3318 marcas.
1709 3322 1713 3329 ,

381 3370 590 3460 Sucunom,
618 3370 701 3441 villa
726 3371 791 3441 suh
810 3370 974 3460 parochia
1001 3370 1043 3441 de
1064 3425 1070 3439 .
1090 3424 1097 3438 .
1117 3370 1216 3461 sita,
1243 3369 1339 3441 cuius
1367 3370 1489 3440 haeres
1509 3424 1516 3439 .
1535 3423 1542 3438 .
1561 3420 1569 3440 .
1587 3368 1628 3439 In
1656 3388 1724 3458 qua
1751 3370 1834 3438 sunt

279 3492 369 3562 lanei
406 3491 658 3580 cmethonales,
687 3492 729 3561 de
758 3492 881 3581 quibus
909 3491 1057 3563 solvitur
1084 3498 1120 3563 et
1147 3490 1351 3562 conducitur
1382 3490 1516 3562 decima
1542 3487 1768 3579 manipularis
1797 3494 1833 3560 et

279 3612 454 3700 carrapalis
482 3633 545 3701 pro
573 3611 718 3683 ecclesia
745 3613 781 3682 iu
809 3612 1104 3703 Biskupicze
1133 3633 1235 3703 quam
1260 3611 1373 3708 cidem
1391 3610 1428 3682 in
1446 3610 1563 3683 dotem
1582 3610 1728 3682 contulit
1745 3608 1833 3681 Sbi-

279 3753 423 3823 gucus
450 3733 631 3822 episcopus
660 3732 908 3825 Cracoviensis
936 3740 971 3806 et
998 3734 1097 3806 valor
1123 3735 1198 3807 eius
1225 3734 1432 3807 aestimatur
1449 3733 1494 3804 ad
1519 3738 1669 3823 quatuor
1687 3750 1833 3801 marcas.

914 3959 1201 4052 Ozumannunr.

383 4097 478 4170 Villa
513 4099 645 4170 habens
680 4099 791 4170 inse
827 4099 1059 4189 parochialem
1088 4097 1269 4174 ecclesiam
1295 4097 1465 4188 ligneam,
1492 4093 1620 4170 Sancto
1647 4096 1834 4170 Vincentio

280 4219 439 4309 dicatam,
467 4220 564 4290 cuius
590 4221 762 4291 haeres..
782 4274 789 4290 .
809 4275 815 4289 .
835 4219 877 4291 de
904 4220 1006 4292 domo
1034 4197 1394 4293 Acerv'orum.1n
1423 4239 1492 4309 qua
1518 4223 1599 4289 sunt
1625 4217 1728 4297 lauci-
1743 4238 1835 4289 crue·

281 4340 449 4437 thonales,
476 4319 559 4412 item
587 4341 766 4432 praedium
787 4395 794 4409 .
814 4396 847 4411 ..
1153 4420 1156 4427 ,
1690 4431 1692 4436 Ι

385 4459 533 4531 Junrcrs
561 4459 766 4551 Srnoczun,
793 4462 878 4532 villa
905 4463 969 4545 sub
988 4463 1155 4554 parochia
1173 4464 1215 4535 de
1233 4461 1577 4555 Gzcmyerny'ky
1603 4461 1681 4535 sita.
1706 4460 1747 4531 ln
1766 4481 1836 4551 qua

281 4587 363 4653 sunt
397 4582 488 4653 lanei
525 4583 775 4672 cmethonales‚
803 4582 997 4675 dequibus
1025 4584 1158 4656 decima
1185 4585 1461 4677 diversificatum
1498 4583 1647 4673 nam-dc
1675 4581 1836 4665 undecim

281 4724 356 4774 cum
379 4704 505 4777 medio
541 4705 652 4776 lancis
690 4705 837 4777 solvitur
872 4727 944 4797 pro·
963 4708 1175 4779 monasterio
1212 4706 1358 4778 Sanctae
1390 4706 1528 4797 (leucia,
1556 4706 1599 4781 dc
1626 4706 1720 4795 agris
1749 4724 1834 4777 vcro

281 4841 288 4896 ;
308 4880 447 4897 ......
466 4827 613 4900 solvitur
640 4832 675 4899 et
702 4827 906 4911 conducitur
932 4850 996 4920 pro
1024 4830 1185 4920 episcopo
1213 4828 1448 4920 maraviensi,
1476 4829 1573 4901 cuius
1601 4828 1699 4899 valor
1725 4827 1832 4900 aesti-
1929 4818 1931 4822 ’

280 4955 395 5021 matur
422 4948 545 5021 ad...
1004 4925 1008 4932 ’
1091 5019 1094 5026 ,
1437 5041 1441 5047 ,
1855 4955 1861 4964 “

385 5069 716 5162 Ornrrruowrczu,
753 5074 836 5145 villa
872 5074 936 5146 sub
974 5075 1140 5164 parochia
1175 5075 1218 5146 de
1255 5073 1595 5165 Ozemyerniky
1622 5072 1708 5161 sita,
1736 5070 1848 5143 cuius-

220 5203 223 5208 ·
280 5191 477 5262 haereditas
505 5194 586 5265 olim
614 5195 812 5285 pertinebat
838 5196 882 5267 ad
909 5197 1156 5268 monasterium
1183 5195 1329 5267 Sanctae
1357 5195 1486 5287 Crucis,
1505 5194 1566 5265 sed
1585 5214 1675 5266 auno
1694 5192 1836 5265 Domini

286 5314 330 5381 14
347 5366 354 5382 .
374 5366 381 5382 .
400 5365 407 5380 .
425 5312 579 5385 Mathias
607 5315 715 5386 abhas
743 5322 778 5386 ct
805 5324 1003 5407 conventus,
1031 5317 1187 5390 vendidit
1213 5317 1319 5407 illam,
1346 5324 1510 5408 tanquam
1537 5336 1659 5406 parum
1678 5335 1836 5386 accomo-

283 5432 370 5523 dam,
398 5434 535 5506 nonnisi
562 5456 625 5525 pro
653 5440 790 5508 centurn
818 5439 943 5510 marcis
970 5439 1114 5511 Nicolao
1133 5447 1170 5511 et
1187 5439 1340 5514 Johanni
1358 5435 1835 5533 de'Szcstrzerrythow

283 5555 325 5627 de
353 5555 454 5628 domo
482 5556 784 5648 Accipitrum.
824 5559 864 5630 ln
893 5573 960 5650 qna
987 5541 1072 5633 sunt
1095 5562 1211 5634 decem
1239 5562 1331 5633 lanei
1358 5561 1611 5652 emethonales,
1639 5560 1682 5632 de
1708 5560 1847 5651 quibus·

281 5678 428 5750 solvitur
455 5685 491 5750 et
518 5679 723 5786 conducitur
749 5680 881 5752 decima
907 5682 1131 5773 nranipularis
1156 5690 1192 5755 et
1211 5658 1386 5775 canapalis
1406 5706 1468 5775 pro
1487 5682 1698 5755 monasterio
1716 5679 1837 5754 Calvi

281 5798 467 5891 Montis²
496 5808 532 5873 et
558 5801 658 5874 valor
684 5803 758 5874 eius
786 5804 990 5880 aestimatur
1017 5805 1062 5877 ad
1090 5806 1241 5897 quinque
1268 5826 1411 5878 marcas.

385 5918 490 6013 Vna,
518 5922 600 5994 villa
627 5925 691 5996 sub
718 5925 884 6016 parochia
911 5926 954 6000 dc
982 5923 1328 6019 Cremp'ernyky
1356 5929 1434 6016 sita,
1461 5927 1558 5999 cuius
1578 5928 1702 5998 haeres
1721 5979 1728 5995 .
1748 5978 1783 5996 ..

386 6042 587 6118 Srnoczmr
613 6043 757 6138 rduuxrr,
785 6048 868 6126 villa
894 6049 958 6121 sub
976 6049 1152 6138 parochia
1179 6049 1221 6120 de
1250 6048 1596 6140 Cnemyernylry
1619 6049 1692 6119 sita
1711 6103 1718 6118 .
1739 6102 1772 6118 ..

385 6164 636 6258 Bacchidem,
665 6168 747 6241 uilla
774 6172 837 6242 suh
866 6171 1030 6259 parochia
1058 6165 1101 6242 dc
1129 6170 1477 6262 Cremyernylry¹
1497 6227 1504 6243 .
1524 6226 1559 6242 ..
1663 6172 1665 6205 ³

387 6285 533 6379 Gonni,
560 6290 643 6366 uilla
670 6290 733 6362 suh
760 6277 926 6381 parochia
953 6291 995 6363 de
1024 6291 1370 6385 Ozemycruyky
1391 6348 1397 6364 .
1422 6350 1455 6363 ..

387 6405 514 6483 Sucuc
542 6410 696 6504 Wourn‚
724 6412 806 6483 villa
833 6414 896 6486 suh
924 6415 1091 6506 parochia
1117 6415 1160 6486 do
1187 6415 1532 6507 Ozemyeruylry
1561 6414 1629 6485 sita
1647 6468 1655 6484 .
1674 6466 1681 6485 .
1700 6434 1721 6483 .’

389 6525 549 6622 Cuurnr,
577 6533 659 6605 villa
686 6535 851 6624 parochia
877 6535 920 6609 de
944 6534 1296 6630 ,Cnemyeruyky
1315 6593 1323 6609 .
1342 6592 1380 6613 ..
