<?xml version="1.0" encoding="UTF-8"?>
<!DOCTYPE html PUBLIC "-//W3C//DTD XHTML 1.0 Transitional//EN"
    "http://www.w3.org/TR/xhtml1/DTD/xhtml1-transitional.dtd">
<html xmlns="http://www.w3.org/1999/xhtml" xml:lang="en" lang="en">
 <head>
  <title>
</title>
<meta http-equiv="Content-Type" content="text/html;charset=utf-8" />
  <meta name='ocr-system' content='tesseract 3.04.00' />
  <meta name='ocr-capabilities' content='ocr_page ocr_carea ocr_par ocr_line ocrx_word'/>
</head>
<body>
  <div class='ocr_page' id='page_1' title='image "./joannisdugoszse01dugoog_0406.png"; bbox 0 0 4200 8342; ppageno 0'>
   <div class='ocr_carea' id='block_1_1' title="bbox 297 1653 371 1723">
    <p class='ocr_par' dir='ltr' id='par_1_1' title="bbox 297 1653 371 1723">
     <span class='ocr_line' id='line_1_1' title="bbox 297 1653 371 1723; baseline 0 0"><span class='ocrx_word' id='word_1_1' title='bbox 297 1653 371 1723; x_wconf 81' lang='grc'>374</span> 
     </span>
    </p>
   </div>
   <div class='ocr_carea' id='block_1_2' title="bbox 294 1853 1879 2069">
    <p class='ocr_par' dir='ltr' id='par_1_2' title="bbox 294 1853 1879 2069">
     <span class='ocr_line' id='line_1_2' title="bbox 294 1853 1879 1948; baseline 0 -19"><span class='ocrx_word' id='word_1_2' title='bbox 294 1858 442 1929; x_wconf 80' lang='lat' dir='ltr'>residuis</span> <span class='ocrx_word' id='word_1_3' title='bbox 469 1877 551 1928; x_wconf 86' lang='lat' dir='ltr'>vero</span> <span class='ocrx_word' id='word_1_4' title='bbox 579 1857 708 1946; x_wconf 90' lang='lat' dir='ltr'>campis</span> <span class='ocrx_word' id='word_1_5' title='bbox 735 1856 869 1946; x_wconf 90' lang='lat' dir='ltr'>praedii</span> <span class='ocrx_word' id='word_1_6' title='bbox 895 1853 1058 1947; x_wconf 86' lang='lat' dir='ltr'>praelati,</span> <span class='ocrx_word' id='word_1_7' title='bbox 1086 1858 1234 1929; x_wconf 88' lang='lat' dir='ltr'>solvitur</span> <span class='ocrx_word' id='word_1_8' title='bbox 1261 1856 1393 1929; x_wconf 89' lang='lat' dir='ltr'>decinro</span> <span class='ocrx_word' id='word_1_9' title='bbox 1420 1856 1647 1948; x_wconf 82' lang='lat' dir='ltr'>manipularis</span> <span class='ocrx_word' id='word_1_10' title='bbox 1674 1858 1707 1927; x_wconf 95' lang='lat' dir='ltr'>in</span> <span class='ocrx_word' id='word_1_11' title='bbox 1735 1856 1812 1929; x_wconf 82' lang='lat' dir='ltr'>lla.</span> <span class='ocrx_word' id='word_1_12' title='bbox 1851 1888 1879 1940; x_wconf 79' lang='grc'>6</span> 
     </span>
     <span class='ocr_line' id='line_1_3' title="bbox 295 1978 1109 2069; baseline -0.004 -18"><span class='ocrx_word' id='word_1_13' title='bbox 295 1979 465 2069; x_wconf 82' lang='lat' dir='ltr'>gnicze,</span> <span class='ocrx_word' id='word_1_14' title='bbox 492 1985 528 2049; x_wconf 89' lang='lat' dir='ltr'>et</span> <span class='ocrx_word' id='word_1_15' title='bbox 554 1978 652 2050; x_wconf 86' lang='lat' dir='ltr'>valor</span> <span class='ocrx_word' id='word_1_16' title='bbox 679 1979 752 2050; x_wconf 91' lang='lat' dir='ltr'>eius</span> <span class='ocrx_word' id='word_1_17' title='bbox 780 1978 823 2049; x_wconf 85' lang='lat' dir='ltr'>ad</span> <span class='ocrx_word' id='word_1_18' title='bbox 851 1978 937 2050; x_wconf 87' lang='lat' dir='ltr'>duas</span> <span class='ocrx_word' id='word_1_19' title='bbox 964 1998 1109 2050; x_wconf 87' lang='lat' dir='ltr'>marcas.</span> 
     </span>
    </p>
   </div>
   <div class='ocr_carea' id='block_1_3' title="bbox 399 2204 1892 2433">
    <p class='ocr_par' dir='ltr' id='par_1_3' title="bbox 399 2204 1892 2433">
     <span class='ocr_line' id='line_1_4' title="bbox 941 2204 1198 2278; baseline -0.004 -3"><span class='ocrx_word' id='word_1_20' title='bbox 941 2204 1198 2278; x_wconf 79' lang='lat' dir='ltr'>Doonowonn.</span> 
     </span>
     <span class='ocr_line' id='line_1_5' title="bbox 399 2341 1892 2433; baseline 0 -20"><span class='ocrx_word' id='word_1_21' title='bbox 399 2342 496 2413; x_wconf 89' lang='lat' dir='ltr'>Villa</span> <span class='ocrx_word' id='word_1_22' title='bbox 520 2343 653 2415; x_wconf 90' lang='lat' dir='ltr'>habens</span> <span class='ocrx_word' id='word_1_23' title='bbox 679 2345 716 2415; x_wconf 93' lang='lat' dir='ltr'>in</span> <span class='ocrx_word' id='word_1_24' title='bbox 743 2364 781 2415; x_wconf 91' lang='grc'>66</span> <span class='ocrx_word' id='word_1_25' title='bbox 808 2344 1041 2433; x_wconf 82' lang='lat' dir='ltr'>parochialem</span> <span class='ocrx_word' id='word_1_26' title='bbox 1060 2343 1249 2432; x_wconf 88' lang='lat' dir='ltr'>ecclesiam,</span> <span class='ocrx_word' id='word_1_27' title='bbox 1267 2342 1406 2413; x_wconf 88' lang='lat' dir='ltr'>filialem</span> <span class='ocrx_word' id='word_1_28' title='bbox 1425 2341 1591 2413; x_wconf 83' lang='lat' dir='ltr'>ecclesiae</span> <span class='ocrx_word' id='word_1_29' title='bbox 1610 2342 1655 2413; x_wconf 88' lang='lat' dir='ltr'>de</span> <span class='ocrx_word' id='word_1_30' title='bbox 1674 2342 1834 2433; x_wconf 83' lang='lat' dir='ltr'>Gbotel,</span> <span class='ocrx_word' id='word_1_31' title='bbox 1888 2367 1892 2376; x_wconf 96' lang='lat'><em>·</em></span> 
     </span>
    </p>
   </div>
   <div class='ocr_carea' id='block_1_4' title="bbox 125 2461 1832 2557">
    <p class='ocr_par' dir='ltr' id='par_1_4' title="bbox 125 2461 1832 2557">
     <span class='ocr_line' id='line_1_6' title="bbox 125 2461 1832 2557; baseline -0.001 -22"><span class='ocrx_word' id='word_1_32' title='bbox 125 2476 130 2489; x_wconf 91' lang='grc'><strong><em>·</em></strong></span> <span class='ocrx_word' id='word_1_33' title='bbox 194 2512 199 2519; x_wconf 93' lang='grc'><strong>-</strong></span> <span class='ocrx_word' id='word_1_34' title='bbox 297 2486 340 2535; x_wconf 85' lang='lat' dir='ltr'>err</span> <span class='ocrx_word' id='word_1_35' title='bbox 369 2483 440 2554; x_wconf 89' lang='lat' dir='ltr'>qna</span> <span class='ocrx_word' id='word_1_36' title='bbox 465 2469 604 2555; x_wconf 88' lang='lat' dir='ltr'>sumpta</span> <span class='ocrx_word' id='word_1_37' title='bbox 638 2470 674 2536; x_wconf 90' lang='lat' dir='ltr'>et</span> <span class='ocrx_word' id='word_1_38' title='bbox 699 2462 846 2536; x_wconf 83' lang='lat' dir='ltr'>lundata</span> <span class='ocrx_word' id='word_1_39' title='bbox 871 2468 942 2555; x_wconf 89' lang='lat' dir='ltr'>est,</span> <span class='ocrx_word' id='word_1_40' title='bbox 969 2468 1006 2535; x_wconf 86' lang='lat' dir='ltr'>ct</span> <span class='ocrx_word' id='word_1_41' title='bbox 1031 2464 1153 2536; x_wconf 87' lang='lat' dir='ltr'>dotata</span> <span class='ocrx_word' id='word_1_42' title='bbox 1178 2484 1241 2557; x_wconf 92' lang='lat' dir='ltr'>per</span> <span class='ocrx_word' id='word_1_43' title='bbox 1267 2463 1462 2536; x_wconf 89' lang='lat' dir='ltr'>Jobanncm</span> <span class='ocrx_word' id='word_1_44' title='bbox 1489 2461 1751 2553; x_wconf 83' lang='lat' dir='ltr'>Grotbonis</span> <span class='ocrx_word' id='word_1_45' title='bbox 1776 2464 1832 2553; x_wconf 85' lang='lat' dir='ltr'>epi·</span> 
     </span>
    </p>
   </div>
   <div class='ocr_carea' id='block_1_5' title="bbox 241 2584 1916 5593">
    <p class='ocr_par' dir='ltr' id='par_1_5' title="bbox 241 2584 1847 4254">
     <span class='ocr_line' id='line_1_7' title="bbox 296 2584 1828 2676; baseline -0.002 -19"><span class='ocrx_word' id='word_1_46' title='bbox 296 2604 438 2675; x_wconf 84' lang='lat' dir='ltr'>scopum</span> <span class='ocrx_word' id='word_1_47' title='bbox 475 2584 755 2675; x_wconf 83' lang='lat' dir='ltr'>Gracoricnsem,</span> <span class='ocrx_word' id='word_1_48' title='bbox 782 2592 818 2657; x_wconf 88' lang='lat' dir='ltr'>et</span> <span class='ocrx_word' id='word_1_49' title='bbox 851 2589 990 2657; x_wconf 87' lang='lat' dir='ltr'>murata</span> <span class='ocrx_word' id='word_1_50' title='bbox 1024 2585 1160 2675; x_wconf 89' lang='lat' dir='ltr'>lapideo</span> <span class='ocrx_word' id='word_1_51' title='bbox 1196 2606 1295 2657; x_wconf 92' lang='lat' dir='ltr'>muro</span> <span class='ocrx_word' id='word_1_52' title='bbox 1331 2606 1395 2676; x_wconf 89' lang='lat' dir='ltr'>per</span> <span class='ocrx_word' id='word_1_53' title='bbox 1421 2585 1622 2657; x_wconf 81' lang='lat' dir='ltr'><strong>Florianum</strong></span> <span class='ocrx_word' id='word_1_54' title='bbox 1651 2586 1828 2676; x_wconf 88' lang='lat' dir='ltr'>episcopm</span> 
     </span>
     <span class='ocr_line' id='line_1_8' title="bbox 296 2704 1830 2798; baseline 0 -22"><span class='ocrx_word' id='word_1_55' title='bbox 296 2705 579 2797; x_wconf 81' lang='lat' dir='ltr'>Gracoviensem,</span> <span class='ocrx_word' id='word_1_56' title='bbox 607 2706 826 2798; x_wconf 69' lang='lat' dir='ltr'>macraeque</span> <span class='ocrx_word' id='word_1_57' title='bbox 861 2707 976 2779; x_wconf 87' lang='lat' dir='ltr'>dicata</span> <span class='ocrx_word' id='word_1_58' title='bbox 1007 2706 1143 2778; x_wconf 87' lang='lat' dir='ltr'>Mariae</span> <span class='ocrx_word' id='word_1_59' title='bbox 1170 2704 1419 2797; x_wconf 81' lang='lat' dir='ltr'>Magdalenae;</span> <span class='ocrx_word' id='word_1_60' title='bbox 1455 2708 1552 2778; x_wconf 90' lang='lat' dir='ltr'>cuius</span> <span class='ocrx_word' id='word_1_61' title='bbox 1580 2706 1830 2797; x_wconf 85' lang='lat' dir='ltr'>proprietasad</span> 
     </span>
     <span class='ocr_line' id='line_1_9' title="bbox 296 2826 1833 2919; baseline -0.001 -21"><span class='ocrx_word' id='word_1_62' title='bbox 296 2827 494 2918; x_wconf 85' lang='lat' dir='ltr'>episcopum</span> <span class='ocrx_word' id='word_1_63' title='bbox 521 2827 786 2901; x_wconf 74' lang='lat' dir='ltr'>cracoviensem</span> <span class='ocrx_word' id='word_1_64' title='bbox 812 2849 876 2919; x_wconf 93' lang='lat' dir='ltr'>pro</span> <span class='ocrx_word' id='word_1_65' title='bbox 904 2833 1060 2918; x_wconf 89' lang='lat' dir='ltr'>tempore</span> <span class='ocrx_word' id='word_1_66' title='bbox 1086 2828 1248 2919; x_wconf 89' lang='lat' dir='ltr'>pertinet,</span> <span class='ocrx_word' id='word_1_67' title='bbox 1275 2829 1334 2919; x_wconf 91' lang='lat' dir='ltr'>qui</span> <span class='ocrx_word' id='word_1_68' title='bbox 1361 2834 1415 2899; x_wconf 87' lang='lat' dir='ltr'>est</span> <span class='ocrx_word' id='word_1_69' title='bbox 1441 2828 1535 2900; x_wconf 89' lang='lat' dir='ltr'>illius</span> <span class='ocrx_word' id='word_1_70' title='bbox 1562 2828 1686 2899; x_wconf 88' lang='lat' dir='ltr'>unicus</span> <span class='ocrx_word' id='word_1_71' title='bbox 1705 2826 1833 2898; x_wconf 89' lang='lat' dir='ltr'>collator</span> 
     </span>
     <span class='ocr_line' id='line_1_10' title="bbox 296 2948 1837 3040; baseline -0.001 -22"><span class='ocrx_word' id='word_1_72' title='bbox 296 2952 331 3019; x_wconf 92' lang='lat' dir='ltr'>ct</span> <span class='ocrx_word' id='word_1_73' title='bbox 358 2956 535 3038; x_wconf 90' lang='lat' dir='ltr'>patronus.</span> <span class='ocrx_word' id='word_1_74' title='bbox 575 2948 621 3020; x_wconf 90' lang='lat' dir='ltr'>ln</span> <span class='ocrx_word' id='word_1_75' title='bbox 644 2970 711 3040; x_wconf 90' lang='lat' dir='ltr'>qua</span> <span class='ocrx_word' id='word_1_76' title='bbox 739 2956 821 3021; x_wconf 88' lang='lat' dir='ltr'>sunt</span> <span class='ocrx_word' id='word_1_77' title='bbox 856 2954 934 3021; x_wconf 91' lang='lat' dir='ltr'>octo</span> <span class='ocrx_word' id='word_1_78' title='bbox 961 2949 1071 3040; x_wconf 89' lang='lat' dir='ltr'>lanei,</span> <span class='ocrx_word' id='word_1_79' title='bbox 1098 2955 1230 3040; x_wconf 84' lang='lat' dir='ltr'>septem</span> <span class='ocrx_word' id='word_1_80' title='bbox 1258 2950 1395 3040; x_wconf 90' lang='lat' dir='ltr'>quidem</span> <span class='ocrx_word' id='word_1_81' title='bbox 1424 2948 1680 3037; x_wconf 82' lang='grc'><strong>666116666166,</strong></span> <span class='ocrx_word' id='word_1_82' title='bbox 1710 2952 1837 3019; x_wconf 85' lang='grc'><strong>6616666</strong></span> 
     </span>
     <span class='ocr_line' id='line_1_11' title="bbox 295 3070 1840 3162; baseline -0.001 -21"><span class='ocrx_word' id='word_1_83' title='bbox 295 3088 378 3142; x_wconf 88' lang='grc'><strong>6666</strong></span> <span class='ocrx_word' id='word_1_84' title='bbox 405 3072 552 3161; x_wconf 84' lang='lat' dir='ltr'>plebani,</span> <span class='ocrx_word' id='word_1_85' title='bbox 580 3072 639 3162; x_wconf 90' lang='lat' dir='ltr'>qui</span> <span class='ocrx_word' id='word_1_86' title='bbox 666 3071 838 3162; x_wconf 89' lang='lat' dir='ltr'>qnondam</span> <span class='ocrx_word' id='word_1_87' title='bbox 865 3078 943 3142; x_wconf 92' lang='lat' dir='ltr'>erat</span> <span class='ocrx_word' id='word_1_88' title='bbox 969 3072 1205 3161; x_wconf 90' lang='lat' dir='ltr'>cmethonalis,</span> <span class='ocrx_word' id='word_1_89' title='bbox 1232 3071 1275 3144; x_wconf 90' lang='lat' dir='ltr'>de</span> <span class='ocrx_word' id='word_1_90' title='bbox 1302 3072 1427 3162; x_wconf 89' lang='lat' dir='ltr'>quibus</span> <span class='ocrx_word' id='word_1_91' title='bbox 1454 3071 1615 3142; x_wconf 90' lang='lat' dir='ltr'>omnibns</span> <span class='ocrx_word' id='word_1_92' title='bbox 1638 3071 1770 3160; x_wconf 83' lang='lat' dir='ltr'>absque</span> <span class='ocrx_word' id='word_1_93' title='bbox 1787 3070 1840 3141; x_wconf 90' lang='grc'><strong>611-</strong></span> 
     </span>
     <span class='ocr_line' id='line_1_12' title="bbox 295 3192 1843 3284; baseline -0.002 -20"><span class='ocrx_word' id='word_1_94' title='bbox 295 3212 365 3283; x_wconf 90' lang='lat' dir='ltr'>qua</span> <span class='ocrx_word' id='word_1_95' title='bbox 391 3192 626 3283; x_wconf 81' lang='lat' dir='ltr'>diminutione,</span> <span class='ocrx_word' id='word_1_96' title='bbox 652 3193 785 3265; x_wconf 89' lang='lat' dir='ltr'>decima</span> <span class='ocrx_word' id='word_1_97' title='bbox 811 3192 1036 3284; x_wconf 91' lang='lat' dir='ltr'>manipularis</span> <span class='ocrx_word' id='word_1_98' title='bbox 1064 3200 1100 3264; x_wconf 88' lang='grc'>61</span> <span class='ocrx_word' id='word_1_99' title='bbox 1127 3192 1301 3284; x_wconf 84' lang='lat' dir='ltr'>cenapolis</span> <span class='ocrx_word' id='word_1_100' title='bbox 1329 3192 1478 3271; x_wconf 84' lang='lat' dir='ltr'>solvitur</span> <span class='ocrx_word' id='word_1_101' title='bbox 1504 3198 1540 3263; x_wconf 86' lang='lat' dir='ltr'>ot</span> <span class='ocrx_word' id='word_1_102' title='bbox 1563 3192 1772 3263; x_wconf 76' lang='lat' dir='ltr'>conducitur</span> <span class='ocrx_word' id='word_1_103' title='bbox 1787 3212 1843 3283; x_wconf 91' lang='lat' dir='ltr'>pro</span> 
     </span>
     <span class='ocr_line' id='line_1_13' title="bbox 294 3312 1844 3386; baseline -0.001 -1"><span class='ocrx_word' id='word_1_104' title='bbox 294 3313 452 3385; x_wconf 82' lang='lat' dir='ltr'>custodia</span> <span class='ocrx_word' id='word_1_105' title='bbox 478 3313 685 3386; x_wconf 87' lang='lat' dir='ltr'>Visliciensi.</span> <span class='ocrx_word' id='word_1_106' title='bbox 711 3314 800 3385; x_wconf 89' lang='lat' dir='ltr'>Item</span> <span class='ocrx_word' id='word_1_107' title='bbox 826 3335 895 3386; x_wconf 92' lang='lat' dir='ltr'>non</span> <span class='ocrx_word' id='word_1_108' title='bbox 922 3319 1004 3385; x_wconf 90' lang='lat' dir='ltr'>sunt</span> <span class='ocrx_word' id='word_1_109' title='bbox 1030 3314 1067 3384; x_wconf 92' lang='lat' dir='ltr'>in</span> <span class='ocrx_word' id='word_1_110' title='bbox 1094 3314 1212 3385; x_wconf 88' lang='lat' dir='ltr'>cadem</span> <span class='ocrx_word' id='word_1_111' title='bbox 1241 3313 1325 3386; x_wconf 88' lang='lat' dir='ltr'>villa</span> <span class='ocrx_word' id='word_1_112' title='bbox 1342 3313 1570 3384; x_wconf 88' lang='lat' dir='ltr'>lrortulaniac.</span> <span class='ocrx_word' id='word_1_113' title='bbox 1597 3312 1687 3384; x_wconf 88' lang='lat' dir='ltr'>Item</span> <span class='ocrx_word' id='word_1_114' title='bbox 1707 3320 1762 3383; x_wconf 89' lang='lat' dir='ltr'>est</span> <span class='ocrx_word' id='word_1_115' title='bbox 1781 3332 1844 3383; x_wconf 88' lang='lat' dir='ltr'>una</span> 
     </span>
     <span class='ocr_line' id='line_1_14' title="bbox 294 3432 1845 3527; baseline -0.001 -22"><span class='ocrx_word' id='word_1_116' title='bbox 294 3432 441 3507; x_wconf 83' lang='lat' dir='ltr'>taberna</span> <span class='ocrx_word' id='word_1_117' title='bbox 466 3435 598 3507; x_wconf 86' lang='lat' dir='ltr'>babens</span> <span class='ocrx_word' id='word_1_118' title='bbox 625 3456 739 3527; x_wconf 84' lang='lat' dir='ltr'>agros,</span> <span class='ocrx_word' id='word_1_119' title='bbox 766 3456 809 3507; x_wconf 82' lang='lat' dir='ltr'>ox</span> <span class='ocrx_word' id='word_1_120' title='bbox 836 3436 979 3526; x_wconf 87' lang='lat' dir='ltr'>praedio</span> <span class='ocrx_word' id='word_1_121' title='bbox 1006 3435 1194 3526; x_wconf 87' lang='lat' dir='ltr'>episcopali</span> <span class='ocrx_word' id='word_1_122' title='bbox 1222 3435 1272 3505; x_wconf 93' lang='lat' dir='ltr'>illi</span> <span class='ocrx_word' id='word_1_123' title='bbox 1299 3435 1455 3523; x_wconf 77' lang='lat' dir='ltr'>largitae,</span> <span class='ocrx_word' id='word_1_124' title='bbox 1474 3434 1517 3505; x_wconf 89' lang='lat' dir='ltr'>de</span> <span class='ocrx_word' id='word_1_125' title='bbox 1536 3435 1662 3524; x_wconf 89' lang='lat' dir='ltr'>qnibns</span> <span class='ocrx_word' id='word_1_126' title='bbox 1681 3434 1845 3505; x_wconf 87' lang='lat' dir='ltr'>decinram</span> 
     </span>
     <span class='ocr_line' id='line_1_15' title="bbox 294 3556 1846 3647; baseline -0.001 -20"><span class='ocrx_word' id='word_1_127' title='bbox 294 3556 545 3647; x_wconf 88' lang='lat' dir='ltr'>manipularem</span> <span class='ocrx_word' id='word_1_128' title='bbox 572 3557 676 3629; x_wconf 84' lang='lat' dir='ltr'>solvit</span> <span class='ocrx_word' id='word_1_129' title='bbox 703 3557 869 3629; x_wconf 87' lang='lat' dir='ltr'>ecclesiae</span> <span class='ocrx_word' id='word_1_130' title='bbox 896 3558 931 3628; x_wconf 94' lang='lat' dir='ltr'>in</span> <span class='ocrx_word' id='word_1_131' title='bbox 958 3556 1258 3628; x_wconf 86' lang='lat' dir='ltr'>Dobrouoda.</span> <span class='ocrx_word' id='word_1_132' title='bbox 1290 3557 1377 3627; x_wconf 91' lang='lat' dir='ltr'>ltem</span> <span class='ocrx_word' id='word_1_133' title='bbox 1406 3561 1460 3627; x_wconf 89' lang='lat' dir='ltr'>ost</span> <span class='ocrx_word' id='word_1_134' title='bbox 1485 3556 1534 3627; x_wconf 92' lang='lat' dir='ltr'>ibi</span> <span class='ocrx_word' id='word_1_135' title='bbox 1562 3556 1659 3627; x_wconf 91' lang='lat' dir='ltr'>curia</span> <span class='ocrx_word' id='word_1_136' title='bbox 1686 3563 1725 3626; x_wconf 91' lang='grc'>61</span> <span class='ocrx_word' id='word_1_137' title='bbox 1751 3575 1846 3645; x_wconf 79' lang='lat' dir='ltr'>proe-</span> 
     </span>
     <span class='ocr_line' id='line_1_16' title="bbox 295 3662 1847 3769; baseline -0.001 -21"><span class='ocrx_word' id='word_1_138' title='bbox 295 3675 390 3749; x_wconf 89' lang='lat' dir='ltr'>dium</span> <span class='ocrx_word' id='word_1_139' title='bbox 416 3678 629 3769; x_wconf 88' lang='lat' dir='ltr'>episcopale,</span> <span class='ocrx_word' id='word_1_140' title='bbox 657 3679 789 3750; x_wconf 90' lang='lat' dir='ltr'>babens</span> <span class='ocrx_word' id='word_1_141' title='bbox 815 3698 936 3769; x_wconf 89' lang='lat' dir='ltr'>agros,</span> <span class='ocrx_word' id='word_1_142' title='bbox 964 3678 1007 3749; x_wconf 90' lang='lat' dir='ltr'>de</span> <span class='ocrx_word' id='word_1_143' title='bbox 1035 3679 1160 3768; x_wconf 88' lang='lat' dir='ltr'>quibus</span> <span class='ocrx_word' id='word_1_144' title='bbox 1187 3678 1321 3750; x_wconf 90' lang='lat' dir='ltr'>decima</span> <span class='ocrx_word' id='word_1_145' title='bbox 1347 3678 1493 3749; x_wconf 88' lang='lat' dir='ltr'>solvitur</span> <span class='ocrx_word' id='word_1_146' title='bbox 1520 3677 1687 3747; x_wconf 87' lang='lat' dir='ltr'>ecclcsiae</span> <span class='ocrx_word' id='word_1_147' title='bbox 1716 3662 1758 3747; x_wconf 86' lang='lat' dir='ltr'>ot¹</span> <span class='ocrx_word' id='word_1_148' title='bbox 1779 3675 1847 3766; x_wconf 72' lang='lat' dir='ltr'>ple</span> 
     </span>
     <span class='ocr_line' id='line_1_17' title="bbox 295 3798 1846 3872; baseline -0.003 -1"><span class='ocrx_word' id='word_1_149' title='bbox 295 3798 386 3871; x_wconf 89' lang='lat' dir='ltr'>bano</span> <span class='ocrx_word' id='word_1_150' title='bbox 412 3799 479 3871; x_wconf 89' lang='lat' dir='ltr'>loci</span> <span class='ocrx_word' id='word_1_151' title='bbox 506 3800 658 3872; x_wconf 85' lang='lat' dir='ltr'>eiusdem</span> <span class='ocrx_word' id='word_1_152' title='bbox 685 3802 720 3871; x_wconf 93' lang='lat' dir='ltr'>in</span> <span class='ocrx_word' id='word_1_153' title='bbox 739 3799 1035 3872; x_wconf 85' lang='lat' dir='ltr'>Dobronoda.</span> <span class='ocrx_word' id='word_1_154' title='bbox 1062 3800 1147 3871; x_wconf 89' lang='lat' dir='ltr'>Item</span> <span class='ocrx_word' id='word_1_155' title='bbox 1168 3800 1313 3871; x_wconf 88' lang='lat' dir='ltr'>ecclesia</span> <span class='ocrx_word' id='word_1_156' title='bbox 1330 3799 1423 3871; x_wconf 88' lang='lat' dir='ltr'>ultra</span> <span class='ocrx_word' id='word_1_157' title='bbox 1440 3798 1578 3869; x_wconf 89' lang='lat' dir='ltr'>laneum</span> <span class='ocrx_word' id='word_1_158' title='bbox 1597 3798 1846 3870; x_wconf 88' lang='lat' dir='ltr'>cmetlronalem</span> 
     </span>
     <span class='ocr_line' id='line_1_18' title="bbox 256 3918 1846 4013; baseline 0.001 -26"><span class='ocrx_word' id='word_1_159' title='bbox 256 3980 259 3987; x_wconf 93' lang='lat'><em>.</em></span> <span class='ocrx_word' id='word_1_160' title='bbox 291 3918 329 3991; x_wconf 86' lang='lat' dir='ltr'>ei</span> <span class='ocrx_word' id='word_1_161' title='bbox 355 3920 482 4011; x_wconf 92' lang='lat' dir='ltr'>datum,</span> <span class='ocrx_word' id='word_1_162' title='bbox 509 3922 615 3994; x_wconf 88' lang='lat' dir='ltr'>babet</span> <span class='ocrx_word' id='word_1_163' title='bbox 639 3922 775 4013; x_wconf 85' lang='lat' dir='ltr'>aliquas</span> <span class='ocrx_word' id='word_1_164' title='bbox 801 3922 916 4011; x_wconf 90' lang='lat' dir='ltr'>pecics</span> <span class='ocrx_word' id='word_1_165' title='bbox 944 3942 1121 4012; x_wconf 80' lang='lat' dir='ltr'>agrorum,</span> <span class='ocrx_word' id='word_1_166' title='bbox 1150 3922 1185 3991; x_wconf 94' lang='lat' dir='ltr'>in</span> <span class='ocrx_word' id='word_1_167' title='bbox 1212 3922 1346 4012; x_wconf 90' lang='lat' dir='ltr'>postico</span> <span class='ocrx_word' id='word_1_168' title='bbox 1374 3940 1457 3992; x_wconf 89' lang='lat' dir='ltr'>suae</span> <span class='ocrx_word' id='word_1_169' title='bbox 1484 3919 1624 4009; x_wconf 88' lang='lat' dir='ltr'>domus,</span> <span class='ocrx_word' id='word_1_170' title='bbox 1653 3919 1697 3991; x_wconf 91' lang='lat' dir='ltr'>de</span> <span class='ocrx_word' id='word_1_171' title='bbox 1725 3919 1846 4010; x_wconf 89' lang='lat' dir='ltr'>quibus</span> 
     </span>
     <span class='ocr_line' id='line_1_19' title="bbox 252 4040 1847 4145; baseline -0.006 -26"><span class='ocrx_word' id='word_1_172' title='bbox 252 4060 364 4145; x_wconf 54' lang='lat' dir='ltr'>gmon</span> <span class='ocrx_word' id='word_1_173' title='bbox 391 4042 540 4114; x_wconf 89' lang='lat' dir='ltr'>decimat</span> <span class='ocrx_word' id='word_1_174' title='bbox 566 4042 700 4115; x_wconf 89' lang='lat' dir='ltr'>custodi</span> <span class='ocrx_word' id='word_1_175' title='bbox 726 4042 934 4133; x_wconf 88' lang='lat' dir='ltr'>Visliciensi,</span> <span class='ocrx_word' id='word_1_176' title='bbox 962 4043 1044 4133; x_wconf 92' lang='lat' dir='ltr'>quia</span> <span class='ocrx_word' id='word_1_177' title='bbox 1071 4046 1171 4114; x_wconf 87' lang='lat' dir='ltr'>erant</span> <span class='ocrx_word' id='word_1_178' title='bbox 1197 4042 1369 4133; x_wconf 88' lang='lat' dir='ltr'>qnondam</span> <span class='ocrx_word' id='word_1_179' title='bbox 1397 4040 1605 4132; x_wconf 89' lang='lat' dir='ltr'>praediales,</span> <span class='ocrx_word' id='word_1_180' title='bbox 1634 4060 1675 4111; x_wconf 86' lang='lat' dir='ltr'>ex</span> <span class='ocrx_word' id='word_1_181' title='bbox 1706 4040 1847 4131; x_wconf 87' lang='lat' dir='ltr'>praedio</span> 
     </span>
     <span class='ocr_line' id='line_1_20' title="bbox 241 4162 1073 4254; baseline 0.004 -23"><span class='ocrx_word' id='word_1_182' title='bbox 241 4223 252 4243; x_wconf 86' lang='grc'>,</span> <span class='ocrx_word' id='word_1_183' title='bbox 294 4162 500 4254; x_wconf 83' lang='lat' dir='ltr'>episcopali3</span> <span class='ocrx_word' id='word_1_184' title='bbox 527 4164 609 4236; x_wconf 91' lang='lat' dir='ltr'>item</span> <span class='ocrx_word' id='word_1_185' title='bbox 636 4165 755 4238; x_wconf 83' lang='lat' dir='ltr'>babet.</span> <span class='ocrx_word' id='word_1_186' title='bbox 769 4169 907 4254; x_wconf 89' lang='lat' dir='ltr'>pratum</span> <span class='ocrx_word' id='word_1_187' title='bbox 935 4163 1073 4235; x_wconf 85' lang='lat' dir='ltr'>ibidem.</span> 
     </span>
    </p>

    <p class='ocr_par' dir='ltr' id='par_1_6' title="bbox 291 4283 1916 5593">
     <span class='ocr_line' id='line_1_21' title="bbox 397 4283 1846 4376; baseline -0.001 -21"><span class='ocrx_word' id='word_1_188' title='bbox 397 4284 610 4375; x_wconf 79' lang='lat' dir='ltr'>Bannnow,</span> <span class='ocrx_word' id='word_1_189' title='bbox 638 4286 722 4357; x_wconf 89' lang='lat' dir='ltr'>villa</span> <span class='ocrx_word' id='word_1_190' title='bbox 756 4285 820 4357; x_wconf 91' lang='lat' dir='ltr'>snb</span> <span class='ocrx_word' id='word_1_191' title='bbox 855 4286 1022 4376; x_wconf 86' lang='lat' dir='ltr'>parochia</span> <span class='ocrx_word' id='word_1_192' title='bbox 1057 4285 1221 4356; x_wconf 86' lang='lat' dir='ltr'>ecclesiae</span> <span class='ocrx_word' id='word_1_193' title='bbox 1249 4286 1292 4357; x_wconf 92' lang='lat' dir='ltr'>de</span> <span class='ocrx_word' id='word_1_194' title='bbox 1318 4283 1607 4357; x_wconf 83' lang='lat' dir='ltr'>Dobrouoda</span> <span class='ocrx_word' id='word_1_195' title='bbox 1633 4284 1723 4373; x_wconf 87' lang='lat' dir='ltr'>sita,</span> <span class='ocrx_word' id='word_1_196' title='bbox 1751 4283 1846 4355; x_wconf 90' lang='lat' dir='ltr'>cuius</span> 
     </span>
     <span class='ocr_line' id='line_1_22' title="bbox 295 4404 1844 4497; baseline 0.001 -24"><span class='ocrx_word' id='word_1_197' title='bbox 295 4404 492 4493; x_wconf 87' lang='lat' dir='ltr'>proprietas</span> <span class='ocrx_word' id='word_1_198' title='bbox 527 4405 572 4476; x_wconf 92' lang='lat' dir='ltr'>ad</span> <span class='ocrx_word' id='word_1_199' title='bbox 608 4406 844 4496; x_wconf 89' lang='lat' dir='ltr'>episcopatum</span> <span class='ocrx_word' id='word_1_200' title='bbox 881 4404 1142 4479; x_wconf 82' lang='lat' dir='ltr'>Cracovicnsem</span> <span class='ocrx_word' id='word_1_201' title='bbox 1172 4408 1341 4497; x_wconf 85' lang='lat' dir='ltr'>pertinet.</span> <span class='ocrx_word' id='word_1_202' title='bbox 1380 4406 1420 4476; x_wconf 94' lang='lat' dir='ltr'>ln</span> <span class='ocrx_word' id='word_1_203' title='bbox 1454 4426 1521 4496; x_wconf 87' lang='lat' dir='ltr'>qna</span> <span class='ocrx_word' id='word_1_204' title='bbox 1557 4410 1640 4476; x_wconf 88' lang='lat' dir='ltr'>sunt</span> <span class='ocrx_word' id='word_1_205' title='bbox 1666 4405 1785 4476; x_wconf 86' lang='lat' dir='ltr'>decern</span> <span class='ocrx_word' id='word_1_206' title='bbox 1812 4410 1844 4475; x_wconf 87' lang='lat' dir='ltr'>et</span> 
     </span>
     <span class='ocr_line' id='line_1_23' title="bbox 296 4525 1848 4625; baseline 0.001 -30"><span class='ocrx_word' id='word_1_207' title='bbox 296 4544 418 4596; x_wconf 91' lang='lat' dir='ltr'>novem</span> <span class='ocrx_word' id='word_1_208' title='bbox 446 4525 536 4597; x_wconf 92' lang='lat' dir='ltr'>lanei</span> <span class='ocrx_word' id='word_1_209' title='bbox 563 4527 813 4619; x_wconf 76' lang='lat' dir='ltr'>cmctlronales,</span> <span class='ocrx_word' id='word_1_210' title='bbox 841 4528 924 4599; x_wconf 86' lang='lat' dir='ltr'>item</span> <span class='ocrx_word' id='word_1_211' title='bbox 951 4528 1131 4619; x_wconf 89' lang='lat' dir='ltr'>praedium</span> <span class='ocrx_word' id='word_1_212' title='bbox 1150 4529 1354 4625; x_wconf 25' lang='lat' dir='ltr'>&#39;episcopale</span> <span class='ocrx_word' id='word_1_213' title='bbox 1381 4528 1424 4599; x_wconf 90' lang='lat' dir='ltr'>de</span> <span class='ocrx_word' id='word_1_214' title='bbox 1451 4526 1583 4617; x_wconf 88' lang='lat' dir='ltr'>aliquot</span> <span class='ocrx_word' id='word_1_215' title='bbox 1609 4527 1740 4619; x_wconf 88' lang='lat' dir='ltr'>laneis,</span> <span class='ocrx_word' id='word_1_216' title='bbox 1766 4526 1848 4598; x_wconf 85' lang='lat' dir='ltr'>item</span> 
     </span>
     <span class='ocr_line' id='line_1_24' title="bbox 295 4646 1849 4740; baseline 0 -23"><span class='ocrx_word' id='word_1_217' title='bbox 295 4646 442 4717; x_wconf 88' lang='lat' dir='ltr'>taberna</span> <span class='ocrx_word' id='word_1_218' title='bbox 477 4647 609 4719; x_wconf 86' lang='lat' dir='ltr'>habens</span> <span class='ocrx_word' id='word_1_219' title='bbox 645 4648 800 4739; x_wconf 91' lang='lat' dir='ltr'>laneum,</span> <span class='ocrx_word' id='word_1_220' title='bbox 835 4648 879 4720; x_wconf 92' lang='lat' dir='ltr'>dc</span> <span class='ocrx_word' id='word_1_221' title='bbox 915 4650 1039 4739; x_wconf 91' lang='lat' dir='ltr'>quibus</span> <span class='ocrx_word' id='word_1_222' title='bbox 1075 4650 1233 4721; x_wconf 90' lang='lat' dir='ltr'>omnibns</span> <span class='ocrx_word' id='word_1_223' title='bbox 1269 4651 1402 4740; x_wconf 87' lang='lat' dir='ltr'>absque</span> <span class='ocrx_word' id='word_1_224' title='bbox 1438 4646 1667 4719; x_wconf 90' lang='lat' dir='ltr'>diminutione</span> <span class='ocrx_word' id='word_1_225' title='bbox 1701 4647 1849 4719; x_wconf 84' lang='lat' dir='ltr'>solvitur</span> 
     </span>
     <span class='ocr_line' id='line_1_25' title="bbox 294 4765 1847 4861; baseline 0.001 -23"><span class='ocrx_word' id='word_1_226' title='bbox 294 4765 427 4843; x_wconf 88' lang='lat' dir='ltr'>decima</span> <span class='ocrx_word' id='word_1_227' title='bbox 461 4769 686 4861; x_wconf 83' lang='lat' dir='ltr'>manipularis</span> <span class='ocrx_word' id='word_1_228' title='bbox 721 4770 899 4843; x_wconf 89' lang='lat' dir='ltr'>custodiae</span> <span class='ocrx_word' id='word_1_229' title='bbox 933 4768 1150 4859; x_wconf 86' lang='lat' dir='ltr'>Visliciensi,</span> <span class='ocrx_word' id='word_1_230' title='bbox 1182 4776 1218 4842; x_wconf 90' lang='lat' dir='ltr'>et</span> <span class='ocrx_word' id='word_1_231' title='bbox 1252 4790 1316 4860; x_wconf 89' lang='lat' dir='ltr'>per</span> <span class='ocrx_word' id='word_1_232' title='bbox 1353 4769 1484 4841; x_wconf 86' lang='lat' dir='ltr'>incolas</span> <span class='ocrx_word' id='word_1_233' title='bbox 1509 4770 1662 4860; x_wconf 90' lang='lat' dir='ltr'>propriis</span> <span class='ocrx_word' id='word_1_234' title='bbox 1690 4769 1847 4841; x_wconf 89' lang='lat' dir='ltr'>curribus</span> 
     </span>
     <span class='ocr_line' id='line_1_26' title="bbox 293 4890 1846 4982; baseline 0.001 -23"><span class='ocrx_word' id='word_1_235' title='bbox 293 4890 430 4964; x_wconf 91' lang='lat' dir='ltr'>ducitur</span> <span class='ocrx_word' id='word_1_236' title='bbox 457 4891 492 4961; x_wconf 93' lang='lat' dir='ltr'>in</span> <span class='ocrx_word' id='word_1_237' title='bbox 520 4892 683 4963; x_wconf 88' lang='lat' dir='ltr'>borreum</span> <span class='ocrx_word' id='word_1_238' title='bbox 710 4892 901 4982; x_wconf 88' lang='lat' dir='ltr'>locandum,</span> <span class='ocrx_word' id='word_1_239' title='bbox 928 4896 964 4963; x_wconf 89' lang='lat' dir='ltr'>ct</span> <span class='ocrx_word' id='word_1_240' title='bbox 990 4893 1130 4965; x_wconf 90' lang='lat' dir='ltr'>solvunt</span> <span class='ocrx_word' id='word_1_241' title='bbox 1157 4890 1323 4963; x_wconf 88' lang='lat' dir='ltr'>decimam</span> <span class='ocrx_word' id='word_1_242' title='bbox 1351 4892 1473 4981; x_wconf 88' lang='lat' dir='ltr'>canapi</span> <span class='ocrx_word' id='word_1_243' title='bbox 1500 4891 1543 4962; x_wconf 90' lang='lat' dir='ltr'>dc</span> <span class='ocrx_word' id='word_1_244' title='bbox 1560 4890 1662 4961; x_wconf 88' lang='lat' dir='ltr'>laneo</span> <span class='ocrx_word' id='word_1_245' title='bbox 1680 4911 1746 4981; x_wconf 86' lang='lat' dir='ltr'>per</span> <span class='ocrx_word' id='word_1_246' title='bbox 1764 4910 1846 4981; x_wconf 88' lang='lat' dir='ltr'>qua-</span> 
     </span>
     <span class='ocr_line' id='line_1_27' title="bbox 291 5012 1846 5107; baseline 0 -26"><span class='ocrx_word' id='word_1_247' title='bbox 291 5016 373 5085; x_wconf 91' lang='lat' dir='ltr'>tuor</span> <span class='ocrx_word' id='word_1_248' title='bbox 398 5014 554 5105; x_wconf 77' lang='lat' dir='ltr'>iemgaS,</span> <span class='ocrx_word' id='word_1_249' title='bbox 582 5020 617 5085; x_wconf 89' lang='grc'>61</span> <span class='ocrx_word' id='word_1_250' title='bbox 643 5014 743 5087; x_wconf 89' lang='grc'><strong>66166</strong></span> <span class='ocrx_word' id='word_1_251' title='bbox 775 5014 928 5087; x_wconf 89' lang='lat' dir='ltr'>decimae</span> <span class='ocrx_word' id='word_1_252' title='bbox 964 5014 1181 5086; x_wconf 87' lang='lat' dir='ltr'>aestimatur·</span> <span class='ocrx_word' id='word_1_253' title='bbox 1196 5013 1253 5107; x_wconf 85' lang='lat' dir='ltr'>ad¹</span> <span class='ocrx_word' id='word_1_254' title='bbox 1267 5013 1391 5103; x_wconf 84' lang='lat' dir='ltr'>viginti</span> <span class='ocrx_word' id='word_1_255' title='bbox 1418 5032 1564 5083; x_wconf 91' lang='lat' dir='ltr'>marcas.</span> <span class='ocrx_word' id='word_1_256' title='bbox 1602 5012 1691 5083; x_wconf 91' lang='lat' dir='ltr'>ltem</span> <span class='ocrx_word' id='word_1_257' title='bbox 1720 5016 1775 5083; x_wconf 88' lang='lat' dir='ltr'>est</span> <span class='ocrx_word' id='word_1_258' title='bbox 1800 5012 1846 5083; x_wconf 94' lang='lat' dir='ltr'>ibi</span> 
     </span>
     <span class='ocr_line' id='line_1_28' title="bbox 291 5120 1844 5241; baseline -0.001 -36"><span class='ocrx_word' id='word_1_259' title='bbox 291 5154 382 5205; x_wconf 84' lang='lat' dir='ltr'>nnus</span> <span class='ocrx_word' id='word_1_260' title='bbox 407 5135 529 5209; x_wconf 91' lang='lat' dir='ltr'>laneus</span> <span class='ocrx_word' id='word_1_261' title='bbox 555 5137 716 5228; x_wconf 90' lang='lat' dir='ltr'>specialis</span> <span class='ocrx_word' id='word_1_262' title='bbox 743 5137 908 5209; x_wconf 87' lang='lat' dir='ltr'>ccclesiae</span> <span class='ocrx_word' id='word_1_263' title='bbox 935 5142 973 5209; x_wconf 89' lang='lat' dir='ltr'>ct</span> <span class='ocrx_word' id='word_1_264' title='bbox 997 5136 1136 5227; x_wconf 88' lang='lat' dir='ltr'>plebani</span> <span class='ocrx_word' id='word_1_265' title='bbox 1164 5136 1200 5206; x_wconf 93' lang='grc'>16</span> <span class='ocrx_word' id='word_1_266' title='bbox 1216 5120 1519 5241; x_wconf 62' lang='lat' dir='ltr'>{bfqbrowoda</span> <span class='ocrx_word' id='word_1_267' title='bbox 1538 5154 1605 5205; x_wconf 93' lang='lat' dir='ltr'>non</span> <span class='ocrx_word' id='word_1_268' title='bbox 1626 5138 1844 5223; x_wconf 87' lang='lat' dir='ltr'>computatus</span> 
     </span>
     <span class='ocr_line' id='line_1_29' title="bbox 294 5254 1916 5349; baseline 0.001 -25"><span class='ocrx_word' id='word_1_269' title='bbox 294 5255 386 5326; x_wconf 91' lang='lat' dir='ltr'>inter</span> <span class='ocrx_word' id='word_1_270' title='bbox 412 5257 531 5328; x_wconf 88' lang='lat' dir='ltr'>laneos</span> <span class='ocrx_word' id='word_1_271' title='bbox 558 5259 791 5330; x_wconf 87' lang='lat' dir='ltr'>cnrctbonalos</span> <span class='ocrx_word' id='word_1_272' title='bbox 818 5265 855 5329; x_wconf 89' lang='lat' dir='ltr'>et</span> <span class='ocrx_word' id='word_1_273' title='bbox 880 5259 1065 5349; x_wconf 85' lang='lat' dir='ltr'>tabernac,</span> <span class='ocrx_word' id='word_1_274' title='bbox 1093 5277 1199 5348; x_wconf 87' lang='lat' dir='ltr'>snpra</span> <span class='ocrx_word' id='word_1_275' title='bbox 1225 5254 1435 5347; x_wconf 90' lang='lat' dir='ltr'>descriptos,</span> <span class='ocrx_word' id='word_1_276' title='bbox 1463 5257 1521 5347; x_wconf 96' lang='lat' dir='ltr'>qni</span> <span class='ocrx_word' id='word_1_277' title='bbox 1548 5256 1747 5327; x_wconf 90' lang='lat' dir='ltr'>cumomni</span> <span class='ocrx_word' id='word_1_278' title='bbox 1775 5257 1846 5327; x_wconf 77' lang='lat' dir='ltr'>iura</span> <span class='ocrx_word' id='word_1_279' title='bbox 1909 5284 1916 5315; x_wconf 70' lang='grc' dir='ltr'>τ</span> 
     </span>
     <span class='ocr_line' id='line_1_30' title="bbox 294 5375 1916 5470; baseline 0 -23"><span class='ocrx_word' id='word_1_280' title='bbox 294 5382 433 5447; x_wconf 90' lang='lat' dir='ltr'>etcum</span> <span class='ocrx_word' id='word_1_281' title='bbox 461 5377 594 5459; x_wconf 88' lang='lat' dir='ltr'>decima</span> <span class='ocrx_word' id='word_1_282' title='bbox 620 5379 838 5469; x_wconf 88' lang='lat' dir='ltr'>manipulari,</span> <span class='ocrx_word' id='word_1_283' title='bbox 866 5384 1001 5470; x_wconf 88' lang='lat' dir='ltr'>spectat</span> <span class='ocrx_word' id='word_1_284' title='bbox 1027 5378 1071 5449; x_wconf 87' lang='lat' dir='ltr'>ad</span> <span class='ocrx_word' id='word_1_285' title='bbox 1099 5378 1301 5469; x_wconf 87' lang='lat' dir='ltr'>plebanum,</span> <span class='ocrx_word' id='word_1_286' title='bbox 1329 5378 1466 5450; x_wconf 87' lang='lat' dir='ltr'>solvens</span> <span class='ocrx_word' id='word_1_287' title='bbox 1493 5375 1661 5448; x_wconf 91' lang='lat' dir='ltr'>decimam</span> <span class='ocrx_word' id='word_1_288' title='bbox 1690 5377 1845 5467; x_wconf 83' lang='lat' dir='ltr'>manipn-</span> <span class='ocrx_word' id='word_1_289' title='bbox 1910 5414 1916 5423; x_wconf 95' lang='lat'><strong>·</strong></span> 
     </span>
     <span class='ocr_line' id='line_1_31' title="bbox 293 5498 1895 5593; baseline -0.003 -25"><span class='ocrx_word' id='word_1_290' title='bbox 293 5499 400 5571; x_wconf 87' lang='lat' dir='ltr'>larem</span> <span class='ocrx_word' id='word_1_291' title='bbox 427 5498 538 5571; x_wconf 90' lang='lat' dir='ltr'>cidem</span> <span class='ocrx_word' id='word_1_292' title='bbox 565 5500 730 5571; x_wconf 89' lang='lat' dir='ltr'>ccclesiae</span> <span class='ocrx_word' id='word_1_293' title='bbox 756 5506 793 5572; x_wconf 94' lang='grc'>61</span> <span class='ocrx_word' id='word_1_294' title='bbox 818 5501 965 5590; x_wconf 91' lang='lat' dir='ltr'>plebano</span> <span class='ocrx_word' id='word_1_295' title='bbox 993 5501 1029 5571; x_wconf 94' lang='grc'>16</span> <span class='ocrx_word' id='word_1_296' title='bbox 1056 5500 1354 5591; x_wconf 87' lang='lat' dir='ltr'>Dobronoda,</span> <span class='ocrx_word' id='word_1_297' title='bbox 1381 5521 1432 5591; x_wconf 93' lang='lat' dir='ltr'>eo,</span> <span class='ocrx_word' id='word_1_298' title='bbox 1460 5498 1551 5593; x_wconf 91' lang='lat' dir='ltr'>qnod</span> <span class='ocrx_word' id='word_1_299' title='bbox 1578 5506 1654 5571; x_wconf 88' lang='lat' dir='ltr'>orat</span> <span class='ocrx_word' id='word_1_300' title='bbox 1673 5498 1895 5589; x_wconf 83' lang='lat' dir='ltr'>qnondam..</span> 
     </span>
    </p>
   </div>
   <div class='ocr_carea' id='block_1_6' title="bbox 186 5620 1416 5711">
    <p class='ocr_par' dir='ltr' id='par_1_7' title="bbox 186 5620 1416 5711">
     <span class='ocr_line' id='line_1_32' title="bbox 186 5620 1416 5711; baseline 0.003 -20"><span class='ocrx_word' id='word_1_301' title='bbox 186 5682 200 5699; x_wconf 83' lang='lat'><strong><em>.</em></strong></span> <span class='ocrx_word' id='word_1_302' title='bbox 293 5621 490 5711; x_wconf 89' lang='lat' dir='ltr'>praedialis.</span> <span class='ocrx_word' id='word_1_303' title='bbox 515 5620 604 5692; x_wconf 87' lang='lat' dir='ltr'>Item</span> <span class='ocrx_word' id='word_1_304' title='bbox 630 5642 699 5693; x_wconf 93' lang='lat' dir='ltr'>non</span> <span class='ocrx_word' id='word_1_305' title='bbox 727 5622 869 5693; x_wconf 92' lang='lat' dir='ltr'>suntin</span> <span class='ocrx_word' id='word_1_306' title='bbox 896 5620 1054 5711; x_wconf 84' lang='lat' dir='ltr'>praelata</span> <span class='ocrx_word' id='word_1_307' title='bbox 1081 5621 1163 5694; x_wconf 85' lang='lat' dir='ltr'>villa</span> <span class='ocrx_word' id='word_1_308' title='bbox 1189 5622 1416 5695; x_wconf 82' lang='lat' dir='ltr'>hortulaniae</span> 
     </span>
    </p>
   </div>
   <div class='ocr_carea' id='block_1_7' title="bbox 292 5739 1851 6687">
    <p class='ocr_par' dir='ltr' id='par_1_8' title="bbox 292 5739 1851 6687">
     <span class='ocr_line' id='line_1_33' title="bbox 398 5739 1845 5835; baseline -0.001 -20"><span class='ocrx_word' id='word_1_309' title='bbox 398 5742 594 5835; x_wconf 78' lang='lat' dir='ltr'>Gnnnwn,</span> <span class='ocrx_word' id='word_1_310' title='bbox 620 5743 704 5815; x_wconf 90' lang='lat' dir='ltr'>villa</span> <span class='ocrx_word' id='word_1_311' title='bbox 727 5744 803 5815; x_wconf 85' lang='lat' dir='ltr'>sub</span> <span class='ocrx_word' id='word_1_312' title='bbox 840 5744 1005 5834; x_wconf 91' lang='lat' dir='ltr'>parocbia</span> <span class='ocrx_word' id='word_1_313' title='bbox 1040 5743 1205 5814; x_wconf 86' lang='lat' dir='ltr'>ecclcsiae</span> <span class='ocrx_word' id='word_1_314' title='bbox 1243 5741 1286 5813; x_wconf 92' lang='lat' dir='ltr'>dc</span> <span class='ocrx_word' id='word_1_315' title='bbox 1321 5740 1607 5815; x_wconf 84' lang='lat' dir='ltr'>llobronoda</span> <span class='ocrx_word' id='word_1_316' title='bbox 1634 5743 1723 5831; x_wconf 89' lang='lat' dir='ltr'>sita,</span> <span class='ocrx_word' id='word_1_317' title='bbox 1751 5739 1845 5814; x_wconf 86' lang='lat' dir='ltr'>cuins</span> 
     </span>
     <span class='ocr_line' id='line_1_34' title="bbox 293 5862 1843 5947; baseline -0.003 -9"><span class='ocrx_word' id='word_1_318' title='bbox 293 5862 416 5940; x_wconf 88' lang='lat' dir='ltr'>imeres</span> <span class='ocrx_word' id='word_1_319' title='bbox 450 5865 629 5947; x_wconf 84' lang='lat' dir='ltr'>Jobannes</span> <span class='ocrx_word' id='word_1_320' title='bbox 664 5865 763 5936; x_wconf 83' lang='lat' dir='ltr'>Felix</span> <span class='ocrx_word' id='word_1_321' title='bbox 799 5864 842 5935; x_wconf 90' lang='lat' dir='ltr'>do</span> <span class='ocrx_word' id='word_1_322' title='bbox 879 5865 1105 5937; x_wconf 85' lang='lat' dir='ltr'>Tharnow</span> <span class='ocrx_word' id='word_1_323' title='bbox 1146 5863 1353 5935; x_wconf 87' lang='lat' dir='ltr'>castellanus</span> <span class='ocrx_word' id='word_1_324' title='bbox 1387 5863 1602 5935; x_wconf 83' lang='lat' dir='ltr'>Visliciensis</span> <span class='ocrx_word' id='word_1_325' title='bbox 1640 5863 1768 5935; x_wconf 91' lang='lat' dir='ltr'>nobilis</span> <span class='ocrx_word' id='word_1_326' title='bbox 1803 5862 1843 5935; x_wconf 87' lang='lat' dir='ltr'>de</span> 
     </span>
     <span class='ocr_line' id='line_1_35' title="bbox 292 5982 1843 6079; baseline -0.005 -18"><span class='ocrx_word' id='word_1_327' title='bbox 292 5988 395 6063; x_wconf 86' lang='lat' dir='ltr'>demo</span> <span class='ocrx_word' id='word_1_328' title='bbox 422 5988 612 6079; x_wconf 80' lang='lat' dir='ltr'>helyma.</span> <span class='ocrx_word' id='word_1_329' title='bbox 639 5986 679 6057; x_wconf 94' lang='grc'>16</span> <span class='ocrx_word' id='word_1_330' title='bbox 707 6008 775 6078; x_wconf 90' lang='lat' dir='ltr'>qua</span> <span class='ocrx_word' id='word_1_331' title='bbox 802 5992 885 6059; x_wconf 88' lang='lat' dir='ltr'>sunt</span> <span class='ocrx_word' id='word_1_332' title='bbox 911 6007 972 6057; x_wconf 83' lang='lat' dir='ltr'>sex</span> <span class='ocrx_word' id='word_1_333' title='bbox 998 5986 1090 6057; x_wconf 91' lang='lat' dir='ltr'>lanei</span> <span class='ocrx_word' id='word_1_334' title='bbox 1117 5984 1358 6075; x_wconf 86' lang='lat' dir='ltr'>cmotlronalcs,</span> <span class='ocrx_word' id='word_1_335' title='bbox 1385 5984 1428 6056; x_wconf 89' lang='lat' dir='ltr'>do</span> <span class='ocrx_word' id='word_1_336' title='bbox 1456 5984 1580 6075; x_wconf 89' lang='lat' dir='ltr'>quibus</span> <span class='ocrx_word' id='word_1_337' title='bbox 1598 5984 1761 6055; x_wconf 88' lang='lat' dir='ltr'>omnibus</span> <span class='ocrx_word' id='word_1_338' title='bbox 1778 5982 1843 6055; x_wconf 86' lang='grc'><strong>661-</strong></span> 
     </span>
     <span class='ocr_line' id='line_1_36' title="bbox 293 6105 1845 6199; baseline -0.004 -18"><span class='ocrx_word' id='word_1_339' title='bbox 293 6112 389 6181; x_wconf 88' lang='grc'><strong>61166</strong></span> <span class='ocrx_word' id='word_1_340' title='bbox 415 6110 546 6181; x_wconf 83' lang='lat' dir='ltr'>dccima</span> <span class='ocrx_word' id='word_1_341' title='bbox 572 6110 799 6199; x_wconf 89' lang='lat' dir='ltr'>manipularis</span> <span class='ocrx_word' id='word_1_342' title='bbox 825 6107 1002 6181; x_wconf 85' lang='lat' dir='ltr'>custodiae</span> <span class='ocrx_word' id='word_1_343' title='bbox 1029 6107 1238 6197; x_wconf 88' lang='lat' dir='ltr'>Visliciensi,</span> <span class='ocrx_word' id='word_1_344' title='bbox 1265 6113 1301 6177; x_wconf 91' lang='lat' dir='ltr'>et</span> <span class='ocrx_word' id='word_1_345' title='bbox 1327 6126 1390 6196; x_wconf 89' lang='lat' dir='ltr'>per</span> <span class='ocrx_word' id='word_1_346' title='bbox 1417 6106 1616 6177; x_wconf 85' lang='lat' dir='ltr'>cmctlronca</span> <span class='ocrx_word' id='word_1_347' title='bbox 1642 6105 1845 6195; x_wconf 80' lang='grc'><strong>611166666-</strong></span> 
     </span>
     <span class='ocr_line' id='line_1_37' title="bbox 293 6225 1851 6321; baseline -0.004 -18"><span class='ocrx_word' id='word_1_348' title='bbox 293 6232 380 6321; x_wconf 86' lang='lat' dir='ltr'>priis</span> <span class='ocrx_word' id='word_1_349' title='bbox 407 6231 566 6303; x_wconf 89' lang='lat' dir='ltr'>curribus</span> <span class='ocrx_word' id='word_1_350' title='bbox 593 6230 796 6301; x_wconf 89' lang='lat' dir='ltr'>conducitur</span> <span class='ocrx_word' id='word_1_351' title='bbox 817 6231 855 6303; x_wconf 93' lang='lat' dir='ltr'>in</span> <span class='ocrx_word' id='word_1_352' title='bbox 872 6232 1035 6302; x_wconf 88' lang='lat' dir='ltr'>lrorremn</span> <span class='ocrx_word' id='word_1_353' title='bbox 1055 6250 1076 6301; x_wconf 90' lang='lat' dir='ltr'>a</span> <span class='ocrx_word' id='word_1_354' title='bbox 1094 6229 1238 6301; x_wconf 91' lang='lat' dir='ltr'>custode</span> <span class='ocrx_word' id='word_1_355' title='bbox 1257 6228 1449 6317; x_wconf 90' lang='lat' dir='ltr'>locandum,</span> <span class='ocrx_word' id='word_1_356' title='bbox 1467 6232 1504 6297; x_wconf 92' lang='lat' dir='ltr'>et</span> <span class='ocrx_word' id='word_1_357' title='bbox 1522 6225 1662 6297; x_wconf 85' lang='grc'><strong>6616661</strong></span> <span class='ocrx_word' id='word_1_358' title='bbox 1680 6226 1851 6315; x_wconf 61' lang='lat' dir='ltr'>decimam</span> 
     </span>
     <span class='ocr_line' id='line_1_38' title="bbox 294 6346 1843 6443; baseline -0.003 -22"><span class='ocrx_word' id='word_1_359' title='bbox 294 6354 416 6443; x_wconf 84' lang='lat' dir='ltr'>canapi</span> <span class='ocrx_word' id='word_1_360' title='bbox 443 6374 507 6442; x_wconf 85' lang='lat' dir='ltr'>per</span> <span class='ocrx_word' id='word_1_361' title='bbox 533 6356 682 6443; x_wconf 90' lang='lat' dir='ltr'>quatuor</span> <span class='ocrx_word' id='word_1_362' title='bbox 709 6352 857 6443; x_wconf 78' lang='lat' dir='ltr'>ierngas,</span> <span class='ocrx_word' id='word_1_363' title='bbox 884 6358 923 6425; x_wconf 87' lang='lat' dir='ltr'>et</span> <span class='ocrx_word' id='word_1_364' title='bbox 947 6351 1046 6423; x_wconf 81' lang='lat' dir='ltr'>valor</span> <span class='ocrx_word' id='word_1_365' title='bbox 1073 6351 1227 6422; x_wconf 90' lang='lat' dir='ltr'>decimae</span> <span class='ocrx_word' id='word_1_366' title='bbox 1254 6350 1461 6422; x_wconf 89' lang='lat' dir='ltr'>aestimatur</span> <span class='ocrx_word' id='word_1_367' title='bbox 1487 6346 1531 6417; x_wconf 88' lang='lat' dir='ltr'>ad</span> <span class='ocrx_word' id='word_1_368' title='bbox 1549 6352 1685 6437; x_wconf 82' lang='lat' dir='ltr'>septem</span> <span class='ocrx_word' id='word_1_369' title='bbox 1703 6364 1843 6417; x_wconf 82' lang='lat' dir='ltr'>marcas</span> 
     </span>
     <span class='ocr_line' id='line_1_39' title="bbox 296 6466 1843 6565; baseline -0.002 -25"><span class='ocrx_word' id='word_1_370' title='bbox 296 6473 381 6541; x_wconf 77' lang='lat' dir='ltr'>ltanr</span> <span class='ocrx_word' id='word_1_371' title='bbox 408 6481 461 6544; x_wconf 87' lang='grc'>661</span> <span class='ocrx_word' id='word_1_372' title='bbox 488 6476 523 6545; x_wconf 94' lang='lat' dir='ltr'>in</span> <span class='ocrx_word' id='word_1_373' title='bbox 550 6473 670 6545; x_wconf 90' lang='lat' dir='ltr'>eadem</span> <span class='ocrx_word' id='word_1_374' title='bbox 708 6472 789 6545; x_wconf 83' lang='lat' dir='ltr'>villa</span> <span class='ocrx_word' id='word_1_375' title='bbox 824 6494 892 6544; x_wconf 94' lang='lat' dir='ltr'>nna</span> <span class='ocrx_word' id='word_1_376' title='bbox 927 6472 1145 6565; x_wconf 88' lang='lat' dir='ltr'>hortulania,</span> <span class='ocrx_word' id='word_1_377' title='bbox 1173 6472 1216 6543; x_wconf 87' lang='lat' dir='ltr'>de</span> <span class='ocrx_word' id='word_1_378' title='bbox 1244 6490 1313 6562; x_wconf 77' lang='lat' dir='ltr'>qua</span> <span class='ocrx_word' id='word_1_379' title='bbox 1338 6470 1472 6542; x_wconf 88' lang='lat' dir='ltr'>decima</span> <span class='ocrx_word' id='word_1_380' title='bbox 1498 6468 1728 6559; x_wconf 84' lang='lat' dir='ltr'>manipularis</span> <span class='ocrx_word' id='word_1_381' title='bbox 1755 6466 1843 6539; x_wconf 87' lang='lat' dir='ltr'>cedit</span> 
     </span>
     <span class='ocr_line' id='line_1_40' title="bbox 296 6574 1845 6687; baseline -0.003 -24"><span class='ocrx_word' id='word_1_382' title='bbox 296 6589 461 6663; x_wconf 86' lang='lat' dir='ltr'>ecclesiae</span> <span class='ocrx_word' id='word_1_383' title='bbox 496 6601 532 6666; x_wconf 90' lang='grc'>61</span> <span class='ocrx_word' id='word_1_384' title='bbox 558 6596 687 6667; x_wconf 88' lang='grc'><strong>6661661</strong></span> <span class='ocrx_word' id='word_1_385' title='bbox 714 6594 858 6667; x_wconf 87' lang='grc'><strong>61166166</strong></span> <span class='ocrx_word' id='word_1_386' title='bbox 893 6595 1004 6687; x_wconf 89' lang='lat' dir='ltr'>partis</span> <span class='ocrx_word' id='word_1_387' title='bbox 1030 6574 1192 6665; x_wconf 85' lang='lat' dir='ltr'>Omnium</span> <span class='ocrx_word' id='word_1_388' title='bbox 1219 6592 1425 6681; x_wconf 76' lang='lat' dir='ltr'>Sanctorum</span> <span class='ocrx_word' id='word_1_389' title='bbox 1452 6592 1488 6663; x_wconf 94' lang='lat' dir='ltr'>in</span> <span class='ocrx_word' id='word_1_390' title='bbox 1516 6588 1763 6681; x_wconf 83' lang='lat' dir='ltr'>Gracouia,</span> <span class='ocrx_word' id='word_1_391' title='bbox 1788 6585 1845 6683; x_wconf 90' lang='lat' dir='ltr'>qui</span> 
     </span>
    </p>
   </div>
   <div class='ocr_carea' id='block_1_8' title="bbox 0 0 2108 8340">
    <p class='ocr_par' dir='ltr' id='par_1_9' title="bbox 0 0 2108 8340">
     <span class='ocr_line' id='line_1_41' title="bbox 0 0 2108 8340; baseline 0 0"><span class='ocrx_word' id='word_1_392' title='bbox 0 0 2108 8340; x_wconf 95' lang='lat' dir='ltr'> </span> 
     </span>
    </p>
   </div>
  </div>
 </body>
</html>
