4200 8342
363 1636 437 1711 544

1006 1841 1257 1922 Gnassrnnmr.
1429 1913 1431 1919 ,

464 1964 558 2037 Villa
591 1965 723 2037 habens
759 1964 795 2035 In
829 1985 867 2037 se
892 1948 1127 2067 parochialem
1154 1962 1333 2035 ecclesiam
1359 1962 1523 2053 ligneam,
1551 1961 1679 2035 Sancto
1707 1960 1900 2033 Sebastiano

361 2086 527 2173 dicatam,
553 2086 651 2156 onius
677 2085 799 2157 haeres
826 2082 978 2157 Jacobns
1003 2083 1252 2176 Konynsky
1279 2058 1455 2155 de'armis
1481 2080 1623 2154 Rawa
1664 2082 1708 2152 In
1735 2101 1804 2172 qua
1829 2090 1899 2154 sunt

359 2206 450 2278 lanei
476 2206 709 2278 cmcthonales
737 2205 976 2295 quadraginta,
1004 2203 1046 2274 de
1075 2205 1199 2295 qmbus
1227 2204 1385 2276 omnibus
1403 2204 1551 2275 solvitur
1569 2203 1706 2274 deoIma
1722 2202 1899 2291 pecunialis

362 2347 426 2416 per
452 2347 513 2398 sex
539 2346 679 2417 grosmm
707 2326 896 2398 communis
922 2326 1099 2415 pecuniae,
1125 2323 1169 2396 de
1196 2325 1351 2415 quolibet
1377 2325 1485 2414 laneo,
1504 2345 1568 2414 pro
1595 2325 1759 2415 episcopo
1786 2321 1900 2393 Craco

360 2447 479 2518 vlensi.
505 2447 593 2518 Item
620 2451 674 2517 est
701 2447 749 2516 ibi
774 2447 954 2536 praedium
979 2467 1088 2517 unum
1111 2446 1274 2534 militare,
1301 2445 1344 2516 de
1372 2445 1467 2517 auius
1494 2445 1588 2535 agris
1616 2443 1810 2515 decimatur
1834 2463 1896 2513 ma·

361 2566 479 2658 nipulo
506 2588 571 2658 pro
598 2567 743 2641 ecclesia
771 2568 807 2637 in
833 2566 1107 2639 K-raszonin.
1175 2611 1177 2615 ν
1662 2620 1686 2671 1,,

969 2854 972 2861 ,
1033 2791 1236 2864 Brcuawn.

464 2930 558 3003 Villa
592 2930 724 3003 habens
760 2929 796 3000 in
832 2950 869 3000 se
904 2930 1136 3019 parochialem
1172 2929 1352 3029 ecclesiam
1378 2928 1544 3019 ligneam,
1571 2926 1708 3000 Sanctis
1735 2926 1840 2999 Petro
1864 2934 1897 3000 et

360 3051 468 3122 Paulo
505 3051 672 3141 dicatam,
709 3051 805 3122 cuius
841 3044 1009 3122 haeredes
1045 3050 1204 3121 Andreas
1237 3055 1274 3121 et
1306 3049 1539 3140 Hieronymus
1574 3046 1708 3120 nobiles
1737 3047 1899 3120 dedomo

360 3170 570 3261 Scharz'a,
598 3174 670 3243 sive
697 3171 896 3244 Ossoria.
923 3172 963 3241 In
991 3193 1060 3261 qua
1086 3171 1285 3253 sunt'lanei
1313 3170 1555 3258 emethonales,
1582 3169 1625 3241 de
1652 3169 1779 3261 quibus
1805 3169 1901 3241 solvi·

359 3298 417 3364 tur
444 3298 480 3364 et
506 3293 708 3366 conducitur
728 3293 869 3365 ‘decima
894 3293 1122 3382 manipularis
1149 3292 1314 3363 ecclesiae
1340 3291 1376 3361 in
1402 3290 1634 3380 Bychawa,
1661 3295 1698 3363 et
1716 3289 1816 3362 valor
1832 3291 1899 3363 cios

357 3415 561 3487 aestimatur
588 3414 633 3486 ad
659 3415 783 3504 viginti
810 3434 951 3487 marcas.
978 3412 1065 3485 Item
1093 3418 1148 3485 est
1174 3413 1222 3484 ibi
1245 3433 1355 3483 uuum
1381 3411 1561 3503 praedium
1587 3411 1749 3503 militare,
1767 3411 1812 3483 de
1833 3433 1897 3502 ‘qno

238 3599 245 3605 .
359 3535 462 3606 etlam
489 3535 681 3606 decimatur
707 3536 743 3606 in
771 3534 990 3622 Bychawa
1016 3534 1181 3605 ecclesiae
1208 3540 1255 3604 ct
1271 3534 1345 3604 eius
1372 3532 1528 3623 plebano.
1563 3532 1653 3604 Item
1679 3531 1902 3622 plebanuset

359 3654 502 3727 ecclesia
528 3656 635 3727 habet
661 3656 710 3726 ibi
736 3655 895 3745 proprios
923 3675 1026 3744 agros
1053 3661 1089 3725 et
1114 3659 1228 3745 prata,
1255 3674 1319 3745 pro
1346 3674 1409 3725 suo
1436 3675 1502 3725 usu
1527 3657 1563 3724 et
1579 3653 1798 3727 necessitate.
1824 3652 1903 3724 item

359 3774 515 3864 praelata
550 3775 632 3846 villa
662 3776 692 3846 B
699 3775 882 3867 pohawa
917 3782 970 3847 est
1006 3775 1286 3866 quadrinomina,
1321 3775 1358 3846 in
1393 3775 1460 3846 fine
1495 3775 1586 3846 enim
1621 3773 1728 3844 villae
1763 3778 1900 3846 vocatur

365 3895 580 3988 Szdrapy,
608 3897 643 3975 iu
670 3896 783 3968 medio
809 3887 1040 3986 Bychawa‚
1068 3897 1104 3966 in
1131 3894 1481 3986 prIncipioWona
1505 3895 1595 3966 etin
1621 3900 1784 3966 extrema
1804 3900 1904 3985 parte

359 4016 495 4089 rubetis
530 4017 710 4108 distIncta‚
738 4022 882 4089 vocatur
918 4015 1274 4106 Olsohowyecz;·
1300 4015 1456 4105 generah
1482 4020 1598 4087 tamen
1625 4013 1768 4086 nomine
1795 4035 1904 4086 omnes

357 4138 424 4209 hac
449 4142 566 4228 partes
593 4143 762 4211 vocantur
788 4119 1022 4230 Bychawa.

464 4256 693 4349 Gannnzorr,
720 4258 804 4329 villa
816 4340 819 4345 y
830 4259 894 4330 sub
912 4257 1078 4349 parochia
1096 4256 1139 4328 de
1157 4258 1379 4349 Byohawa
1406 4257 1483 4346 sita,
1502 4257 1599 4329 culus
1616 4256 1789 4329 haeredes
1807 4255 1905 4347 SigIs·

284 4399 285 4402 ’
363 4378 519 4468 mundus,
546 4377 733 4467 Iohannes,
760 4378 953 4450 Stanislaus
971 4384 1007 4450 ct
1024 4379 1189 4452 Nicolaus
1208 4378 1370 4451 dedomo
1389 4378 1652 4485 Rharnawa.
1680 4377 1722 4448 In
1740 4397 1812 4468 qua
1828 4382 1902 4448 sont

224 4547 226 4550 -
360 4499 484 4588 viginti
512 4504 661 4588 quatuor
686 4500 795 4588 lanei,
824 4499 867 4571 de
894 4501 1018 4589 quibus
1056 4500 1204 4571 solvitur
1231 4499 1362 4570 decima
1388 4488 1550 4589 episcopo
1577 4497 1820 4587 cracoviensi,
1846 4518 1903 4588 per

359 4641 464 4691 unum
491 4617 660 4692 fertonem
688 4620 731 4691 de
758 4620 858 4691 laneo
886 4620 1048 4709 quolibet.
1075 4621 1164 4692 Item
1191 4625 1246 4690 est
1272 4621 1321 4691 ibi
1348 4640 1453 4690 unum
1480 4620 1660 4725 praedium
1687 4617 1902 4707 mihicrede

358 4764 424 4831 quo
453 4741 645 4837 decimatur
673 4741 837 4811 ecclesiae
865 4741 899 4810 in
928 4740 957 4811 B
967 4742 1166 4830 ychawa.
1627 4740 1636 4763 “·

461 4860 687 4950 Kozsnzow,
714 4860 797 4932 villa
824 4862 887 4932 sub
915 4862 1080 4958 parochia
1107 4862 1149 4933 de
1168 4860 1393 4951 Bychawa
1420 4860 1495 4948 sita,
1515 4860 1613 4931 cuius
1630 4859 1758 4931 haeres
1776 4858 1904 4930 Broda

358 4989 393 5053 et
420 4982 597 5054 Johannes
624 4981 757 5053 nobiles
786 4981 828 5052 de
855 4982 960 5052 armis
1077 4982 1118 5052 In
1147 5001 1214 5072 qua
1240 4985 1321 5052 sunt
1348 4981 1608 5071 quatuordecim
1635 4980 1729 5052 lanei
1757 4980 1903 5081 emetha

357 5103 462 5190 males,
490 5102 532 5173 de
561 5103 684 5192 quibus
713 5103 861 5173 solvitur
889 5102 1022 5172 decima
1048 5102 1238 5190 pecunialis
1265 5102 1426 5191 episcopo
1446 5101 1677 5189 Oracoviensi,
1696 5101 1741 5171 de
1760 5100 1905 5190 quolibet

358 5222 458 5291 laneo
485 5242 547 5310 per
573 5243 634 5294 sex
660 5243 810 5312 grossos.
837 5223 925 5293 Item
952 5222 1096 5310 praedia
1122 5223 1172 5294 ibi
1196 5222 1363 5299 militaria
1381 5229 1462 5293 sunt
1481 5220 1753 5312 quatuordecim,
1772 5220 1817 5293 de
1835 5221 1904 5311 qui·

359 5343 423 5411 bus
459 5341 617 5413 omnibns
653 5341 799 5413 solvitur
835 5342 967 5413 decima
1002 5344 1228 5434 manipularis
1265 5364 1328 5432 pro
1356 5342 1503 5415 ecclesia
1529 5346 1565 5412 et
1589 5342 1742 5432 plebano
1769 5341 1806 5412 in
1833 5340 1905 5432 By-

359 5463 520 5549 chaw'a
549 5460 645 5531 cuins
673 5462 770 5532 valor
797 5464 1000 5556 aestimatur
1027 5463 1071 5534 ad
1091 5518 1098 5532 .
1118 5518 1125 5533 .
1144 5518 1151 5532 .
1169 5485 1313 5535 marcas.

463 5581 760 5671 Pisaurensem,
788 5582 871 5653 villa
897 5584 961 5654 sub
988 5585 1154 5672 parochia
1181 5584 1223 5654 de
1251 5584 1477 5675 Bychawa
1503 5584 1588 5671 sita,
1616 5583 1715 5655 cuius
1743 5581 1908 5666 haeredes

357 5703 505 5793 plurimi,
533 5702 576 5773 ad
605 5704 785 5792 sexaginta
813 5711 961 5793 quatuor
990 5705 1183 5794 aestimati,
1209 5705 1251 5776 de
1279 5705 1386 5776 variis
1414 5704 1529 5777 armis.
1569 5703 1610 5774 In
1637 5724 1709 5792 qua
1734 5725 1806 5775 non
1834 5708 1909 5774 sunt

356 5824 462 5913 aliqui
489 5824 695 5911 emethones,
724 5845 786 5894 nec
812 5824 902 5896 lanei
931 5825 1042 5914 dlvisi,
1071 5802 1180 5897 solum
1207 5826 1374 5911 tabernae
1401 5826 1569 5896 habentes
1592 5844 1707 5915 agros,
1727 5829 1765 5894 et
1789 5824 1907 5897 dacem

356 5944 573 6015 hortulaniae
601 5945 706 6016 etiam
733 5945 899 6016 habentes
927 5967 1038 6036 agros,
1067 5946 1109 6016 de
1138 5948 1261 6036 quibus
1289 5947 1447 6017 omnibus
1475 5946 1623 6017 solvitur
1649 5949 1685 6016 et
1704 5942 1911 6019 conducitur.

357 6067 489 6136 decima
516 6067 739 6155 manipularis
765 6087 828 6156 pro
857 6068 1000 6139 ecclesIa
1027 6074 1063 6138 et
1090 6068 1236 6157 plebano
1264 6069 1299 6139 in
1319 6069 1552 6158 Bychawa,
1571 6068 1669 6139 cuius
1687 6067 1792 6140 valor
1811 6066 1911 6140 aesti-

358 6192 470 6257 matur
497 6187 541 6257 ad
568 6187 713 6274 triginta
741 6207 883 6258 marcas

1003 6307 1262 6384 Rsuuoscsru.
1285 6286 1288 6293 ⁴

458 6426 552 6496 Villa
578 6429 709 6499 habens
736 6429 771 6497 in
799 6450 836 6499 se
863 6430 1096 6517 parochialem
1123 6432 1302 6503 ecclesiam
1328 6432 1486 6524 ligneam,
1513 6429 1619 6503 Sanct
1636 6484 1645 6500 .
1664 6484 1672 6502 .
1692 6484 1700 6501 .
1720 6483 1728 6501 .
1747 6429 1910 6520 dicatam,

358 6545 452 6620 ouius
478 6546 645 6623 haeredes
673 6546 879 6624 Grothek
907 6549 1064 6623 Balun.
