4200 8342
1692 1642 1743 1711 99

189 1842 226 1911 16
270 1862 338 1931 qua
375 1847 457 1911 6661
492 1842 582 1911 16661
619 1842 870 1931 6666111666166,
911 1843 993 1913 item
1030 1842 1210 1933 taheruae,
1246 1845 1328 1913 item
1365 1844 1558 1935 hortulani,
1595 1847 1637 1917 de
1674 1848 1749 1936 qui-

193 1962 260 2033 hus
297 1962 457 2034 omnibus
492 1962 639 2034 solvitur
657 1968 711 2033 ‘et
744 1962 948 2035 conducit-ur
979 1964 1112 2034 decima
1146 1964 1370 2054 manipularis
1407 1974 1443 2037 et
1478 1968 1654 2057 canapalis
1681 1989 1747 2057 pro

188 2083 434 2174 praepositura
460 2081 700 2173 cracoviensi,
727 2083 823 2154 66166
850 2084 949 2155 valor
976 2084 1020 2154 od
1047 2084 1164 2154 decem
1191 2105 1335 2157 marcas.
1361 2085 1448 2157 ltem
1476 2087 1654 2177 praedium
1683 2094 1738 2161 est

189 2204 238 2275 ibi
266 2226 370 2274 unum
398 2203 568 2294 militare,
604 2202 647 2275 de
674 2225 741 2293 quo
769 2204 960 2276 decimatur
995 2205 1160 2276 ecelesiae
1187 2211 1223 2277 61
1248 2205 1397 2295 plebano
1425 2207 1460 2278 16
1487 2208 1746 2281 Dzerslrou’

188 2330 225 2396 et
251 2323 350 2397 66166
375 2324 449 2395 6166
476 2326 681 2395 aestimatur
706 2324 751 2397 ad
779 2331 929 2415 quatuor
955 2346 1099 2396 marcas.

294 2444 447 2517 (leveze
473 2466 612 2535 aaaron,
639 2444 723 2518 villa
749 2448 814 2519 sub
841 2446 1004 2538 parochia
1023 2446 1065 2521 de
1083 2446 1304 2519 Dzerskou
1332 2448 1416 2538 sita,
1453 2448 1549 2523 cuius
1576 2448 1744 2522 haeredes

189 2567 351 2639 Andreas
377 2566 421 2638 de
447 2566 549 2639 domo
568 2564 802 2639 Grilfonum
828 2574 943 2638 61...
963 2622 989 2657 .,
1015 2568 1052 2639 in
1076 2589 1144 2658 qua
1162 2573 1243 2639 sunt
1270 2568 1359 2641 16661
1387 2568 1633 2661 emethonales,
1662 2571 1745 2643 item

189 2691 376 2777 tabernae,
404 2688 485 2759 item
512 2688 741 2778 hortulaniae,
769 2688 812 2759 de
839 2690 963 2781 quibus
991 2689 1150 2762 omuibus
1168 2678 1316 2761 solvitur
1333 2694 1370 2763 61
1388 2689 1592 2763 conducitur
1611 2691 1744 2763 decima

188 2808 415 2899 manipularis
442 2813 478 2879 61
503 2809 680 2900 canapalis
706 2828 770 2899 pro
798 2809 1043 2901 praepositura
1070 2808 1309 2899 cracoviensi,
1346 2811 1442 2881 cuius
1468 2810 1566 2883 valor
1593 2812 1637 2883 ad
1656 2868 1663 2881 .
1683 2866 1690 2881 .
1708 2868 1742 2882 ..

188 2951 323 3001 mareas
350 2930 565 3002 aestimatur.
600 2930 689 3001 Item
716 2936 798 3002 sunt
824 2930 874 3002 ibi
901 2931 970 3002 duo
1005 2930 1150 3021 praedia
1185 2931 1367 3020 militaria,
1394 2931 1437 3003 de
1469 2953 1616 3022 quorum
1643 2934 1737 3023 agris

189 3051 380 3123 decimatur
415 3050 579 3123 ecclesiae
616 3057 652 3121 et
686 3052 760 3121 eius
796 3051 944 3141 plebano
979 3051 1015 3121 iu
1051 3050 1348 3143 Rakoschyn,
1383 3057 1420 3124 et
1455 3052 1553 3124 valor
1588 3054 1663 3125 eius
1699 3053 1743 3126 ad

190 3177 338 3263 quatuor
364 3193 498 3244 marcas
525 3172 740 3244 aestimatur.

294 3292 445 3365 cnreza
472 3312 609 3383 66666,
636 3293 720 3363 villa
747 3294 811 3364 sub
839 3292 1005 3383 parochia
1022 3292 1065 3363 de
1083 3291 1364 3365 Dzersehkow
1390 3294 1478 3385 sito,
1505 3293 1602 3367 cuius
1620 3294 1743 3367 haeres

190 3414 352 3486 Andreas
378 3414 549 3487 dedomo
577 3410 860 3504 Griiionum,
887 3414 923 3483 in
942 3434 1011 3504 qua
1028 3420 1110 3485 sunt
1128 3414 1219 3485 lanei
1247 3414 1491 3504 emethonales,
1518 3414 1599 3486 item
1627 3416 1743 3489 taber-

190 3556 273 3626 666,
308 3536 391 3605 item
428 3535 664 3625 hortulaniae,
701 3536 896 3626 dequibus
933 3535 1093 3606 omnihus
1130 3534 1276 3606 solvitur
1311 3541 1348 3606 et
1374 3533 1577 3607 conducitur
1611 3536 1744 3607 decima

186 3656 412 3747 manipularis
439 3657 768 3746 61666666116666
804 3656 1048 3747 praepositura
1083 3654 1313 3747 Oracoviensi,
1341 3661 1377 3727 et
1404 3656 1502 3727 valor
1533 3656 1741 3729 6166-66611-

187 3784 305 3851 matur
330 3776 374 3849 ad
393 3831 401 3845 .
503 3777 591 3847 Item
618 3778 667 3849 ibi
693 3797 763 3848 non
791 3782 873 3848 suut
901 3777 1054 3867 praedia

296 3898 532 3989 (1666666666,
558 3898 642 3969 61116
659 3900 723 3970 suh
742 3900 908 3989 parochia
934 3898 977 3970 de
1003 3888 1316 3970 Dzerschhow
1344 3899 1424 3989 sita,
1451 3900 1547 3972 cuius
1574 3899 1743 3971 haeredes

185 4020 347 4092 Andreas
375 4025 411 4089 et
435 4018 612 4091 Iohannes
638 4018 913 4091 Praudotha
948 4018 991 4089 de
1018 4019 1119 4090 domo
1147 4018 1368 4108 Damhuo,
1405 4019 1442 4090 in
1468 4041 1537 4110 qua
1563 4025 1643 4091 6661
1669 4026 1743 4091 1666

189 4142 283 4213 16661
309 4141 554 4230 emethonales,
581 4140 625 4211 de
652 4142 777 4231 quihus
814 4141 962 4213 solvitur
988 4145 1024 4211 et
1050 4139 1254 4211 conducitur
1289 4139 1421 4211 decima
1456 4141 1680 4232 manipularis
1708 4148 1744 4213 61

191 4283 255 4353 666
282 4267 434 4353 quatuor
470 4263 607 4352 ierugas
634 4263 809 4353 canapalis
836 4283 900 4353 pro
927 4260 1171 4352 praepositura
1206 4260 1444 4350 Crotoniensi,
1482 4269 1518 4332 et
1544 4262 1642 4334 valor
1669 4263 1744 4333 eius

186 4383 231 4455 ad
258 4390 333 4454 tres
359 4404 493 4453 marcas
528 4382 741 4454 aestimatur.
777 4384 865 4454 Item
892 4388 947 4453 est
972 4381 1020 4453 ihi
1047 4382 1202 4471 taberna,
1238 4382 1369 4453 habens
1397 4404 1520 4472 agros,
1547 4383 1590 4454 de
1617 4384 1742 4473 quibus

187 4505 383 4578 decimatur
409 4504 515 4575 etiam
541 4504 803 4596 praepositurae
829 4502 1069 4591 Craceviensi3
1105 4502 1186 4573 item
1216 4509 1297 4575 suut
1323 4503 1412 4574 duae
1439 4503 1670 4593 hortulanIae,
1700 4504 1742 4576 de

187 4647 335 4717 quarum
361 4626 456 4716 agris
487 4626 592 4696 etiam
619 4626 883 4715 praepositurae
903 4623 1123 4696 cracoviensi
1152 4624 1363 4713 decimatur;
1390 4625 1472 4695 item
1499 4629 1580 4696 6661
1607 4624 1654 4696 ihi
1674 4625 1742 4696 duo

185 4746 332 4838 praedia
367 4745 548 4837 militaria,
584 4746 668 4817 item
695 4752 749 4817 est
774 4768 862 4817 6666
889 4747 1010 4816 laneus
1046 4750 1190 4834 quartus
1229 4745 1473 4834 666116666116,
1500 4751 1641 4834 practer
1673 4746 1742 4815 iana

188 4869 300 4941 dictos
326 4872 408 4957 tres,
436 4867 478 4938 de
497 4868 621 4958 quihus
640 4867 832 4940 decimatur
859 4867 1022 4938 666166166
1041 4871 1077 4936 61
1095 4866 1241 4955 plebano
1260 4866 1294 4935 in
1314 4866 1630 4954 Dzerschkow;
1658 4867 1740 4936 item

188 4991 237 5063 ihi
264 4990 471 5061 6661661661
505 4988 579 5059 eius
615 4988 781 5080 plebanus
816 4989 860 5061 de
886 4987 1177 5060 Pr·audoczin
1205 4988 1311 5058 habet
1336 4986 1529 5077 praedium,
1566 4986 1608 5057 de
1644 4987 1740 5059 cuius

189 5113 284 5203 agris
311 5111 397 5184 66111
425 5110 581 5182 decimat.

302 5232 542 5320 Kazurrczu,
580 5231 662 5301 61116
698 5233 761 5305 sub
796 5230 963 5323 parochia
998 5230 1040 5302 de
1077 5228 1328 5299 Dzerskovv
1365 5229 1450 5317 sita,
1486 5228 1582 5299 cuius
1617 5228 1742 5301 haeres

191 5354 350 5425 Andreas
386 5352 566 5443 Psarshy
592 5353 635 5425 de
662 5354 764 5425 domo
790 5352 1069 5443 Accipitrum,
1097 5352 1131 5421 iu
1160 5371 1230 5440 qua
1255 5352 1337 5422 sunt
1372 5350 1462 5422 lanei
1498 5349 1742 5441 emethonales,

191 5475 386 5565 dequibus
421 5474 568 5547 solvitur
603 5476 736 5545 decima
773 5474 997 5564 manipularis
1032 5478 1069 5543 et
1104 5494 1167 5563 per
1203 5477 1354 5562 quatuor
1390 5472 1530 5561 ierugas
1565 5471 1741 5562 carrapaiis

191 5596 453 5689 praeposit-urae
480 5592 719 5684 cracoviensi,
747 5603 783 5667 61
809 5595 906 5668 valor
933 5594 1007 5667 eius
1026 5595 1232 5665 aestimatur
1246 5593 1290 5665 ad
1309 5648 1316 5663 .
1336 5648 1343 5663 .
1363 5647 1396 5662 ..
1423 5594 1509 5663 Item
1537 5592 1661 5663 tabern
1681 5646 1688 5661 .
1708 5646 1742 5661 ..

190 5721 277 5791 Item
305 5716 483 5790 1666161661
500 5772 508 5788 .
527 5772 535 5789 .
553 5773 588 5787 ..
623 5720 712 5790 Item
739 5717 918 5807 praedium
945 5722 999 5787 est
1025 5716 1074 5787 ihi
1101 5717 1238 5787 6616666
1267 5716 1428 5805 militare,
1456 5714 1498 5785 de
1526 5714 1621 5785 ouius
1648 5714 1741 5802 apris

191 5840 381 5913 decimatur
407 5839 573 5911 ecelesiae
600 5840 791 5929 parochiali
819 5840 854 5909 in
881 5837 1139 5909 Dzerskou·.
1239 5890 1241 5895 .

291 5962 531 6051 1166666666,
558 5962 639 6033 61116
667 5962 731 6033 suh
758 5961 922 6052 parochia
948 5959 991 6030 de
1009 5959 1368 6031 Dzierasohkou
1396 5958 1476 6047 sita,
1505 5956 1601 6027 euius
1618 5956 1741 6027 haeres

190 6080 365 6155 Iohannes
379 6080 761 6171 Mozhorzowshy
779 6081 822 6151 de
840 6081 942 6151 domo
960 6078 1153 6169 Pylavva,
1168 6080 1203 6149 iu
1223 6098 1290 6168 qua
1308 6082 1388 6147 suut
1406 6098 1466 6147 sex
1480 6076 1570 6147 lanei
1589 6076 1741 6149 emetho-

191 6204 296 6292 nales,
324 6201 366 6273 de
393 6202 518 6293 quibus
545 6203 692 6273 solvitur
718 6208 755 6274 et
782 6201 985 6274 conducitur
1022 6201 1156 6273 decima
1182 6198 1406 6289 manipularis
1442 6204 1478 6270 et
1504 6218 1566 6289 per
1594 6205 1742 6289 quatuor

192 6324 329 6415 ierugas
356 6323 530 6413 canapaiis
556 6346 620 6415 pro
647 6325 887 6415 praepositura
913 6322 1148 6413 cracoviensi,
1180 6327 1215 6393 et
1242 6320 1339 6393 valer
1366 6320 1439 6393 6166
1466 6321 1671 6393 aestimatur
1697 6320 1741 6391 ad

193 6464 251 6517 sex
277 6465 431 6535 mareas;
466 6446 550 6517 item
586 6452 640 6518 est
666 6446 715 6518 ihi
750 6467 820 6517 uua
845 6445 1061 6535 hortularia,
1097 6466 1165 6515 666
1191 6444 1323 6517 habens
1349 6464 1470 6535 agros,
1499 6442 1586 6515 item
1612 6446 1666 6515 est
1691 6440 1760 6527 ihi¹

195 6566 372 6657 praedium
398 6565 565 6662 militare,
593 6568 686 6663 qrrod
712 6566 860 6645 decimat
886 6566 1052 6647 ecclesiae
1079 6566 1271 6662 parochiali
1297 6566 1334 6639 in
1359 6556 1620 6641 Dzerztrcvr.
1647 6548 1743 6655 aaa
