4200 8342
307 1646 380 1718 262

306 1855 482 1944 campalis
509 1853 673 1924 ecclesiae
700 1853 735 1923 in
754 1852 996 1940 Dambicza,
1023 1851 1120 1923 cuius
1148 1852 1246 1923 valor
1272 1852 1476 1923 aestimatur
1503 1851 1549 1922 ad
1567 1851 1687 1924 decem
1713 1870 1831 1943 marcas,

305 1977 389 2047 item
416 1982 469 2048 est
495 1975 545 2047 ibi
571 1995 641 2046 una
667 1974 815 2045 taberna
831 1979 868 2045 et
886 1978 1033 2063 quatuor
1057 1973 1277 2045 hortulaniae
1296 1973 1463 2044 babentes
1490 1992 1617 2063 agros,
1644 1970 1726 2042 item
1750 1994 1834 2045 uuuu

304 2095 481 2185 praedium
517 2095 685 2183 militare,
721 2094 764 2165 de
791 2094 915 2185 quibus
941 2095 1044 2165 etiam
1083 2095 1241 2166 omnibus
1277 2092 1425 2167 solvitur
1458 2092 1594 2165 decima
1630 2093 1836 2184 manipularis

304 2217 467 2289 ecclesiae
494 2217 530 2288 in
556 2215 821 2306 Dambycza.

406 2337 642 2426 Kaunzrscu,
678 2336 761 2407 villa
787 2335 851 2409 sub
877 2337 1044 2426 parochia
1079 2336 1244 2409 ecclesiae
1270 2335 1314 2409 de
1339 2336 1600 2428 Dambycza
1633 2336 1722 2423 sita,
1757 2336 1840 2409 cuius

303 2460 426 2530 haeres
454 2456 647 2531 Stanislaus
664 2456 879 2549 Lyganza
905 2457 949 2529 de
975 2456 1077 2529 domo
1104 2462 1140 2529 et
1167 2459 1272 2530 armis
1298 2456 1576 2549 Polulrozya
1603 2456 1645 2528 In
1674 2476 1743 2547 qua
1766 2454 1842 2528 idn

303 2582 427 2652 haeres
453 2579 560 2651 habet
585 2577 765 2669 praedium
800 2580 928 2650 bonum
954 2560 1155 2655 distinctum
1183 2579 1219 2650 in
1246 2584 1319 2651 tres
1346 2598 1502 2669 campos,
1539 2578 1582 2651 de
1611 2577 1739 2669 quibus
1764 2575 1843 2649 dcci·

304 2708 376 2773 mat
401 2701 567 2775 ecclesiae
593 2701 631 2771 in
656 2699 926 2791 Dambycza.
961 2699 1003 2771 In
1031 2720 1099 2790 qua
1130 2706 1210 2772 sunt
1246 2699 1338 2771 lanei
1374 2698 1626 2788 emethonales,
1662 2697 1845 2789 dequibus

305 2822 450 2893 solvitur
476 2827 512 2893 ct
539 2821 741 2893 conducitur
767 2820 901 2892 decima
926 2820 1153 2911 manipularis
1180 2826 1216 2893 et
1238 2820 1419 2911 ‚carrapalis
1452 2820 1619 2892 ecclesiae
1646 2824 1685 2891 et
1711 2818 1846 2909 plebano

304 2944 339 3013 in
365 2942 634 3032 Dambicza,
662 2948 698 3013 et
723 2941 822 3013 valor
848 2942 923 3013 eins
951 2941 1154 3013 aestimatur
1181 2941 1225 3013 ad
1244 2962 1304 3013 ser
1323 2962 1476 3030 marcas3
1503 2942 1585 3013 item
1612 2945 1669 3012 est
1698 2939 1747 3012 ibi
1773 2939 1847 3011 scol·

301 3064 564 3151 tetia,l1abens
599 3083 707 3154 prope
734 3068 806 3134 tres
833 3063 951 3134 laneos
989 3062 1242 3152 cnretlronaleS,
1279 3062 1322 3134 de
1349 3063 1473 3153 quibus
1501 3062 1618 3134 solvit*
1632 3081 1699 3152 pro
1728 3060 1847 3133 decima

302 3184 507 3276 manipulari
533 3183 714 3257 decernet
740 3189 819 3256 octo
845 3202 985 3274 grossos
1012 3204 1226 3273 communes,
1255 3183 1420 3255 ccclesiae
1447 3183 1483 3255 in
1511 3181 1782 3273 Dambycza.

406 3305 576 3396 Kosucvv,
604 3305 687 3378 villa
709 3306 773 3377 sub
791 3306 958 3396 parochia
983 3306 1146 3378 ecclesiae
1173 3304 1217 3377 de
1243 3304 1467 3378 Dambicza
1493 3305 1578 3393 sita,
1607 3304 1708 3377 cuius
1735 3304 1848 3375 haeres

304 3428 496 3501 Stauislaus
523 3429 741 3519 Lyganza
767 3426 930 3501 dedomo
957 3426 1088 3499 familia
1114 3431 1150 3498 et
1176 3426 1281 3499 aruris
1309 3426 1586 3518 Polukozya.
1613 3426 1655 3497 Iu
1684 3436 1753 3516 qua
1779 3432 1849 3497 sunt

305 3550 395 3621 lanei
423 3549 673 3638 cmetlaonaleS,
711 3548 755 3620 de
782 3549 906 3638 quibus
934 3547 1082 3621 solvitur
1108 3553 1144 3620 et
1171 3547 1376 3621 conducitur
1412 3547 1545 3619 decima
1570 3545 1799 3637 manipularis
1822 3551 1849 3617 et

305 3669 480 3761 canapalis
506 3691 570 3760 pro
606 3670 753 3760 plebano
780 3669 816 3740 in
842 3669 1108 3758 Dambicza,
1144 3675 1180 3740 et
1213 3668 1311 3740 valor
1345 3667 1491 3740 eiusad
1527 3673 1679 3759 quatuor
1715 3686 1847 3754 marcas,

303 3791 487 3882 aliquando
513 3790 558 3863 ad
584 3812 663 3880 sex,
690 3791 873 3881 aliquando
901 3790 945 3862 ad
972 3791 1089 3863 decem
1117 3789 1331 3863 aestimatur.

408 3912 669 4002 Ponoaonzra,
697 3912 779 3984 villa
806 3930 894 4003 quae
920 3913 957 3983 in
980 3917 1137 4003 regestro
1164 3911 1388 3985 ecclesiarum
1406 3910 1667 4003 collegiatarum
1695 3908 1852 3983 dioecesis

304 4032 543 4106 Cracoviensis
560 4053 623 4124 per
641 4053 722 4123 nos,
739 4054 816 4105 cvun
834 4034 906 4105 suis
924 4034 1151 4123 proventibus
1170 4032 1381 4105 sufficienter
1398 4032 1588 4123 descripta,
1607 4029 1665 4103 hic
1680 4029 1853 4103 omitum.

304 4154 343 4225 ln
363 4174 430 4244 qua
456 4160 536 4245 post
561 4175 664 4245 agros
691 4154 825 4245 praedii
842 4154 1020 4244 militaris,
1040 4153 1132 4246 quod
1158 4159 1212 4227 est
1238 4154 1367 4227 bouum
1383 4153 1419 4225 iu
1438 4153 1558 4226 eadem
1583 4151 1690 4241 villa,
1718 4152 1851 4225 ccclesia

304 4281 339 4346 et
365 4276 533 4366 plebanus
559 4277 595 4347 in
621 4276 869 4348 Dambicza
895 4276 1044 4366 percipit
1070 4276 1238 4347 decimam
1255 4274 1514 4365 manipularem,
1541 4274 1638 4346 cuius
1657 4272 1761 4345 valor
1779 4273 1852 4345 dua·

304 4418 381 4467 rum
407 4417 610 4469 marcarum.
641 4395 681 4468 In
709 4417 777 4487 qua
804 4402 885 4469 sunt
910 4397 1002 4469 lanei
1038 4396 1291 4486 cmethonales,
1327 4396 1370 4470 de
1398 4396 1522 4487 quibus
1551 4396 1703 4469 solvitur
1730 4397 1852 4471 deciam

162 4524 165 4531 '
303 4516 482 4589 lertanalis
508 4517 657 4589 latorum
684 4536 884 4606 grossorum
911 4518 955 4589 de
982 4518 1138 4608 qualibet
1164 4518 1272 4607 laneo,
1300 4538 1364 4608 pro
1391 4518 1552 4609 episcopo
1580 4516 1836 4592 cracoviensi·

407 4637 669 4727 fflwnuczvu,
705 4638 787 4710 villa
813 4638 877 4711 sub
894 4614 1068 4730 'parochia
1103 4638 1268 4711 ecclesiae
1296 4638 1338 4711 de
1365 4637 1614 4712 Dambicza
1645 4640 1735 4731 sita,
1765 4640 1853 4712 cuius

257 4773 265 4790 ·
303 4761 427 4834 haeres
454 4758 624 4851 Sbignens
650 4758 1022 4854 Kawanczinslry
1049 4760 1092 4833 de
1120 4758 1561 4852 domolllyenyawa'ln
1589 4781 1658 4851 qua
1677 4760 1853 4835 suut-iror-

301 4883 462 4971 tulaniae,
489 4882 657 4954 habentes
684 4903 787 4972 agros
814 4882 849 4952 in
876 4882 1015 4954 modum
1042 4881 1317 4971 cmethonalium,
1344 4881 1387 4954 de
1407 4882 1532 4973 quibus
1559 4881 1712 4953 solvitur
1728 4882 1855 4955 decima

302 5004 527 5095 manipularis
560 5004 721 5094 episcopo
758 5002 996 5091 cracoviensi,
1033 5002 1131 5076 cuius
1158 5003 1255 5076 valor
1282 5002 1326 5075 ad
1353 5020 1467 5075 1mam-
1492 5022 1665 5091 marcam3
1693 5003 1779 5077 item
1807 5009 1854 5076 est

302 5124 339 5195 in
365 5124 485 5197 eadem
512 5125 594 5196 villa
621 5124 801 5214 praedium
827 5125 996 5214 militare,
1023 5124 1066 5197 de
1094 5125 1190 5195 cuius
1217 5125 1312 5216 agris
1338 5125 1443 5197 datur
1469 5123 1602 5196 decima
1628 5124 1856 5215 manipularis

303 5245 466 5317 ecclesiae
494 5252 530 5317 ct
556 5245 704 5335 plebano
731 5245 766 5317 in
792 5246 1056 5335 Dambicza,
1093 5246 1189 5319 cuius
1216 5246 1315 5319 valor
1341 5246 1442 5318 unius
1479 5245 1687 5318 aestimatur
1713 5266 1856 5319 marcae·

405 5365 684 5454 Lvrsrnoscuru,
713 5366 795 5437 villa
821 5367 886 5438 sub
913 5367 1077 5456 parochia
1104 5366 1147 5439 de
1174 5368 1445 5458 Dambycza,
1473 5366 1571 5439 cuius
1598 5366 1723 5439 haeres
1751 5366 1853 5441 Nico

217 5488 256 5581 Τ,
302 5486 378 5557 laus
422 5486 798 5578 Lyatlroszinslry
834 5487 960 5560 nobilis
996 5488 1039 5561 de
1081 5488 1182 5560 domo
1219 5494 1254 5560 et
1289 5488 1421 5559 familia
1457 5485 1745 5578 Griilonum,
1782 5508 1856 5561 cum

300 5628 466 5698 germano
494 5628 557 5679 suo
585 5606 699 5679 Petro.
725 5609 766 5679 In
793 5629 861 5698 qua
887 5615 968 5681 sunt
994 5609 1086 5682 lanei
1113 5609 1355 5697 cmethonales,
1382 5610 1466 5681 item
1485 5608 1644 5697 taberna,
1672 5608 1760 5683 item
1778 5610 1857 5683 bor·

299 5729 469 5819 tulaniae,
507 5729 550 5800 de
578 5729 702 5819 quibus
729 5729 919 5802 decimatur
921 5784 965 5800 .....
976 5754 984 5819 ;
1012 5731 1048 5803 ἰιι
1076 5751 1144 5822 qua
1169 5730 1334 5820 plebanus
1362 5730 1405 5802 de
1431 5730 1683 5803 Dambicza
1709 5732 1856 5823 percipit

300 5848 468 5923 decimam
494 5850 745 5941 manipularem
772 5850 815 5923 de
843 5872 910 5924 uuo
940 5852 1040 5924 laneo
1068 5852 1203 5943 praedii
1230 5850 1410 5939 militaris;
1446 5850 1489 5924 de
1515 5851 1593 5923 aliis
1621 5856 1738 5925 autern
1767 5853 1859 5945 agris

301 5970 544 6062 praedialibus,
572 5972 722 6063 percipit
748 5971 915 6062 plebanus
942 5973 978 6043 in
1007 5971 1264 6064 Gumuyska3
1291 5972 1375 6044 item
1402 5977 1483 6045 sunt
1508 5973 1558 6046 ibi
1585 5971 1679 6045 lanei
1707 5974 1860 6047 emetha

299 6092 407 6182 noles,
431 6092 476 6164 do
503 6114 648 6183 quorum
675 6093 860 6166 medietate
886 6114 956 6166 una
983 6094 1131 6171 solvitur
1158 6094 1319 6185 episcopo
1338 6092 1561 6167 cracoviensi
1587 6093 1732 6184 decima,
1756 6094 1859 6169 et-de

300 6210 413 6284 altera
439 6214 625 6286 medietate
653 6215 819 6286 ecclesiae
845 6215 882 6288 in
909 6215 1184 6287 Przeczlavv.
1773 6216 1779 6227 '

404 6333 653 6423 PusrurnrA,
691 6337 775 6409 villa
800 6337 864 6410 sub
891 6339 1057 6428 parocbia
1092 6337 1260 6410 ecelesiae
1287 6337 1330 6409 de
1356 6335 1617 6429 Dambycza
1652 6339 1735 6428 sita,
1764 6339 1860 6411 cuius

300 6454 469 6529 haeredes
505 6455 699 6529 Stauislaus
737 6458 955 6549 Lyganza
989 6456 1161 6531 dedomo
1197 6458 1433 6531 Polukoza
1467 6464 1505 6531 et
1531 6458 1701 6551 Hedvigis
1736 6459 1861 6531 relicta

302 6573 384 6647 olim
413 6576 578 6653 Stauislai
605 6578 769 6655 dedomo
795 6576 1070 6659 Griflouum.
1096 6580 1137 6653 lu
1155 6599 1223 6673 qua
1249 6584 1330 6655 suut
1355 6579 1448 6655 lanei
1465 6578 1701 6657 cmetbauales
1723 6588 1767 6657 'et
1793 6600 1860 6657 uua
