4200 8342
258 1314 332 1381 tras
357 1306 451 1379 lanei
476 1304 720 1394 emethanales,
747 1308 784 1374 et
810 1324 880 1374 una
905 1302 1052 1373 taberna
1078 1300 1211 1375 babens
1238 1322 1349 1393 agras,
1377 1300 1420 1373 de
1448 1300 1574 1393 quibus
1601 1300 1748 1376 solvitur
1774 1307 1811 1381 et

258 1430 479 1503 conducitur·
497 1426 631 1501 dccima
665 1424 891 1516 manipularis
926 1445 990 1517 pro
1026 1426 1228 1516 episcopatu
1263 1423 1493 1497 Cracoviensi.
1538 1422 1661 1497 Altera
1695 1429 1808 1497 autem

259 1550 426 1625 medietas
451 1556 490 1623 et
513 1550 628 1622 minor
653 1553 709 1621 111
726 1546 861 1619 11111111
888 1550 925 1619 11
950 1546 1049 1619 Petri
1075 1547 1222 1620 militum
1250 1546 1292 1618 de
1319 1546 1420 1619 domo
1446 1544 1809 1638 destruambczy.

256 1672 299 1745 lu
326 1694 395 1765 qua
420 1664 620 1745 1111111111
646 1669 898 1760 cmcthoualcs,
934 1675 971 1741 et
997 1668 1040 1741 de
1068 1669 1227 1741 omnibus
1254 1668 1402 1741 soluitur
1429 1668 1561 1741 decima
1587 1670 1810 1761 manipularis

259 1800 297 1867 et
320 1793 498 1886 canapalis
525 1814 588 1885 pro
610 1791 757 1865 ecclesia
783 1798 819 1863 et
845 1791 992 1882 plebano
1020 1791 1056 1863 iu
1083 1789 1238 1862 Manio
1251 1811 1289 1881 a,
1315 1796 1352 1863 11
1379 1790 1477 1864 valor
1504 1790 1578 1864 eius
1605 1792 1810 1865 aestimatur

259 1916 306 1989 ad
323 1970 462 1988 ......

364 2038 671 2127 luzumuowuczn,
698 2035 782 2107 uilla
809 2035 873 2106 sub
897 2034 1064 2125 parochia
1091 2034 1134 2105 de
1161 2034 1347 2106 blaniua
1374 2034 1460 2125 sita,
1488 2035 1585 2107 cuius
1611 2036 1810 2127 proprietas

259 2158 303 2232 ad
331 2158 577 2231 monasterium
605 2156 752 2229 Sanctae
780 2155 900 2227 Crucis
928 2152 1057 2227 Calvi
1088 2157 1258 2228 irroratis
1285 2156 1446 2246 pertinet.
1473 2156 1513 2227 In
1542 2178 1610 2247 qua
1637 2157 1808 2248 quondam

258 2286 362 2355 crant
388 2280 479 2353 lanei
504 2279 747 2369 cmethonales,
775 2278 835 2349 sed
863 2278 995 2350 redacti
1023 2284 1104 2349 suut
1130 2279 1165 2348 in
1193 2278 1396 2369 praediales,
1424 2283 1459 2350 et
1487 2279 1529 2352 de
1557 2278 1715 2351 omnibus
1743 2280 1810 2351 sol-

258 2404 354 2477 vitur
381 2403 513 2475 decima
541 2400 767 2491 manipularis
794 2406 831 2472 et
858 2400 1033 2491 canapalis
1061 2401 1224 2472 ecclesiae
1252 2401 1287 2471 in
1314 2399 1557 2473 Balutluow
1582 2407 1619 2473 et
1645 2401 1720 2473 eius
1738 2402 1810 2492 ple·

258 2526 359 2599 bauo.
386 2524 435 2596 Et
461 2524 560 2597 valor
586 2524 661 2595 eius
687 2523 893 2595 aestimatur
910 2523 954 2593 ad
972 2522 1121 2594 sedecim
1148 2543 1292 2611 marcaS,
1320 2522 1363 2593 de
1386 2522 1558 2614 aliquibus
1586 2523 1689 2595 etiam
1716 2525 1811 2615 agris

257 2647 407 2723 solvitur
434 2646 566 2719 decima
592 2645 819 2735 manipularis
846 2644 890 2717 de
917 2645 1037 2716 eadem
1066 2644 1147 2716 villa
1173 2645 1338 2717 ecelesiae
1366 2644 1401 2716 in
1429 2644 1636 2738 Manyna.

362 2769 604 2857 Jauowrcze,
631 2767 714 2839 villa
740 2768 804 2838 sub
831 2767 998 2857 parocbia
1024 2766 1067 2838 de
1094 2765 1282 2838 Manina
1308 2768 1390 2857 sita,
1417 2768 1514 2840 cuius
1541 2768 1738 2860 proprietas
1766 2769 1810 2841 ad

258 2890 508 2965 monasterium
535 2889 683 2961 Sanctae
710 2888 830 2961 Crucis
858 2888 987 2960 Calvi
1014 2890 1185 2961 montis
1213 2890 1373 2980 pertinet.
1417 2889 1458 2961 lu
1484 2911 1559 2985 qua,
1581 2895 1661 2962 sunt
1686 2911 1808 2963 navem

258 3012 351 3089 lanei
378 3011 622 3102 cmethonales,
649 3017 685 3082 et
712 3033 780 3083 uua
806 3011 955 3083 taberna
981 3011 1113 3112 babens
1140 3032 1252 3102 agros,
1280 3011 1467 3102 dequibus
1495 3012 1628 3085 decima
1654 3014 1811 3107 manipu-

257 3136 342 3209 laris
370 3135 525 3225 sulritur,
553 3133 615 3206 sed
642 3135 716 3205 eius
744 3135 921 3224 perceptio
950 3133 1221 3223 diversificatum
1256 3155 1335 3205 nam
1364 3134 1406 3205 de
1433 3156 1502 3206 una
1529 3135 1715 3208 medietate
1742 3136 1811 3209 aol-

258 3257 353 3333 uitur
380 3257 513 3329 decima
539 3257 705 3329 ecclesiae
740 3256 776 3327 in
803 3255 1006 3346 Mariua,
1041 3262 1078 3328 et
1104 3255 1203 3329 valor
1239 3257 1312 3328 eius
1348 3257 1553 3329 aestimatur
1589 3257 1634 3328 ad
1660 3262 1810 3348 quatuor

256 3400 402 3471 marcas,
428 3380 472 3451 de
499 3379 611 3451 altera
637 3400 720 3451 vero
747 3377 934 3450 medietate
961 3378 1109 3451 solvitur
1127 3376 1291 3451 ecclesiae
1318 3380 1354 3449 in
1381 3378 1631 3470 Balutbow,
1659 3385 1695 3450 11
1713 3380 1811 3454 valor

256 3504 333 3577 eius
359 3502 521 3576 similiter
547 3502 754 3575 aestimatur
781 3501 825 3573 ad
853 3506 1003 3593 quatuor
1028 3521 1172 3573 marcas.
1216 3500 1305 3573 Item
1340 3522 1410 3573 nou
1446 3505 1501 3573 cst
1534 3501 1583 3573 ibi
1619 3501 1809 3594 praedium,
1856 3512 1859 3519 '

258 3646 370 3719 neque
395 3624 638 3715 molendinum,
666 3643 776 3716 neque
802 3623 1033 3696 hortulaniae.

359 3747 771 3836 Szwauzmcnowrcza,
798 3745 882 3818 villa
908 3744 973 3817 sub
999 3745 1165 3837 parochia
1192 3744 1290 3816 de..
1309 3744 1413 3834 .sita,
1441 3745 1538 3817 cuius
1565 3744 1755 3819 haeredes.
1775 3802 1782 3817 .
1801 3766 1812 3818 .·

258 3870 394 3945 nubiles
421 3869 464 3941 (11
490 3869 597 3941 armis
622 3868 762 3941 Rana.
806 3868 846 3939 In
874 3888 944 3959 qua
970 3874 1051 3941 sunt
1078 3866 1170 3940 lanei
1197 3867 1450 3958 cmetbonales,
1479 3867 1522 3939 de
1549 3867 1675 3961 quibus
1703 3871 1811 3942 omui-

257 3992 324 4065 bus
351 3992 500 4064 solvitur
527 3991 660 4063 decima
687 3991 912 4081 manipularis
938 3994 975 4064 et
1000 3990 1179 4081 cannapalis
1206 4011 1269 4081 pro
1290 4045 1430 4060 ......
1470 3990 1558 4062 Item
1586 3997 1640 4063 est
1667 3990 1715 4065 ibi
1742 4013 1812 4065 una

258 4114 407 4189 taberna
433 4114 565 4187 habeus
591 4134 704 4205 agros,
731 4113 774 4185 de
793 4133 861 4205 qua
879 4111 1027 4185 solvitur
1052 4112 1186 4185 decima
1203 4115 1466 4204 praepositurae
1492 4112 1698 4204 Kyelciensi.
1724 4113 1811 4184 Item

258 4241 315 4311 111
339 4235 389 4309 ibi
416 4257 505 4310 uuus
532 4235 652 4308 laneus
679 4236 724 4307 ad
751 4233 925 4309 Waraium
952 4232 1236 4328 Michowsky
1263 4234 1406 4307 militem
1435 4235 1623 4325 pertinens,
1651 4232 1694 4307 de
1712 4235 1810 4308 cuius

261 4338 362 4450 agris
383 4346 576 4447 decimatur
602 4357 767 4430 ecclesiae
787 4410 794 4428 .
814 4412 821 4428 .
841 4410 849 4427 .
867 4410 876 4429 .
892 4356 930 4429 in
956 4354 1167 4448 Kyclcze.

362 4479 633 4571 Mmrowuczu,
658 4479 743 4551 nilla
769 4480 833 4552 sub
861 4478 1027 4572 parocbia
1054 4477 1220 4551 ecclesiae
1247 4477 1290 4549 de
1309 4531 1423 4548 .....
1451 4478 1537 4568 sita,
1565 4476 1661 4551 cuius
1688 4479 1811 4552 haere-
1904 4550 1907 4557 .

259 4601 321 4676 das
346 4600 509 4675 Warsius
535 4600 823 4703 Michowsky
850 4607 886 4673 11
912 4598 1072 4673 Andreas
1099 4597 1302 4691 Woydak
1329 4597 1372 4672 de
1400 4600 1505 4672 armis
1524 4653 1639 4671 .....
1673 4600 1714 4673 Iu
1743 4623 1811 4695 qua

258 4728 341 4797 suut
376 4723 520 4815 praedia
549 4724 733 4814 militaria,
773 4722 969 4813 dequibus
1005 4723 1175 4813 omnibus,
1203 4722 1350 4795 solvitur
1376 4728 1413 4794 et
1439 4722 1644 4795 conducitur
1679 4723 1812 4797 decima

257 4845 483 4938 manipularis
510 4850 546 4918 et
572 4846 747 4937 canapalis
775 4844 940 4918 ecclesiae
968 4845 1002 4917 in
1031 4844 1229 4917 Mauina
1255 4844 1343 4917 Item
1362 4849 1445 4921 sunt
1471 4844 1520 4917 ibi
1545 4847 1637 4919 lanei
1660 4848 1812 4919 emetha-

256 4966 374 5079 nales,
408 4967 453 5040 de
479 4966 605 5061 quibus
631 4967 823 5041 decimatur
849 4988 914 5058 pro
941 4966 1076 5040 vicaria
1103 4966 1320 5059 praebendae
1347 4966 1563 5060 Kyelcienais
1595 4990 1683 5061 quae
1710 4990 1812 5043 voca·

256 5084 344 5165 fi*-
361 5142 371 5159 .
390 5142 398 5158 .
416 5142 451 5159 ..

362 5208 732 5299 Wrosmcuomrczn,
759 5211 842 5284 villa
869 5212 933 5285 sub
959 5211 1127 5303 parochia
1152 5211 1196 5285 de
1213 5262 1383 5285 .......
1411 5212 1488 5303 sita,
1516 5211 1613 5284 cuius
1640 5210 1810 5283 haeredes

256 5322 477 5422 vladislaus,
511 5332 595 5405 item
621 5330 786 5405 Nicolaus
813 5332 1308 5425 Nyeczilsky.....1n,qua
1335 5338 1416 5405 suut
1444 5332 1535 5405 lauei
1562 5332 1810 5424 cmetbouales,

255 5442 345 5527 item
368 5453 439 5527 tria
463 5452 608 5546 praedia
633 5455 806 5545 militaria,
834 5455 877 5526 de
896 5455 1021 5545 quibus
1039 5455 1198 5529 omnibus
1225 5456 1372 5527 soluitur
1395 5460 1431 5526 11
1448 5454 1652 5527 conducitur
1678 5436 1812 5527 decima

256 5574 485 5667 manipularis
511 5581 549 5648 et
576 5577 750 5668 canapalis
777 5576 943 5651 ecclesiae
970 5578 1005 5649 in
1033 5576 1229 5650 Mariua
1273 5578 1361 5649 Item
1389 5583 1444 5650 111
1478 5577 1528 5650 111
1554 5598 1643 5650 ullus
1670 5598 1811 5669 campus

257 5694 373 5769 (1111111
390 5750 505 5769 .....
531 5698 575 5772 (11
602 5720 671 5791 quo
698 5698 889 5771 decimatur
914 5699 1081 5771 ecclesiae
1107 5700 1143 5771 in
1170 5699 1396 5773 Schewna.

934 5819 1158 5892 Vnszuuow.

284 5962 288 5973 ·
362 5937 537 6033 Oppidum
562 5940 695 6015 habens
730 5941 768 6013 in
795 5962 833 6014 11
859 5942 1040 6015 ecclesiam
1075 5942 1309 6033 parochialem
1345 5932 1513 6035 ligneam,
1553 5941 1678 6015 Sancta
1706 5942 1811 6015 Petro

257 6060 420 6157 dicatam,
447 6063 543 6141 cuius
570 6064 768 6163 proprietas
795 6064 839 6143 ad
866 6064 1114 6143 monasterium
1142 6070 1177 6137 ct
1204 6066 1364 6138 abbatem
1392 6065 1433 6140 de
1462 6065 1810 6139 Wancboczsko
