4200 8342
1646 1684 1648 1688 “
1764 1654 1816 1736 71v

250 1839 400 1929 ¹ecclesia
436 1862 472 1929 et
498 1854 670 1950 plebanus
708 1858 783 1933 eins
818 1861 924 1935 habet
957 1863 1006 1935 ibi
1038 1884 1160 1955 agrum
1194 1863 1341 1940 liberum
1377 1872 1414 1938 et
1452 1873 1554 1958 prata
1588 1874 1652 1959 pro
1687 1891 1752 1941 usu
1779 1876 1815 1941 et

258 1980 476 2052 necessitate.
1372 1995 1374 1997 ’

359 2100 608 2193 Lrssnrrown,
634 2102 717 2174 villa
743 2104 807 2176 sub
833 2107 998 2195 parochia
1015 2106 1059 2177 de
1077 2107 1292 2200 Andrzey
1307 2130 1369 2181 ow
1396 2111 1474 2200 sita,
1502 2110 1599 2181 cuius
1617 2112 1814 2202 proprietas

261 2241 302 2291 ex
337 2220 527 2294 donatione
562 2222 734 2295 Johannis
774 2225 1024 2316 archiepiscopi
1069 2223 1284 2298 Gneznensis
1321 2235 1357 2299 et
1393 2227 1579 2300 Clementis
1613 2231 1733 2302 militis
1770 2232 1815 2303 ad

260 2343 509 2414 monasterium
538 2343 817 2415 Andrzeoviense
843 2345 1005 2436 pertinet,
1032 2347 1067 2416 in
1096 2368 1164 2437 qua
1191 2354 1272 2419 sunt
1286 2349 1422 2439 'viginti
1448 2350 1540 2421 lanei
1568 2352 1811 2442 cmethonales‚

260 2464 343 2535 item
370 2464 536 2555 taberna,
561 2464 645 2535 item
672 2465 859 2556 hortulani,
887 2466 1073 2557 dequibus
1101 2468 1258 2539 omnibns
1286 2469 1434 2541 solvitur
1460 2476 1496 2541 et
1523 2471 1726 2542 conducitur
1756 2472 1814 2542 de-

263 2585 350 2656 cima
376 2585 604 2675 manipularis
619 2588 622 2593 ’
640 2592 677 2657 et
704 2587 877 2678 canapalie
904 2610 968 2679 pro
986 2592 1205 2662 monasterio
1233 2591 1524 2680 Andrzeoviensi,
1552 2598 1587 2662 et
1613 2591 1712 2663 valor
1738 2593 1812 2663 eins

260 2704 469 2778 aestimatur
483 2705 529 2807 ad
547 2703 741 2797 quindecim
768 2700 910 2800 marcas,
939 2711 1125 2802 aliquando
1153 2711 1348 2803 adviginti.
1374 2712 1463 2806 Item
1482 2718 1536 2784 est
1562 2712 1610 2783 ibi
1629 2712 1809 2802 praedium

264 2826 475 2917 coenobiale,
502 2822 546 2898 de
564 2826 661 2899 cuins
688 2830 783 2920 agris
809 2851 888 2903 non
897 2831 1047 2904 solvitur
1073 2831 1206 2904 decima
1232 2834 1344 2923 alicui,
1374 2832 1435 2904 sed
1452 2834 1701 2906 monasterinm
1718 2834 1814 2904 illam

261 2967 324 3036 pro
353 2968 391 3018 se
418 2947 519 3019 tollit.
905 2960 908 2965 “
945 2950 948 2955 ’
1105 2934 1109 2949 ”

366 3067 593 3165 Lanczrno,
616 3070 700 3141 villa
726 3071 790 3142 sub
809 3071 974 3162 parochia
1001 3071 1044 3144 de
1071 3071 1355 3164 Andrzeyow
1382 3072 1468 3163 sita,
1495 3073 1592 3145 cnius
1617 3074 1815 3165 proprietas

265 3208 308 3259 ex
335 3188 522 3261 donatione
548 3182 800 3283 aichiepiscopi
827 3189 1040 3265 Gneznensis
1067 3199 1104 3264 et
1127 3192 1314 3267 crementis
1339 3194 1469 3284 militis,
1496 3194 1540 3265 ad
1567 3196 1816 3267 monasterium

261 3302 545 3382 lind'neoiiense
570 3312 731 3403 pertinet,
758 3314 794 3383 in
822 3319 998 3404 quaeunt
1023 3314 1116 3384 lanei
1144 3314 1392 3403 cmethonales‚
1421 3315 1504 3385 item
1530 3316 1706 3404 tabernae,
1733 3317 1816 3385 item

260 3431 458 3520 hortulani,
485 3431 529 3503 de
557 3432 682 3522 quibus
713 3434 1053 3535 omnibussolvitug
1074 3440 1109 3506 et
1135 3434 1341 3506 conducitur
1367 3435 1501 3506 decima
1526 3435 1753 3526 manipularis
1780 3443 1817 3506 et

260 3551 437 3642 canapalis
463 3573 528 3643 pro
554 3554 764 3625 monasterio
792 3554 1084 3646 Andrzeoviensi,
1119 3555 1217 3626 cuius
1239 3555 1351 3628 valor
1377 3556 1581 3628 aestimatur
1608 3556 1679 3627 ad.
1699 3580 1732 3627 ;.
1752 3612 1786 3627 ..
1807 3612 1814 3627 .

263 3673 346 3744 item
375 3672 573 3764 praedium,
599 3673 684 3745 item
711 3673 955 3747 molendinum.
1537 3692 1539 3697 ·

367 3793 514 3864 Renow
531 3815 661 3885 maroa,
689 3795 780 3868 villa¹
798 3797 863 3868 sub
879 3787 1046 3887 paiochia
1063 3795 1106 3867 de
1125 3794 1278 3867 Andre
1289 3816 1411 3886 cyow
1438 3798 1513 3888 sita,
1541 3798 1638 3869 cuius
1655 3797 1815 3888 proprie-

262 3917 326 3985 tas
345 3934 389 3985 ex
417 3913 603 3986 donatione
629 3913 801 3986 Johannis
828 3903 1042 3988 Gneznensis
1070 3912 1320 4007 archiepiscopi
1347 3923 1382 3989 et
1400 3916 1587 3989 Clementis
1613 3900 1744 4008 militis,
1771 3917 1815 3989 ad

263 4036 511 4106 monasterium
547 4035 827 4109 Andrzeoviense
854 4038 1021 4128 pertinet,
1057 4038 1093 4107 in
1120 4057 1190 4128 qua
1215 4043 1296 4127 sunt
1321 4038 1414 4108 lanei
1450 4036 1702 4128 cmethonales‚
1730 4039 1814 4110 item

262 4157 427 4244 taberna,
454 4157 537 4227 item
564 4156 759 4247 hortulani,
796 4158 839 4229 de
867 4159 998 4248 quibus·
1019 4159 1178 4229 omnibus
1213 4157 1360 4229 solvitur
1386 4165 1423 4229 et
1450 4158 1654 4230 conducitur
1682 4158 1815 4229 decima

264 4275 491 4367 manipularis
518 4282 555 4347 et
581 4278 757 4369 canapalis
784 4300 848 4369 pro
874 4279 1086 4350 monasterio
1113 4277 1394 4370 Andrzeoviensi,
1421 4281 1505 4350 item
1532 4279 1727 4369 praedium.

368 4390 642 4488 Tnnns'cuowns,
669 4399 753 4471 villa
770 4401 834 4471 sub
852 4382 1018 4490 parochia
1036 4398 1079 4470 de
1097 4399 1249 4470 Andrz
1260 4420 1382 4491 eyow
1408 4402 1485 4490 sita
1504 4401 1601 4471 cuius
1619 4401 1816 4492 proprietas

264 4536 307 4597 ex
343 4509 538 4596 donatione
563 4519 735 4592 Johannis
771 4515 1021 4615 archiepiscopi
1051 4508 1267 4592 Gneznensis
1302 4527 1339 4591 et
1374 4520 1562 4593 Clementis
1596 4521 1735 4610 militis,
1772 4521 1817 4591 ad

265 4645 545 4718 Andrzeoviensc
572 4643 820 4714 monasterium
848 4640 1008 4738 pertinet,
1036 4643 1072 4713 in
1100 4664 1169 4733 qua
1194 4642 1285 4713 lanei
1313 4642 1556 4732 cmethonales‚
1584 4643 1667 4713 item
1693 4643 1815 4713 hortu·
1935 4698 1937 4703 .

264 4766 343 4857 lani,
371 4767 453 4836 item
480 4765 637 4853 taberna,
665 4762 854 4854 dequibus
890 4763 1051 4835 omnibus
1076 4763 1224 4834 solvitur
1251 4771 1287 4835 et
1309 4763 1519 4835 conducitur
1545 4762 1677 4833 decima
1704 4763 1813 4854 mani-

265 4887 398 4978 pularis
424 4893 462 4958 et
488 4864 662 4974 canapalis
689 4905 753 4975 pro
779 4885 989 4956 monasterio
1026 4882 1316 4974 Andrzeoviensi3
1347 4885 1444 4955 cuius
1479 4884 1578 4955 valor
1613 4883 1817 4954 aestimatur

267 5009 336 5080 ad.
356 5064 363 5078 .
383 5063 390 5078 .
410 5062 433 5097 .,
452 5008 533 5077 item
560 5005 751 5095 praedium.
1063 5008 1075 5023 ¹·

368 5099 598 5217 Ononznwo,
624 5125 707 5200 villa
739 5125 805 5213 sub
839 5126 1004 5216 parochia
1030 5125 1196 5197 ecclesiae
1222 5125 1265 5196 de
1292 5123 1578 5215 Andrzcyow
1593 5122 1689 5215 sita,
1717 5123 1814 5195 cuius

270 5250 465 5342 proprietas
502 5268 545 5318 ex
573 5246 763 5318 donatione
790 5245 938 5337 praelati
963 5244 1133 5317 Johannis
1160 5245 1411 5336 archiepiscopi
1438 5243 1651 5316 Gneznensis
1678 5250 1716 5316 ct
1742 5243 1818 5315 Cle-

268 5373 393 5444 mentis
428 5369 565 5459 militis,
592 5366 638 5438 ad
672 5368 917 5440 monasterium
955 5362 1235 5438 Andrzenviense
1262 5367 1432 5457 pertinet,
1460 5367 1592 5473 inqua
1617 5370 1699 5438 sunt
1725 5366 1818 5437 lanei

270 5490 510 5581 cmethonales‚
537 5491 621 5562 item
648 5489 834 5579 hortulani,
862 5489 945 5559 item
971 5488 1127 5577 taberna,
1155 5483 1197 5557 de
1225 5489 1349 5577 quibus
1376 5487 1534 5558 omnibus
1561 5487 1709 5558 solvitur
1727 5487 1819 5558 deci-

269 5637 322 5686 ma
359 5612 583 5702 manipularis
619 5618 656 5684 et
689 5610 865 5701 canapalis
900 5629 963 5700 pro
981 5609 1208 5680 monasterio
1236 5607 1527 5698 Andrzeoviensi,
1556 5614 1592 5679 et
1618 5608 1717 5678 valor
1743 5608 1818 5678 eius

270 5736 471 5808 aestimatur
498 5733 541 5804 ad
569 5789 576 5806 .
604 5787 611 5802 .
639 5788 647 5803 .
672 5733 762 5803 Item
788 5731 837 5802 ibi
864 5729 1058 5829 praedium.⁴

277 5940 283 5951 x
370 5855 513 5945 Urazn,
542 5854 624 5925 villa
651 5843 722 5925 snb¹
741 5849 911 5943 parochia
932 5851 975 5922 de
1002 5905 1010 5921 .
1038 5904 1045 5920 .
1074 5886 1089 5920 .·
1108 5851 1184 5941 sita,
1211 5852 1307 5922 cuius
1333 5850 1531 5941 proprietas
1558 5868 1601 5918 ex
1629 5846 1816 5919 donatione

270 5976 438 6049 Johannis
466 5975 715 6066 archiepiscopi
742 5972 955 6045 Gneznensis
981 5976 1018 6043 et
1044 5970 1230 6042 Clementis
1256 5971 1385 6060 militis,
1413 5951 1726 6041 admonastoriun
1745 5968 1817 6039 An-

270 6097 680 6186 drzeoviensepcrtinet,
708 6096 744 6165 in
770 6114 839 6185 qua
865 6097 946 6164 sunt
971 6092 1063 6162 lanei
1091 6089 1443 6180 cmethonalcs'item
1459 6090 1615 6179 taberna,
1634 6089 1817 6160 item'lror·

270 6219 397 6308 tulani,
433 6217 476 6289 de
513 6217 638 6307 quibus
676 6214 834 6287 omnibus
870 6213 1016 6286 solvitur
1051 6220 1088 6283 et
1123 6210 1327 6281 conducitur
1362 6210 1495 6281 decima
1530 6209 1755 6300 manipularis
1783 6216 1818 6280 et

271 6340 444 6432 canapalis
469 6356 535 6429 pro
562 6336 773 6409 monasterio
800 6334 1092 6424 Andrzeoviensi,
1119 6333 1216 6403 cuius
1242 6330 1351 6409 valor
1367 6332 1574 6402 aestimatur
1600 6330 1644 6401 ad
1671 6386 1679 6400 .
1706 6385 1714 6400 .
1742 6385 1749 6400 .

372 6459 615 6549 Szunosrow,
642 6457 724 6529 villa
750 6457 813 6529 sub
840 6455 1006 6549 parochia
1032 6453 1075 6525 de
1102 6451 1384 6544 Andrzeyow
1410 6453 1487 6543 sita,
1505 6448 1601 6523 cuins
1619 6471 1684 6540 pro
1705 6450 1819 6522 media

271 6587 369 6675 parte
397 6581 442 6654 ad
468 6581 716 6654 monasterium
743 6577 1023 6649 Andrzeoviense
1045 6575 1206 6666 pertinet,
1224 6575 1347 6665 inqua
1365 6574 1456 6645 lanei
1474 6572 1716 6664 cmethonales‚
1734 6573 1818 6645 item
