4200 8342
1718 1643 1792 1716 213
1926 1649 1931 1654 ’

159 1829 167 1848 ’
247 1871 350 1940 scopo
378 1847 614 1923 Gracorieasi:
634 1847 735 1923 'item
771 1853 821 1923 ibi
847 1852 985 1924 solvunt
1018 1873 1081 1942 pro
1109 1852 1257 1946 plebano
1284 1854 1320 1927 in
1346 1850 1610 1947 b‘lyedzuao
1636 1848 1797 1942 nesciam,

246 1992 309 2064 ρετ
335 1970 423 2043 duos
449 1971 574 2044 choros
600 1971 747 2063 siliginis
774 1978 811 2046 et
837 1994 910 2064 per
926 1972 1014 2044 duos
1040 1959 1179 2045 avenae.

364 2162 368 2168 ,
878 2094 1013 2165 Brnun
1040 2115 1169 2166 acinon.

226 2273 232 2293 ,
350 2213 462 2303 Villa,
497 2213 629 2285 habens
653 2213 843 2285 'ecclesiam
877 2214 1108 2305 parochialem
1144 2215 1292 2305 ligneam
1328 2217 1365 2286 in
1392 2236 1447 2305 se,
1473 2215 1599 2287 Sancto
1625 2215 1797 2290 Stanislao

248 2336 406 2424 dicatam,
433 2335 531 2406 cuius
557 2335 680 2406 haeres
708 2334 918 2408 Benedictus
935 2335 1186 2426 Wyerusch
1214 2336 1376 2408 dedomo
1395 2336 1798 2426 Wyeruscbonum.

245 2458 286 2529 In
313 2475 382 2549 qua
406 2461 487 2530 suut
513 2456 604 2528 lanei
631 2455 873 2546 cmetbonales,
900 2457 983 2528 itern
1012 2478 1081 2528 una
1108 2457 1268 2530 scoltetia
1294 2458 1424 2528 babens
1452 2477 1574 2547 agros,
1601 2456 1796 2548 dequibus

162 2644 164 2648 .
247 2578 417 2651 omnibus·
431 2577 580 2648 solvitur
606 2576 739 2650 decima
763 2579 987 2668 manipularis
1014 2599 1078 2668 pro
1099 2579 1308 2650 monasterio
1327 2578 1362 2647 in
1381 2575 1687 2665 Globuczsk03
1714 2578 1798 2649 item

246 2705 300 2771 est
335 2699 386 2771 ibi
416 2697 596 2789 praedium
632 2698 798 2789 militare,
826 2699 869 2770 de
906 2699 1003 2771 cuius
1039 2701 1133 2790 agris
1161 2699 1353 2771 decimatur
1379 2699 1544 2771 ecclesiae
1571 2699 1607 2770 in
1635 2698 1799 2789 Byala3
1944 2785 1946 2790 Ι

247 2821 332 2894 item
367 2841 431 2911 pro
470 2817 623 2890 nraescbne
655 2820 804 2893 solvitur
840 2820 882 2894 de
919 2821 1073 2914 quolibet
1106 2799 1206 2896 laneo
1233 2842 1297 2911 per
1323 2821 1409 2892 duos
1436 2821 1561 2893 choros
1588 2820 1735 2910 siliginis
1761 2825 1798 2893 et

250 2963 314 3035 per
340 2942 427 3013 duos
454 2959 601 3014 avenae.-

356 3064 490 3134 Brnun
517 3082 647 3152 uranon,
675 3062 756 3134 villa
783 3064 846 3136 sub
874 3063 1040 3153 parochia
1067 3065 1110 3134 de
1137 3063 1282 3155 Byala
1308 3063 1477 3134 minori
1504 3063 1581 3153 sita,
1603 3062 1700 3133 cuius
1717 3062 1800 3133 hae-

249 3207 305 3257 res
331 3184 515 3275 ·Trepka
540 3183 584 3255 de
611 3183 713 3256 domo
740 3184 1059 3275 Bippennium.
1094 3184 1231 3274 inqua
1256 3189 1337 3255 sunt
1361 3184 1452 3255 lanei
1479 3184 1730 3272 emetbonales,
1757 3183 1800 3253 de

249 3308 374 3398 qiribus
399 3281 533 3377 decime
558 3305 748 3396 pecunialis
775 3326 838 3396 per
863 3283 1092 3396 sex'grossos
1119 3304 1266 3379 solvitur
1284 3305 1503 3377 monasterio
1522 3305 1558 3375 in
1575 3303 1798 3382 Klobucz-

250 3429 350 3518 sk03
378 3428 461 3499 item
489 3427 636 3499 solvitur
661 3425 831 3518 nemeina,
858 3427 902 3499 de
929 3427 1085 3518 quolibet
1110 3427 1212 3499 laneo
1239 3446 1302 3517 per
1328 3426 1414 3498 duos
1441 3427 1565 3497 choros
1592 3424 1738 3514 siliginis
1765 3430 1802 3495 et

250 3569 312 3640 per
348 3548 435 3620 duos
472 3569 622 3637 avenae3
657 3549 741 3620 item
776 3554 831 3620 est
865 3549 914 3621 ibi
949 3569 1037 3620 unus
1064 3548 1185 3620 laneus
1212 3546 1417 3639 praedialis,
1444 3546 1488 3617 de
1515 3567 1583 3636 quo
1609 3545 1802 3617 decimatur

250 3670 414 3743 ecclesiae
440 3670 476 3742 in
502 3669 667 3761 Byala3
702 3672 786 3742 item
814 3669 1046 3743 molendinum
1074 3669 1204 3741 dictum
1239 3668 1560 3740 Merscbanow
1586 3665 1630 3738 ad
1657 3665 1800 3737 eandem

131 3855 134 3860 ,
251 3791 450 3883 parochiam
475 3790 637 3883 penna,
665 3761 757 3882 tuor
784 3792 891 3864 nasac
911 3811 1019 3884 agros
1047 3790 1224 3886 speciales,
1251 3789 1294 3863 ue
1322 3790 1446 3885 quinus
1465 3788 1612 3866 decimat
1628 3791 1801 3865 nousse-

122 4000 158 4018 .·
250 3914 304 3989 rio
330 3914 366 3987 in
394 3912 698 3987 Globuczske

911 4035 1140 4108 Poenuszra.

355 4155 450 4227 Villa
475 4154 607 4229 babens
634 4155 670 4227 in
697 4175 735 4227 se
762 4156 994 4246 parochialem
1012 4155 1201 4245 ecclesiam,
1220 4154 1347 4227 Sancto
1365 4154 1513 4245 Aegidio
1531 4155 1688 4244 dicatam
1705 4154 1802 4225 cuins

251 4276 419 4350 haeredes
454 4276 606 4349 Jacobus
641 4277 1034 4370 Konyeczpolsky
1070 4272 1295 4362 et‚Olemens
1329 4275 1675 4367 Korzensky'de
1701 4274 1802 4347 domo

251 4399 529 4490 Streparum.
556 4399 597 4470 In
625 4419 694 4490 qua
720 4404 802 4472 sunt
827 4399 951 4489 viginti
977 4403 1048 4472 tres
1076 4398 1168 4470 lanei
1195 4398 1437 4488 cmetbonales,
1464 4398 1650 4488 dequibus
1669 4396 1802 4468 decima
1907 4427 1914 4438 ·

249 4521 473 4611 manipularis
499 4520 648 4611 plebano
676 4520 711 4591 iu
737 4510 898 4611 Lelow,
926 4526 962 4592 et
988 4519 1087 4592 valor
1113 4521 1187 4592 eius
1214 4521 1258 4593 ad
1286 4520 1410 4610 viginti
1437 4538 1570 4591 marcas
1588 4518 1802 4590 aestimatur.

248 4642 336 4714 Item
363 4647 444 4714 sunt
470 4641 529 4714 ibi·
546 4640 615 4713 duo
641 4640 794 4731 praedia,
821 4641 864 4712 de
892 4642 1016 4732 quibus
1043 4641 1177 4712 decima
1195 4641 1343 4714 solvitur
1360 4641 1397 4713 in
1415 4640 1692 4732 Podleszye3
1718 4640 1804 4711 item

248 4765 298 4835 ibi
323 4768 405 4836 sunt
430 4769 504 4835 tres
530 4764 705 4852 tabernae,
732 4784 803 4835 una
828 4761 962 4853 Jacobi,
985 4757 1060 4834 ‘alia
1085 4761 1283 4853 Clementis,
1310 4763 1418 4835 tertia
1450 4763 1607 4853 plebani,
1634 4757 1802 4833 babentes
1936 4766 1939 4774 '

251 4906 374 4975 agros3
401 4884 444 4957 de
470 4883 610 4975 plebani
635 4884 784 4956 taberna
810 4904 874 4974 pro
900 4865 1004 4955 censu
1031 4884 1214 4956 solvuntur
1240 4889 1313 4957 tres
1330 4882 1493 4956 fertones.

352 5005 557 5096 Znsnszrn,
585 5005 672 5076 alias
697 5003 969 5093 Wrurnzrczn,
995 5004 1080 5077 villa
1105 5006 1169 5078 sub
1188 5004 1356 5095 parocbia
1372 5004 1416 5076 da
1441 5002 1698 5094 Podleszye
1725 5004 1805 5103 sita,

252 5125 348 5198 cuius
386 5124 555 5198 haeredes
594 5124 955 5217 Pyaschyczs·ky
995 5124 1162 5197 Albertus
1203 5124 1246 5197 de
1287 5124 1579 5215 Bogucbwal,
1615 5122 1659 5195 de
1698 5121 1801 5195 domo

252 5247 536 5339 Srzenyawa.
576 5245 616 5317 ln
652 5266 722 5337 qua
759 5251 841 5318 sunt
875 5245 966 5317 lanei
994 5245 1247 5335 meibomius,
1275 5230 1470 5337 dequibus
1496 5245 1631 5318 decima
1657 5243 1805 5317 solvitur

252 5389 315 5458 pro
342 5368 523 5458 episcop03
550 5368 634 5439 item
660 5372 716 5441 est
741 5368 791 5440 ibi
817 5368 997 5458 praedium
1024 5366 1193 5458 militare,
1218 5367 1304 5440 item
1317 5369 1401 5440 'bna
1425 5368 1592 5458 taberna,
1619 5367 1704 5439 item
1730 5387 1802 5437 mo-

251 5487 445 5580 lendinum,
472 5488 516 5561 de
550 5488 677 5580 qulbus
713 5489 846 5563 decima
871 5490 907 5561 in
934 5487 1212 5582 Podleszye,
1239 5494 1276 5562 et
1302 5489 1400 5563 valor
1426 5490 1501 5563 eius
1528 5490 1734 5564 aestimatur
1759 5487 1805 5560 ad

291 5753 294 5758 ·
352 5731 645 5823 Somonnuunn,
673 5731 757 5805 villa
781 5733 846 5806 sub
873 5732 1038 5823 parocbia
1064 5732 1108 5806 de
1134 5732 1396 5825 Podleszye
1423 5732 1501 5821 sita,
1528 5731 1611 5803 villa
1628 5731 1748 5820 regia
1764 5730 1805 5800 In
1949 5730 1951 5736 '

252 5874 319 5943 qua
334 5854 545 5938 ,suut-lanei
571 5853 816 5944 emetbbnales,
843 5852 1029 5945 dequibus
1048 5854 1208 5927 omnibus
1226 5854 1361 5928 decima
1378 5854 1526 5928 solvitur
1543 5873 1606 5945 pro
1625 5851 1805 5942 episcopo:

251 5976 334 6046 item
361 5997 430 6048 non
457 5979 539 6070 sunt
564 5975 613 6046 ibi
639 5975 793 6064 praadiu
820 5996 884 6046 nee
910 5975 1138 6065 hortulaniae,
1165 5996 1276 6067 neque
1302 5975 1479 6068 tabernae,
1507 5980 1543 6046 et
1562 5977 1698 6046 tantum
1716 5971 1804 6046 istae

251 6102 324 6170 tres
351 6096 454 6169 villae
480 6096 659 6189 pertinent
684 6094 729 6166 ad
756 6096 936 6168 ecclesiam
961 6097 999 6169 in
1025 6096 1297 6187 Podleszye.

891 6217 1166 6291 Scznnoczruu.
1284 6199 1297 6242 ‘³

354 6338 547 6429 Oppidum,
572 6338 609 6410 in
636 6359 705 6430 quo
740 6336 886 6409 ccclesia
920 6344 1076 6428 murata,
1103 6337 1231 6410 Sancto
1257 6337 1523 6438 bartholomaeo
1551 6337 1679 6427 dicata,
1706 6336 1805 6410 curius

251 6460 448 6549 proprietas
481 6459 526 6532 ad
553 6514 701 6545 .....
728 6458 1053 6552 Sczekoczsky
1088 6457 1241 6552 pertinet
1276 6458 1320 6531 de
1364 6537 1439 6574 .·.
1480 6458 1805 6576 wowanseh,

254 6579 500 6679 laquearet
534 6580 626 6658 lanei
662 6580 930 6680 oppidanorum,
955 6580 1000 6656 de
1025 6573 1308 6683 offis-emuli.
1534 6581 1807 6663 ets-coutuntur
