4200 8342
3537 1648 3630 1723 31

541 1852 613 1920 et
683 1845 1024 1940 quadrato
1094 1847 1326 1942 lapide
1392 1849 1590 1944 albo,
1661 1870 1789 1944 per
1859 1853 2091 1927 nescio
2164 1854 2552 1946 quempiam
2624 1855 3023 1947 episcopum
3098 1856 3641 1947 cracoviensem,

540 1990 737 2043 muro
806 1971 1212 2046 fabricatam
1247 2030 1264 2065 ,
1334 1974 1526 2045 cuius
1599 1974 1876 2047 haeres·
1917 1976 2270 2048 ,Iohannes
2342 1978 2500 2049 Pie
2517 2000 2562 2048 n
2587 1979 2678 2072 ia
2695 1999 2729 2049 s
2747 2002 2783 2049 z
2805 2000 2842 2049 e
2862 1979 2910 2049 k
2983 1976 3047 2050 G
3064 2001 3190 2069 yw
3209 2000 3312 2050 an
3335 2001 3375 2050 o
3396 2002 3458 2051 w
3479 2000 3511 2049 s
3531 1979 3578 2049 k
3598 2002 3644 2070 y

541 2092 627 2163 de
679 2093 882 2164 domo
935 2092 997 2164 O
1015 2093 1058 2165 d
1079 2115 1118 2165 r
1135 2115 1177 2166 o
1198 2117 1261 2166 w
1279 2114 1322 2166 a
1339 2117 1385 2166 n
1407 2116 1440 2166 s
1461 2115 1498 2167 c
1516 2096 1560 2165 h
1583 2152 1600 2186 ,
1655 2096 1726 2168 in
1784 2118 1919 2187 qua
1972 2102 2135 2169 sunt
2184 2098 2367 2169 lanei
2423 2097 2929 2190 cmethonaleS,
2984 2099 3073 2171 ad
3128 2119 3336 2190 quam
3387 2100 3639 2172 subau-

540 2212 741 2286 diunt
809 2215 1017 2288 villae
1080 2222 1379 2306 quatuor
1429 2217 1582 2288 iure
1635 2218 2031 2308 parochiali,
2087 2218 2411 2291 videlicet
2480 2219 2571 2289 W
2589 2242 2636 2311 y
2654 2240 2686 2290 s
2709 2240 2745 2291 c
2763 2221 2812 2291 h
2833 2240 2874 2292 o
2893 2240 2985 2291 cz
3004 2243 3051 2312 y
3069 2241 3107 2292 c
3125 2243 3164 2294 z
3183 2240 3221 2291 e
3240 2275 3257 2310 ,
3311 2220 3366 2290 Z
3386 2240 3429 2292 a
3445 2242 3483 2290 r
3501 2244 3543 2291 n
3568 2241 3642 2292 o-

540 2335 847 2425 wnica,
902 2332 1445 2429 Golischyn,
1498 2342 1571 2409 et
1623 2337 2298 2436 Scziborzicze.

765 2455 1412 2548 WYscnoczrczn,
1450 2489 1455 2494 ·
1486 2457 1687 2549 villa,
1760 2460 1955 2530 cuius
1994 2441 2003 2446 ’
2025 2459 2276 2531 haeres
2348 2465 2456 2532 est
2505 2481 2885 2551 generosus
2929 2460 3255 2534 dominus
3308 2460 3640 2533 Nicolaus

543 2572 1346 2669 Grzegorzowsky
1400 2599 1748 2650 armorum
1800 2578 2420 2680 Bippennium
2474 2581 2646 2652 alias
2701 2581 3164 2671 Toporow,
3219 2601 3397 2672 quae
3431 2581 3675 2653 habet.
3819 2659 3824 2666 ,

540 2696 794 2787 laneos,
849 2699 1210 2769 tabernam
1267 2720 1349 2771 ac
1401 2699 1887 2790 molendinum,
1942 2722 2027 2771 ex
2048 2701 2334 2812 *quibus
2389 2702 2705 2774 omnibus
2759 2707 2829 2773 et
2880 2702 2966 2774 de
3020 2701 3304 2791 praedio
3356 2701 3645 2773 militari

438 2829 447 2834 “
538 2818 858 2890 haeredis
914 2820 1140 2891 dictae
1193 2821 1401 2892 villae
1455 2820 1546 2890 W
1564 2843 1611 2912 y
1634 2842 1667 2891 s
1687 2845 1724 2892 z
1746 2842 1786 2893 o
1807 2841 1845 2893 c
1862 2845 1900 2892 z
1915 2844 1964 2913 Υ
1982 2842 2019 2892 c
2035 2843 2073 2891 z
2094 2842 2168 2911 e,
2221 2843 2350 2912 pro
2404 2827 2716 2912 tempore
2772 2823 3077 2894 existens
3130 2827 3363 2893 rector
3415 2821 3641 2893 dictae

540 2939 957 3029 parochialis
1025 2932 1097 3010 in
1162 2940 1368 3033 Wys
1389 2943 1489 3013 ch
1511 2962 1551 3013 o
1573 2962 1905 3032 czycze
1975 2943 2276 3033 percipit
2346 2944 2545 3015 annis
2599 2944 2887 3033 singulis
2942 2943 3272 3016 decimam
3325 2944 3641 3033 manipu-

539 3060 754 3131 larem
808 3061 1179 3134 cuiuslibet
1248 3064 1452 3152 grani
1505 3068 1578 3134 et
1630 3063 1949 3154 seminis,
2003 3082 2268 3136 necnon
2325 3064 2688 3154 canapales
2742 3070 2863 3134 aut
2914 3084 3288 3154 canapum,
3342 3069 3466 3135 aut
3516 3084 3643 3154 per

542 3180 715 3251 duos
767 3203 1050 3272 grossos
1103 3175 1191 3254 de
1242 3182 1464 3256 laneo.

744 3303 1321 3393 Zaamwfflcza
1376 3306 1564 3395 villa,
1619 3305 2040 3377 subaudiens
2095 3305 2183 3376 ad
2237 3306 2782 3397 suprascriptam
2834 3303 3359 3396 parochialem
3340 3329 3411 3377 ιιι
3450 3257 3541 3375 W
3558 3328 3638 3397 y·
3745 3359 3796 3398 -.-.

540 3447 572 3495 s
596 3427 868 3498 clinez
888 3429 1145 3515 yeme
1177 3446 1354 3515 quae
1408 3426 1621 3497 habet
1674 3425 1910 3498 laneos
1965 3431 2037 3496 et
2088 3426 2452 3516 praedium
2500 3426 2832 3517 militare,
2887 3427 3079 3497 cuius
3134 3426 3340 3497 villae
3392 3427 3640 3497 haeres
3773 3439 3780 3444 ·

540 3555 648 3615 est
700 3543 1213 3639 suprascriptus
1269 3565 1662 3635 generosus·
1698 3546 2015 3618 dominus
2051 3546 2379 3618 Nicolaus
2418 3544 3219 3637 Grzegorzowsky
3272 3567 3639 3635 armorum,

540 3675 616 3739 ιιι
688 3687 896 3759 supra
945 3663 1225 3744 dicum
1297 3673 1439 3759 est,
1492 3668 2146 3759 Bippennium,
2185 3687 2308 3756 ·ex-.
2338 3689 2477 3766 qua
2526 3668 2694 3741 villa
2746 3674 2840 3746 et
2870 3667 3157 3759 praedio
3210 3668 3496 3740 militari
3550 3687 3636 3737 ex

540 3791 856 3859 munibus
908 3791 1097 3879 agris:
1149 3790 1289 3864 tam
1344 3789 1847 3879 praedialibus,
1901 3809 2122 3881 quam·
2169 3781 2733 3880 emethonalibus,
2771 3788 2978 3861 datur
3029 3788 3295 3859 decima
3327 3789 3639 3877 manipu-

540 3911 708 3979 laris
759 3899 1054 4006 rectori
1065 3911 1289 4003 ipsius
1343 3910 1673 3984 ecclesiae
1725 3932 1854 4002 pro
1905 3916 2220 4000 tempore
2272 3911 2600 3996 existenti
2650 3917 2725 3982 et
2778 3911 3147 4001 canapalis.
3216 3909 3422 3980 Dicta
3472 3908 3641 3980 villa

540 4031 592 4099 Z
616 4031 1197 4107 arnnwnlcza
1249 4032 1458 4102 habet
1509 4033 1873 4104 tabernam
1925 4048 2134 4104 unam
2189 4052 2340 4103 cum
2396 4001 2740 4126 &a
2797 4051 2935 4123 qua
2983 4029 3307 4102 'similiter
3339 4030 3635 4120 plebano

518 4151 756 4244 {ipsius
796 4151 1157 4223 ecelesiae
1233 4152 1647 4243 parochialis
1700 4153 1772 4224 in
1826 4147 2821 4292 ἯίεοιιοοΖΥοῑϋεῑῇιιιι
2874 4150 3138 4222 decima
3185 4150 3638 4240 manipularis

538 4277 617 4343 et
662 4272 1030 4363 canapalis.

730 4389 1232 4485 Gonrscmm,
1283 4395 1450 4466 villa
1517 4393 1604 4466 ad
1674 4391 2142 4485 parochialem
2195 4394 2446 4467 dictam
2502 4393 2573 4464 in
2627 4392 3361 4485 Wyschoczycze
3414 4361 3632 4483 perti÷

538 4534 709 4586 nens
762 4515 913 4586 iure
965 4515 1365 4605 parochiali,
1418 4516 1489 4585 in
1545 4536 1683 4606 qua
1734 4520 1897 4596 sunt
1946 4516 2133 4586 lanei
2184 4514 2671 4605 cmethonales,
2725 4515 2919 4586 cuius
2969 4514 3178 4587 villae
3230 4514 3479 4585 haeres
3532 4519 3641 4585 est

536 4631 914 4726 generosus
966 4634 1353 4707 Stanislaus
1426 4635 2644 4736 Szwyrczkowsky-2armomm
2695 4634 2742 4706 J
2761 4636 3074 4725 anina,
3129 4655 3304 4727 quae
3349 4634 3664 4727 'quidem‘

538 4757 705 4828 villa
754 4757 968 4830 habet
1019 4757 1379 4848 praedium
1433 4757 1735 4829 militare
1787 4762 1860 4828 et
1914 4777 2119 4828 unam
2172 4743 2606 4858 taberffl's-
2630 4777 2717 4827 ex
2775 4756 3022 4847 quibus
3078 4755 3393 4829 omnibus
3447 4755 3635 4844 agris

537 4877 763 4949 dictae
817 4877 1043 4949 villae·
1074 4882 1219 4949 tam
1272 4878 1761 4968 praedialibus,
1819 4899 2023 4980 quam
2051 4875 2642 4974 cmethonfflflms,
2697 4877 2901 4947 datur
2955 4877 3217 4947 decima
3250 4875 3638 4965 manipula-

536 4999 637 5070 ris
689 4995 1057 5078 cuinam!
1102 5000 1305 5089 grani
1358 5006 1431 5071 et
1484 4999 1766 5071 seminis
1820 4999 2046 5071 dictae
2099 4997 2522 5090 parochialis
2576 4996 2906 5069 ecclesiae
2960 4998 3256 5087 plebano
3292 5007 3422 5086 pro
3457 5000 3635 5067 tem-

537 5140 708 5210 pore
760 5119 1105 5212 existat
1158 5123 1231 5191 et
1283 5139 1637 5210 canapum.
2381 5139 2402 5170 τ·

744 5227 1329 5330 ScanzYczn,
1382 5241 1548 5311 villa
1602 5241 1876 5313 abbatis
1932 5246 2004 5312 et
2057 5233 2548 5344 οοιιιιῼέῇυιιι
2583 5238 3098 5333 Sczyrzydz
3151 5237 3633 5309 cisterciensis

542 5360 821 5451 ordinis,
872 5351 1151 5458 hahiti·
1184 5359 1443 5451 laneos,
1496 5361 1961 5433 molendinum
2015 5366 2087 5433 et
2138 5361 2546 5451 taba-nm
2555 5365 2657 5431 ex
2714 5380 2849 5451 qua
2892 5359 3060 5431 villa
3096 5360 3417 5448 provenit
3452 5358 3635 5429 deci-

538 5501 652 5553 ma
702 5459 1151 5574 manipularis
1206 5482 1529 5573 episcopo
1583 5478 2065 5571 Gracoviensi3
2123 5482 2207 5553 de
2261 5481 2547 5572 praedio
2601 5502 2787 5581 vero,
2843 5480 3027 5571 quod
3080 5501 3123 5551 a
3159 5480 3394 5552 multis
3430 5480 3631 5550 annis

540 5603 907 5674 retroactis
974 5601 1277 5676 militare
1348 5602 1515 5693 fuit,
1589 5608 1955 5695 antequam
2028 5602 2117 5674 ad
2185 5602 2683 5675 monasterium
2754 5607 3057 5715 emptum
3131 5606 3254 5672 aut
3305 5599 3635 5672 donatum

540 5728 709 5812 erat,
761 5742 1035 5813 semper
1080 5723 1259 5794 alias
1312 5724 1400 5794 ab
1454 5723 1978 5795 immemorabili
2013 5729 2348 5813 tempore,
2383 5722 2577 5794 cuius
2614 5722 2795 5793 initii
2832 5721 3166 5793 memoria
3197 5742 3336 5793 non
3374 5720 3634 5808 existit,

539 5843 837 5918 dabatur
902 5848 979 5916 ct
1049 5843 1257 5916 datur
1326 5844 1590 5916 decima
1659 5841 2112 5935 manipularis
2185 5843 2556 5915 cuiuslibet
2622 5842 2827 5932 grani
2899 5846 2971 5912 et
3040 5840 3320 5911 seminis
3373 5841 3633 5911 rectori

541 5963 765 6036 dictae
834 5961 1165 6036 ccclesiae
1234 5965 1651 6055 parochialis
1721 5964 1793 6035 in
1860 5961 2015 6055 Wy
2034 5961 2243 6036 seha
2263 5984 2355 6036 cz
2374 5986 2421 6055 Υ
2440 5984 2477 6035 c
2495 5986 2533 6035 z
2552 5984 2610 6036 e.
2687 5961 3036 6034 Plebanus
3107 5959 3339 6031 autem
3410 5960 3628 6050 ipsius

540 6083 867 6156 ecclesiae
898 6084 1349 6176 ·.parochialis
1417 6084 1491 6155 in
1543 6082 2280 6176 Wyschoczycze
2349 6084 2564 6155 habet
2617 6080 2790 6154 duos
2840 6079 3079 6151 laneos
3133 6080 3282 6151 sive
3331 6100 3630 6172 mansoS,

538 6225 665 6296 pro
717 6204 1006 6295 praedio
1042 6203 1339 6295 plebani
1393 6204 1480 6274 ab
1534 6203 2061 6276 immemorabili
2113 6207 2425 6294 tempore
2480 6221 2838 6274 concessos
2875 6205 2948 6272 et
2982 6200 3371 6274 liberaliter
3405 6200 3629 6292 datos,

537 6325 709 6397 sitos
762 6326 832 6398 in
886 6323 1321 6397 haereditate
1373 6322 1770 6414 praedictae
1820 6324 2028 6395 villae
2080 6301 2129 6395 S
2149 6344 2185 6396 c
2204 6325 2366 6415 zyb
2386 6345 2426 6394 o
2448 6344 2484 6393 r
2503 6347 2540 6393 z
2559 6343 2793 6414 ycze,
2847 6322 2935 6393 ab
2987 6343 3126 6394 una
3179 6328 3379 6413 parte
3431 6321 3622 6393 fluvii

539 6445 706 6517 dicti
756 6447 822 6517 D
840 6446 865 6517 l
884 6467 931 6518 u
948 6447 997 6518 b
1013 6468 1060 6518 ιι
1077 6466 1226 6540 y·a;
1277 6445 1351 6516 in
1404 6444 1542 6515 alia
1593 6463 1760 6516 vero
1812 6449 2014 6535 parte
2052 6443 2219 6516 dicti
2255 6443 2460 6536 fluvii,
2498 6445 2570 6515 in
2607 6444 2807 6517 bonis
2843 6449 2917 6516 et
2950 6444 3386 6516 haereditate
3422 6443 3628 6515 villae

506 6565 775 6668 ‘Zarn
792 6589 835 6639 o
852 6587 1039 6662 wny
1056 6587 1153 6638 cz
1170 6587 1231 6659 a,
1282 6548 1495 6638 habet
1529 6570 1759 6638 certos
1812 6585 2018 6656 agros
2054 6565 2228 6637 satis
2265 6566 2550 6660 amplos,
2586 6566 2762 6640 alias
2793 6562 2995 6661 nimy,
3033 6569 3264 6657 penest
3281 6563 3642 6668 publicam,
