4200 8342
1759 1298 1807 1370 87

256 1499 451 1576 Stanislaus
477 1500 689 1597 Pazonka
715 1502 759 1573 dc
784 1502 891 1573 armis
908 1496 932 1574 J
941 1503 1265 1593 astruambczi,
1282 1503 1319 1573 in
1339 1523 1407 1593 qua
1423 1522 1494 1575 non
1511 1508 1593 1577 sunt
1609 1501 1705 1573 lanei·
1718 1524 1809 1575 eme-

254 1624 422 1715 tbonulcs,
449 1622 520 1695 sed¹
537 1602 758 1715 hortulaniee
783 1622 971 1713 duntaxat,
997 1624 1082 1695 item
1109 1626 1163 1695 est
1188 1602 1251 1693 ibi'
1264 1622 1445 1712 praedium
1472 1622 1639 1713 militare,
1669 1623 1713 1695 de
1740 1645 1808 1713 quo

256 1746 433 1835 perceptio
459 1743 613 1829 decimae
639 1744 816 1831 variatum
851 1742 894 1815 de
921 1744 1096 1834 aliquibus
1132 1745 1221 1813 enim
1249 1744 1343 1833 agris
1370 1743 1517 1816 solfitur
1538 1728 1676 1815 ¹decima
1701 1743 1810 1815 eccle·

257 1867 329 1936 siae
356 1867 391 1936 in
418 1841 624 1954 Msthou,
651 1846 894 1936 deuonoullis
921 1886 1004 1936 vero
1033 1864 1199 1935 ecclesiae
1226 1866 1261 1934 in
1289 1864 1561 1955 Mironicze,
1588 1865 1684 1936 cuius
1712 1866 1810 1935 valor

257 1986 463 2056 aestimatur
481 1984 526 2056 ad
552 1993 626 2057 tres
652 1984 815 2057 fertones.
1758 2071 1760 2077 ,

360 2104 680 2196 conlocanda
708 2106 771 2176 sub
798 2106 964 2195 parochia
991 2106 1034 2176 de
1061 2105 1322 2177 Mironicze
1349 2107 1427 2195 sita,
1454 2107 1552 2178 cuius
1579 2107 1701 2177 haeres
1728 2105 1807 2177 Sta-

257 2226 389 2297 nislaus
422 2220 739 2318 Oowalowsky
768 2227 810 2297 de
838 2228 944 2297 armis
970 2227 1335 2318 Jostrzambczy,
1362 2229 1397 2298 in
1424 2248 1492 2317 qua
1510 2233 1592 2299 sunt
1609 2228 1701 2298 lanei
1720 2249 1810 2297 eme·

257 2349 427 2438 thonales,
453 2349 538 2420 item
564 2348 745 2437 praedium
771 2348 939 2436 militare,
966 2348 1009 2418 de
1038 2350 1161 2438 quibus
1188 2350 1346 2420 omnibus
1373 2349 1521 2419 solvitur
1547 2355 1582 2420 et
1608 2349 1811 2419 conducitur

259 2468 392 2540 decima
418 2447 644 2558 manipularis
670 2474 706 2539 et
732 2469 907 2559 canapalis
934 2470 1099 2542 ecclesiae
1127 2471 1162 2539 in
1188 2471 1438 2557 Tarnawa.v

362 2590 719 2680 Srazaszuowrcza‚
745 2590 829 2661 villa
855 2592 919 2662 sub
947 2592 1111 2680 parocbia
1142 2592 1189 2662 de
1216 2590 1568 2681 Pyotrkowicze
1601 2593 1686 2680 sita,
1713 2593 1810 2663 cuius

258 2711 425 2783 haeredes
443 2711 598 2784 Jacobus
623 2711 1169 2803 Strzeszkowsky,·Petrus
1188 2712 1383 2783 Sozirba
1411 2711 1524 2782 dictus
1542 2712 1809 2802 Opothkom

261 2833 351 2922 sky,
377 2832 581 2923 Mikolayek
606 2832 978 2922 Andrzeykonis,
1005 2833 1048 2903 de
1067 2834 1172 2903 armis
1198 2833 1560 2919 destruambcza
1589 2834 1624 2903 in
1643 2841 1810 2924 quasunt

260 2960 409 3043 quatuor
444 2953 600 3044 praedia,
623 2954 807 3043 militaria,
834 2953 877 3031 de
905 2954 1029 3043 quibus
1065 2955 1224 3025 omnibus
1252 2955 1398 3024 solvitur
1426 2954 1560 3024 decima
1586 2956 1810 3043 manipularis

258 3082 292 3145 et
326 3075 505 3165 canapalis
544 3074 709 3146 ecclesiae
749 3079 786 3144 et
821 3074 968 3164 plebano
998 3076 1040 3145 .in
1078 3074 1356 3164 Mironicze‚
1392 3076 1489 3145 curius
1526 3076 1623 3146 valor
1657 3076 1715 3146 ads
1737 3083 1810 3146 tres

259 3216 401 3266 marcas.

362 3316 694 3406 Prsuonzowrcza,
725 3317 808 3387 villa
842 3317 907 3387 sub
942 3317 1106 3406 parochia
1142 3316 1184 3387 de
1211 3316 1566 3405 Pyotrkowicze
1592 3319 1679 3408 sita,
1706 3320 1803 3389 cuius

259 3437 426 3509 haeredes
453 3438 612 3508 Palroscb
639 3436 832 3509 Stanislaus
859 3442 895 3507 et
919 3436 1138 3528 Dyonyssius
1165 3437 1251 3508 allas
1277 3437 1455 3528 Dzywysz,
1481 3440 1649 3528 germani,
1675 3441 1710 3508 in
1739 3461 1806 3528 qua

261 3559 325 3630 soli
352 3559 486 3631 nobiles
513 3542 632 3631 colunt
660 3578 763 3647 agros
790 3559 1042 3647 cmetlronales,
1070 3558 1112 3628 de
1139 3558 1264 3647 quibus
1292 3558 1430 3629 solvunt
1456 3558 1622 3630 decimam
1649 3561 1816 3653 manipu-·

261 3680 369 3751 larem
397 3681 561 3752 ecclesiae
589 3681 624 3751 in
651 3679 920 3769 Mironicze‚
947 3680 1044 3750 cuius
1072 3679 1169 3749 valor
1195 3680 1398 3750 aestimatur
1424 3680 1469 3750 od
1488 3681 1635 3769 mediam
1654 3701 1803 3751 marcam

364 3803 646 3874 Boczuowrozn
677 3800 825 3890 Maron,
852 3802 935 3872 villa
970 3802 1034 3871 sub
1070 3801 1235 3890 parocbia
1269 3801 1312 3871 de
1348 3800 1497 3872 Parva
1524 3802 1706 3872 Xanscb
1734 3803 1811 3890 sita,

262 3923 359 3994 cuius
396 3925 519 3994 haeres
547 3921 1078 4012 Nicolausbowalowslry,
1107 3923 1141 3991 in
1169 3942 1237 4010 qua
1263 3927 1344 3993 sunt
1371 3922 1461 3992 lanei
1488 3923 1739 4011 cmethonales‚
1767 3923 1810 3992 de

262 4044 386 4134 quibus
415 4044 573 4115 omnibus
602 4044 749 4114 solvitur
775 4043 908 4113 decima
934 4042 1160 4132 manipularis
1186 4047 1222 4128 et
1249 4043 1423 4132 canapalis
1455 4044 1619 4114 ecclesiae
1646 4044 1681 4112 in
1709 4042 1811 4114 Par-

261 4186 314 4236 va
349 4164 555 4252 Xanscb3
590 4165 675 4235 item
710 4172 765 4235 est
800 4165 850 4235 ibi
885 4163 1065 4252 praedium
1102 4163 1271 4259 militare,
1298 4164 1341 4233 de
1377 4164 1474 4234 cuius
1501 4164 1595 4253 agris
1623 4163 1813 4235 decimatur

262 4286 428 4357 ecclesiae
455 4286 491 4367 in
516 4285 783 4384 Mnironicze,
809 4291 846 4354 et
875 4285 972 4355 valor
999 4284 1202 4355 aestimatur
1229 4284 1273 4354 ad
1301 4290 1374 4355 tres
1400 4264 1543 4355 marcas.

367 4406 647 4497 Boccuowrcza
683 4405 830 4494 Mruoa,
866 4406 950 4477 villa
986 4407 1049 4476 sub
1067 4406 1251 4495 ,parocbia
1287 4405 1329 4475 de
1355 4404 1504 4476 Parva
1532 4405 1707 4496 Xyansz
1735 4407 1813 4495 sita,

264 4527 361 4598 onius
396 4527 563 4598 haeredes
600 4526 765 4598 Nicolaus
800 4525 1121 4616 Kowalowsky
1155 4531 1192 4595 et
1212 4526 1391 4596 Nicolaus
1427 4526 1629 4596 Mleczin
1657 4528 1700 4600 de
1726 4526 1811 4597 Ma*-

263 4668 450 4739 czyeow‚
478 4648 514 4717 in
541 4669 611 4737 qua
636 4653 718 4720 sunt
744 4647 835 4719 lanei
862 4647 1104 4734 cmethonales
1129 4645 1171 4716 de
1190 4647 1314 4735 quibus
1333 4646 1479 4716 solvitur
1497 4647 1662 4717 ecclesiae
1681 4647 1813 4716 decima

263 4769 299 4840 in
325 4769 501 4839 Minori
527 4768 688 4839 Xan-sc.
715 4769 803 4839 Item
830 4768 982 4858 praedia,
1009 4767 1051 4836 de
1080 4767 1203 4855 quibus
1231 4766 1389 4837 omnibus
1416 4767 1564 4837 solvitur
1581 4772 1633 4838 et
1651 4769 1813 4839 conduci-

263 4895 321 4961 tur
348 4890 481 4960 decima
506 4889 733 4978 manipularis
759 4895 795 4959 et
821 4888 1003 4977 canapalis
1023 4887 1187 4957 ecclesiae
1215 4886 1250 4956 in
1277 4885 1546 4958 Mironicze.
1640 4936 1669 4947 -.

367 5009 664 5100 Praeclaram,
700 5009 783 5082 villa
817 5009 881 5080 sub
912 5007 1078 5098 parocbia
1104 5008 1146 5077 de
1173 5006 1468 5079 Slaboschow
1495 5010 1580 5096 sita,
1607 5009 1704 5079 cuius
1731 5010 1814 5079 bae-

264 5130 365 5202 redes
402 5130 580 5201 Jobannes
614 5136 651 5201 et
685 5129 879 5201 Stamislaus
914 5130 1088 5218 germani,
1116 5129 1158 5198 do
1186 5128 1287 5199 domo
1303 5126 1547 5220 ¹(lodulya,
1575 5131 1611 5201 in
1637 5151 1706 5219 qua
1733 5136 1814 5200 sunt

263 5250 354 5322 lanei
382 5251 624 5341 cmetlronales,
651 5251 694 5322 de
721 5251 846 5340 quibus
873 5250 1035 5320 omnibus
1062 5249 1209 5320 soluitur
1236 5249 1368 5319 decima
1393 5250 1618 5343 manipularis
1637 5250 1814 5338 episcopa-

265 5373 316 5442 tui
342 5371 573 5462 Gracoviensi,
601 5372 698 5445 cuius
725 5371 824 5442 valor
850 5371 893 5441 ad
921 5377 1071 5459 quatuor·
1097 5391 1253 5459 marcas;
1280 5372 1361 5441 item
1389 5376 1443 5441 est
1460 5371 1509 5441 ibi
1528 5371 1707 5461 praedium
1726 5370 1814 5439 mili-

266 5498 350 5582 tare,
378 5493 422 5563 de
449 5494 545 5563 cuius
573 5493 667 5583 agris
695 5492 884 5562 decimatur
911 5491 951 5561 iu.
973 5490 1241 5581 Mironicze,
1267 5492 1395 5562 valoris
1422 5493 1524 5561 unius
1552 5511 1695 5561 marcae.

452 5826 621 5913 Erectio
653 5827 866 5913 ecclesiae
899 5827 1152 5935 parochialis
1186 5827 1352 5910 invilla
1387 5825 1634 5910 Mironioze.

281 6074 290 6101 ⁸
366 6104 408 6177 In
435 6107 572 6177 nomine
597 6105 738 6177 Domini
773 6105 893 6176 Amen.
933 6103 1100 6192 Quoniam
1136 6103 1269 6193 omnia,
1305 6124 1392 6194 quae
1426 6105 1490 6174 sub
1527 6109 1683 6194 tempore
1717 6104 1814 6196 liunt,
1900 6186 1902 6191 ,
1942 6132 1974 6179 .·

269 6228 364 6299 simul
401 6247 478 6297 cum
513 6208 668 6316 tempore
695 6227 950 6317 contigesount‚
978 6227 1045 6296 nisi
1077 6226 1256 6297 literarum
1293 6226 1447 6315 apicibus
1484 6228 1553 6296 sint
1588 6227 1813 6319 perhorrete,
