4200 8342
1716 1642 1788 1720 lau

240 1847 286 1923 ad
311 1902 320 1922 .
346 1901 355 1919 .
381 1902 391 1920 .
417 1901 425 1918 .
450 1848 492 1920 In
519 1867 588 1942 qua
614 1853 695 1922 sunt
720 1848 813 1921 lanei
847 1850 1098 1941 emethonales‚
1123 1850 1209 1924 item
1243 1849 1477 1942 hortulauiae,
1504 1850 1589 1924 item
1613 1848 1790 1940 tabernae,

241 1967 434 2061 dequibus
460 1968 620 2041 omnibus
646 1968 794 2050 solvitur
819 1974 856 2041 et
883 1961 1087 2042 conducitur
1113 1970 1246 2041 decima
1273 2024 1280 2039 .
1308 2023 1316 2039 .
1344 2024 1352 2040 .

342 2086 728 2179 ammoneremus
754 2091 817 2162 sub
844 2091 1009 2181 parochia
1035 2090 1078 2167 de
1105 2090 1466 2188 Proschowyoze
1492 2091 1568 2181 sita,
1592 2091 1688 2162 cuius
1706 2111 1787 2181 pro-

240 2209 372 2302 prietas
399 2208 837 2302 ad...Jakubowsky
864 2209 906 2282 de
933 2211 1039 2282 armis
1058 2211 1365 2301 Bippenuium
1392 2211 1553 2300 pertinet.
1571 2211 1612 2283 In
1627 2233 1695 2302 qua
1710 2218 1792 2284 sunt

242 2330 335 2403 lanei
361 2329 611 2421 omcthonales‚
639 2329 683 2410 de
709 2331 833 2421 quibus
870 2331 1017 2406 solvitur
1052 2335 1089 2402 et
1115 2330 1319 2403 conducitur
1345 2330 1479 2402 decima
1503 2332 1727 2424 manipularis
1754 2337 1790 2404 et

242 2448 417 2541 cauapalis
452 2470 516 2542 pro
543 2450 704 2546 episcopo
731 2450 971 2541 cracoviensi,
998 2457 1034 2523 et
1060 2452 1160 2548 valor
1184 2451 1260 2523 eius
1287 2451 1491 2524 aestimatur
1518 2451 1563 2524 ad
1598 2504 1606 2521 .
1634 2507 1642 2523 .
1669 2506 1676 2523 .
1703 2454 1788 2524 item
1891 2515 1912 2542 2,

240 2569 469 2660 boriulauiae,
495 2570 579 2674 item
605 2570 781 2661 tabernae,
807 2572 891 2645 item
917 2576 971 2644 est
997 2571 1046 2643 ibi
1073 2592 1180 2644 unum
1204 2570 1384 2660 praedium
1410 2571 1570 2662 militare,
1597 2571 1639 2643 de
1667 2572 1791 2663 quibus
1837 2607 1841 2615 ,

244 2690 345 2782 agris-
365 2689 557 2764 decimatur
583 2691 747 2766 ecclesiae
774 2697 811 2766 et
837 2692 911 2768 eius
937 2692 1086 2784 plebano
1103 2692 1141 2763 iu
1158 2691 1407 2784 Leucasko
1425 2697 1461 2765 et
1478 2692 1578 2765 valor
1595 2692 1670 2765 eius
1687 2693 1792 2766 aesti-

204 2796 358 2886 '-matur
382 2810 464 2886 ad...
489 2863 533 2882 ..
654 2793 655 2797 Ν
1364 2870 1366 2874 .
1639 2867 1642 2872 .

250 2937 258 2946 ’
348 2930 699 3025 Sanoeurnwrczu,
724 2932 808 3006 villa
842 2932 905 3006 snb
932 2934 1097 3030 parocbia
1122 2934 1166 3011 de
1192 2933 1554 3027 Proschowyeze
1581 2934 1667 3024 sita,
1694 2934 1792 3007 cuius

241 3053 368 3126 haeres
394 3049 561 3154 &eamus
588 3051 787 3145 Grydlar
813 3053 857 3125 de
883 3055 1016 3126 armis.
1043 3108 1051 3125 .
1078 3108 1087 3125 .
1114 3107 1122 3123 .
1147 3053 1189 3128 In
1216 3075 1284 3144 qua
1311 3059 1392 3127 sunt
1417 3057 1494 3126 octo
1520 3053 1614 3125 lanei
1640 3055 1792 3128 emetho-
1840 3112 1842 3115 .

242 3173 348 3263 uates,
375 3171 418 3245 de
445 3172 569 3266 quibus
596 3174 743 3268 solvitur
768 3180 806 3246 et
820 3175 1035 3248 conducitur
1062 3174 1195 3247 decima
1220 3175 1445 3267 manipularis
1472 3180 1509 3247 et
1534 3174 1708 3265 canapalis
1727 3196 1790 3266 pro

242 3292 442 3386 praebenda
476 3292 707 3398 Oracoviensi,
736 3315 822 3385 qnae
849 3300 993 3367 uocatur
1020 3293 1311 3389 Goschozyczske,
1335 3296 1436 3369 euius
1462 3296 1562 3368 valor
1589 3296 1793 3367 aestimatur

238 3405 289 3485 'ad
311 3413 518 3505 ‘quindecim
550 3435 696 3488 marcas.
736 3416 825 3488 Item
860 3417 1041 3508 praedium
1075 3418 1225 3490 militare
1260 3423 1315 3490 est
1341 3417 1406 3507 ibi,
1434 3417 1477 3490 de
1505 3437 1572 3508 qno
1601 3416 1793 3489 decimatur

245 3534 411 3607 ecclesiae
448 3540 484 3609 et
517 3536 665 3628 plebano
700 3537 737 3610 iu
765 3537 1009 3630 Tluczauy,
1036 3544 1072 3611 ct
1098 3539 1196 3612 valor
1223 3539 1297 3610 eius
1324 3539 1527 3611 aestimatur
1564 3536 1609 3609 ad
1645 3542 1794 3628 quatuor

242 3675 386 3730 marcus.
411 3657 500 3731 Item
527 3664 675 3748 quatuor
700 3658 928 3749 hortulaniae,
954 3659 1037 3732 item
1063 3681 1133 3731 uua
1159 3660 1305 3732 taberna
1330 3659 1498 3731 habentes
1525 3679 1638 3750 agros,
1656 3658 1699 3731 de
1717 3658 1792 3751 qui-

243 3775 308 3850 bus
335 3775 476 3853 denna
495 3777 642 3856 solvitur
667 3779 885 3871 praebendae
912 3777 1134 3853 Graeoviensi
1160 3780 1196 3853 in
1219 3777 1445 3878 ponytbuonut.

786 4035 965 4101 SANCTUS
987 4035 1249 4102 PANGRATIUS.

348 4519 521 4612 Oppidum
546 4519 678 4594 habens
696 4520 875 4593 ecclesiam
893 4520 929 4591 in
948 4539 986 4592 se
1004 4517 1237 4611 parochialem
1254 4520 1415 4613 ligneam,
1433 4522 1560 4594 Sancto
1576 4519 1684 4593 Panlo
1703 4520 1796 4594 dica-

243 4641 452 4732 tam52cuins·
474 4642 671 4733 proprietas
698 4641 743 4714 ad
769 4662 886 4734 regem
912 4641 1075 4733 pertinet.
1101 4644 1142 4715 Iu
1169 4664 1238 4735 qua
1263 4648 1345 4715 sunt
1370 4643 1496 4734 viginti
1529 4648 1677 4735 quatuor
1702 4643 1794 4714 lanei

247 4761 508 4853 oppidanorum,
535 4761 578 4833 de
605 4783 751 4854 quornm
778 4782 848 4835 una
871 4762 1059 4835 medietate
1086 4764 1225 4838 solvunt
1252 4764 1418 4836 decimam
1446 4818 1453 4833 .
1481 4818 1489 4833 .
1516 4818 1524 4833 .
1561 4785 1625 4853 pro
1653 4760 1797 4834 ecclesia

244 4883 386 4956 ibidem·
399 4883 437 4954 in
463 4881 617 4974 Uscze,
645 4888 681 4955 et
706 4883 805 4956 valor
831 4883 905 4955 eius
932 4884 976 4954 ad
1002 4905 1127 4958 novem
1154 4905 1288 4958 marcas
1315 4885 1540 4973 aestimatum
1565 4883 1608 4955 de
1626 4884 1695 4953 alia
1713 4903 1796 4954 vero

244 5004 433 5077 medietate
468 5003 647 5077 laneorum
674 5003 821 5076 solvitur
847 5024 911 5096 pro
939 5005 1086 5077 ecclesia
1111 5011 1148 5076 et
1172 5005 1320 5097 plebano
1347 5005 1423 5077 eius
1448 5005 1485 5076 in
1498 5002 1797 5093 ·Sczepanow,

245 5124 343 5198 cuius
369 5123 466 5196 valor
493 5122 539 5196 ad
565 5128 643 5197 octo
670 5143 805 5196 marcus
832 5124 1044 5198 aestimatur.
1069 5126 1160 5197 ·Item
1187 5125 1294 5197 habet
1320 5123 1369 5196 ibi
1396 5123 1604 5197 ecclesiast
1628 5122 1796 5215 plebanus

207 5247 213 5256 “
244 5245 407 5337 proprios
432 5264 535 5337 agros
562 5250 598 5320 et
622 5251 734 5336 prata,
759 5265 824 5336 pro
851 5265 914 5317 suo
941 5245 1084 5336 praedio
1111 5250 1147 5318 et
1174 5246 1392 5319 necessitate.

158 5451 161 5456 ,
286 5399 290 5404 ·
348 5365 548 5456 Mannum,
573 5347 658 5440 villa
683 5366 747 5438 sub
774 5365 893 5439 eadem
918 5368 1083 5458 parocbia
1110 5367 1153 5441 de
1179 5367 1354 5459 Usczye
1381 5367 1458 5457 sita,
1485 5367 1582 5440 cuius
1600 5366 1796 5458 proprietas

246 5486 291 5560 ad
308 5507 426 5584 regem
451 5488 610 5578 pertinet
637 5488 678 5559 ln
706 5508 774 5580 qua
800 5481 881 5561 sunt
906 5489 998 5561 lanei
1024 5489 1267 5580 omcthonales‚
1294 5489 1337 5561 de
1356 5488 1481 5582 quibus
1499 5489 1647 5562 solvitur
1664 5489 1797 5559 decima

245 5628 310 5699 pro
336 5608 498 5700 episcopo
525 5606 755 5700 Crotoniensi,
782 5609 881 5682 euius
906 5608 1006 5685 valor
1031 5611 1236 5683 aestimatur
1262 5609 1306 5682 ad
1334 5664 1342 5680 .
1369 5664 1378 5682 .
1404 5664 1412 5680 .
1438 5610 1528 5682 Item
1554 5609 1603 5682 ibi
1621 5615 1675 5710 est
1693 5628 1798 5679 unum

246 5728 427 5820 praedium
453 5729 610 5821 regium
623 5729 666 5800 de
693 5729 789 5803 euius
815 5730 922 5802 etiam
949 5730 1044 5822 agris
1071 5731 1203 5804 decima
1229 5730 1333 5804 datur
1360 5750 1423 5823 pro
1451 5731 1655 5823 episcopatu
1672 5727 1797 5801 Graec-

246 5850 366 5940 viensi,
393 5854 430 5921 et
455 5849 554 5922 valor
580 5851 655 5922 eins
682 5851 887 5924 aestimatur
914 5850 959 5923 ad
986 5904 994 5923 .
1021 5905 1030 5923 .
1058 5906 1066 5923 .

349 5970 572 6061 Barcano'w,
599 5963 682 6044 villa
708 5972 772 6042 sub
799 5971 920 6044 eadem
945 5973 1112 6063 parochia
1139 5972 1215 6063 sita,
1233 5971 1331 6044 cuius
1348 5970 1548 6043 haereditas
1566 5969 1612 6041 ad
1629 5969 1798 6042 Jacobum

165 6101 170 6106 '
249 6083 586 6183 Barcakowslry
612 6090 655 6163 de
680 6092 786 6164 armis
807 6146 815 6163 .
839 6145 847 6166 .
870 6099 883 6162 .“
901 6094 1062 6184 pertinet.
1087 6093 1129 6166 Iu
1156 6113 1224 6184 qua
1250 6096 1332 6163 suut
1357 6090 1451 6164 lanei
1482 6091 1724 6182 omcthonales‚
1757 6091 1800 6164 de

248 6211 374 6304 quibus
398 6232 463 6303 pro
489 6223 569 6286 und
585 6211 772 6285 medietate
799 6211 931 6286 decima
958 6215 1104 6287 solvitur
1130 6234 1194 6304 pro
1221 6212 1366 6285 ecclesia
1392 6217 1429 6285 et
1455 6212 1603 6304 plebano
1630 6212 1666 6283 in
1686 6212 1799 6286 Xau-

247 6352 426 6424 anyeze,
452 6333 550 6406 cuius
576 6331 675 6407 unlor
702 6331 748 6406 ad
774 6385 782 6406 .
810 6386 818 6404 .
845 6386 853 6403 .
879 6354 1014 6407 muscas
1040 6322 1263 6422 aestimatur3
1288 6353 1353 6425 pro
1380 6335 1493 6407 alteru
1510 6353 1593 6408 vero
1612 6333 1799 6409 medietate

248 6451 394 6530 soluitur
419 6452 457 6526 in
483 6452 761 6547 Sczepanou
788 6454 953 6532 ecclesiae
980 6460 1015 6527 et
1041 6455 1190 6546 plebano
1217 6456 1302 6548 eins,
1329 6462 1366 6530 et
1390 6457 1490 6531 rulor
1517 6454 1690 6529 eiusad.
1718 6508 1727 6526 .
1755 6509 1764 6526 .
1791 6509 1799 6525 .

248 6589 385 6652 marma
418 6573 634 6672 aestimatur.
672 6575 762 6654 Item
798 6578 852 6656 est
886 6576 937 6654 ibi
972 6595 1080 6652 unum
1109 6575 1289 6676 praedium
1316 6576 1489 6677 miliare,
1514 6577 1558 6658 dc
1576 6576 1680 6658 ‘emus
1707 6577 1802 6671 ³8¹4ss
