4200 8342
930 1307 1196 1379 quncnrcza.

384 1426 482 1501 Villa
505 1428 639 1509 babens
664 1428 701 1499 in
728 1448 766 1501 se
792 1428 975 1501 ecclesiam
1000 1428 1233 1518 parochialem
1261 1427 1419 1519 ligneam,
1447 1428 1552 1499 Sanct
1570 1483 1578 1499 .
1597 1482 1631 1499 ..
1671 1430 1830 1521 dicatam,

279 1550 386 1629 cuium
405 1548 532 1623 haeres
556 1546 744 1621 alclannes
778 1548 878 1623 Felix
912 1548 956 1621 de
991 1548 1217 1621 'l'barnow
1253 1548 1296 1620 de
1323 1547 1424 1622 domo
1460 1548 1651 1641 Lelywa.
1694 1550 1736 1625 ln
1762 1573 1831 1643 qna

285 1668 491 1743 maaianai
516 1670 789 1759 omotbonalcsg
815 1670 899 1741 item
925 1670 1033 1743 babet
1059 1670 1108 1739 ibi
1135 1668 1302 1759 plebanus
1320 1675 1356 1741 et
1374 1670 1518 1741 ecclesia
1544 1672 1716 1813 proprios,
1728 1692 1831 1763 agros

280 1788 413 1863 liberos
440 1797 476 1863 et
501 1796 613 1880 prata,
640 1811 704 1883 pro
730 1811 793 1862 suo
820 1811 884 1861 usu
911 1796 948 1862 et
973 1791 1189 1861 necessitate.

930 1911 1189 1981 Pazaczsnnw.

386 2030 560 2124 Oppidum
595 2032 770 2105 babens'
760 2054 796 2103 ιιι
828 2052 866 2101 se
903 2030 1081 2103 ecclesiam
1117 2032 1352 2121 parochialem
1388 2032 1554 2122 ligneam,
1592 2033 1830 2123 Assumptioni

282 2144 417 2225 Beatus
443 2152 580 2227 Mariae
606 2152 764 2243 Virginis
790 2151 949 2239 dicatam,
976 2152 1073 2223 cuius
1100 2151 1241 2224 luerunt
1266 2153 1371 2244 prisci
1398 2154 1563 2243 temporis
1590 2154 1659 2226 duo
1677 2161 1830 2227 rectores

283 2278 316 2345 ct
342 2274 607 2366 duoplebani,
634 2272 747 2345 Adam
782 2271 946 2343 videlicet
980 2277 1017 2344 et
1043 2270 1251 2363 Gregorius,
1288 2280 1325 2343 et
1351 2294 1392 2345 ea·
1421 2273 1619 2363 pluralitate
1646 2281 1830 2365 rectorum,

283 2392 403 2481 plnres
430 2395 667 2469 contentiones
693 2400 731 2466 et
756 2393 950 2465 discordiae
976 2394 1250 2483 consurgebant;
1284 2416 1370 2486 quas
1396 2395 1703 2475 reverendissimus
1730 2402 1831 2485 pater
1896 2456 1912 2479 .

279 2512 361 2585 olim
391 2512 563 2607 Sbignem
589 2513 775 2586 cardinalis
800 2519 839 2585 et
863 2514 1046 2604 episcopus
1073 2512 1311 2586 cracoviensis
1338 2514 1530 2605 sedaturus,
1557 2515 1601 2586 ad
1628 2516 1829 2607 petitionem

274 2629 452 2719 stanislai
478 2636 685 2738 biganza
718 2633 762 2705 de
789 2632 1023 2723 Gornycze
1059 2635 1238 2706 castellani
1265 2634 1532 2725 Malogostonsis
1560 2638 1652 2707 unici
1677 2637 1830 2708 ciusdem

262 2756 453 2829 eccicmae
479 2756 636 2847 patroni,
671 2755 791 2827 militis
817 2755 861 2826 de
887 2755 988 2826 domo
1016 2754 1272 2845 Polukozu,
1308 2762 1344 2827 et
1371 2756 1468 2827 Adae
1495 2758 1604 2847 partis
1631 2760 1732 2831 unius
1759 2760 1832 2850 ple-

256 2870 365 2947 bani
378 2874 573 2967 ‚praelatae
597 2874 771 2965 ecclesiae,
798 2872 968 2964 Gregorio
995 2882 1133 2945 mortuo
1160 2876 1373 2965 superstitis,
1409 2877 1612 2966 petitionem
1638 2883 1675 2950 ct
1701 2880 1832 2970 suppli·
1884 2965 1886 2968 Ι

245 2998 468 3087 cntionem,
493 3018 597 3068 nuum
624 2995 861 3069 tantummodo
888 2995 1072 3085 plebanum
1101 2998 1173 3068 sive
1199 2998 1451 3088 praepositum,
1478 3004 1514 3069 et
1539 3005 1612 3071 tres
1639 2999 1833 3073 mansiona-

242 3118 352 3191 rios
382 3138 448 3189 seu
474 3118 626 3191 vicarios
649 3122 846 3207 perpetuos,
871 3116 977 3187 boras
996 3118 1179 3189 canonicas
1199 3118 1241 3189 dc
1261 3118 1373 3189 Beata
1392 3118 1536 3209 Virgine
1555 3120 1670 3190 illaria
1688 3120 1832 3211 singulis

244 3238 411 3311 diebus
437 3240 647 3329 expleturos,
664 3243 701 3308 et
719 3258 802 3309 voce
828 3258 956 3309 sonora
981 3243 1190 3327 cantaturos,
1218 3240 1405 3327 constitnit,
1433 3245 1469 3310 et
1495 3247 1683 3330 proventus
1709 3247 1746 3313 et
1773 3240 1831 3312 ‹lo-

246 3360 394 3433 cimas
420 3358 654 3451 manipulares
679 3380 723 3431 ex
750 3359 893 3449 antiquo
920 3356 967 3431 ad
992 3362 1175 3447 utramque
1206 3359 1385 3429 ecclesiam
1411 3362 1641 3451 pertinentes,
1681 3362 1832 3433 extincto

239 3480 389 3555 titulo
416 3480 613 3553 medietatis
638 3480 783 3553 alterius
800 3478 922 3571 partia,
949 3478 1111 3551 distinxit
1133 3483 1168 3549 et
1186 3479 1360 3551 ordinavit
1386 3480 1421 3551 in
1448 3480 1540 3553 hunc
1566 3481 1713 3553 modum:
1741 3481 1832 3571 quod

252 3602 457 3693 plebanus
482 3602 556 3673 sire
582 3601 804 3692 praepositus
829 3598 944 3671 Adam
969 3604 1008 3669 ct
1032 3600 1086 3671 sui
1114 3620 1346 3689 successores,
1383 3621 1446 3689 pro
1474 3621 1510 3671 se
1537 3606 1573 3672 et
1599 3621 1663 3671 sua
1689 3622 1833 3693 praepo-

259 3722 419 3811 sicma,
445 3722 519 3793 sive
544 3721 724 3814 plebanis,
760 3726 800 3791 ut
825 3720 960 3791 facilius
987 3739 1094 3791 onera
1120 3719 1221 3809 ferre,
1247 3726 1284 3790 et
1308 3721 1534 3791 necessitates
1561 3721 1726 3793 ecclesiae
1753 3742 1833 3811 por-

266 3850 364 3917 tare
392 3842 514 3933 possit,
540 3842 683 3916 babebit
709 3841 860 3914 decimas
886 3841 1126 3932 infrascriptos
1153 3842 1394 3931 manipulares

392 3953 596 4053 Sarnrczn,
623 3964 706 4035 villa
732 3964 796 4035 sub
822 3963 988 4053 parocbia
1013 3963 1180 4034 ecclesiae
1203 3963 1246 4033 de
1264 3962 1509 4055 Lubrzyna
1534 3964 1611 4054 sita,
1637 3964 1734 4036 cuius
1752 3966 1833 4037 bae-

275 4106 344 4157 res
379 4084 535 4178 Spytbok
570 4083 961 4176 Melscbtlryusky
999 4084 1042 4155 dc
1077 4083 1178 4156 domo
1215 4084 1406 4176 Lelyna.
1449 4085 1491 4155 In
1528 4106 1595 4175 qua
1627 4092 1708 4157 sumt
1741 4086 1832 4158 lanei

280 4206 533 4295 ιιιιιιιιιοιιιιΙοε,
557 4206 642 4279 item
669 4206 853 4294 tabernae,
881 4206 964 4277 item
992 4206 1188 4293 hortulani,
1216 4206 1259 4276 de
1287 4206 1411 4295 quibus
1438 4206 1595 4277 omnibus
1624 4207 1771 4277 solvitur
1798 4211 1834 4277 et

286 4326 493 4399 conducitur
528 4326 661 4398 decima
694 4326 921 4415 manipularis
956 4331 993 4397 ct
1028 4326 1203 4415 canapalis
1239 4325 1403 4396 ecclesiae
1439 4326 1576 4395 eteius
1614 4325 1761 4415 plebano
1796 4327 1832 4395 in

288 4446 589 4519 Przcczslaw.
614 4446 703 4517 Item
729 4452 785 4517 est
812 4446 861 4516 ibi
887 4446 1067 4535 praedium
1093 4466 1198 4515 unum
1226 4445 1393 4534 militare,
1428 4445 1471 4516 de
1498 4445 1594 4515 cuius
1622 4444 1716 4534 agris
1743 4445 1834 4517 deci-

291 4572 405 4639 matur
431 4566 597 4651 ecclesiae
623 4566 659 4637 in
685 4566 940 4657 Lubrzyna.

306 4752 309 4757 .
347 4724 351 4729 ·
389 4686 583 4777 Ζιιιιιιιιι,
619 4685 702 4758 villa
727 4686 791 4758 sub
818 4686 983 4775 parochia
1008 4684 1051 4756 de
1078 4684 1325 4775 Lubrnyna
1351 4685 1439 4775 sita,
1474 4685 1572 4759 cuius
1598 4687 1720 4759 lraores
1747 4686 1834 4779 Spy-

292 4808 373 4889 tlrolr
400 4807 750 4901 Melacbtinsky
776 4806 962 4897 praelatus.
987 4806 1029 4876 In
1048 4826 1117 4897 qua
1133 4811 1215 4877 sunt
1232 4805 1323 4878 lanei
1341 4807 1583 4898 cmcthoncles,
1609 4808 1693 4879 item
1720 4810 1835 4879 taber-

292 4948 376 5019 nae,
400 4928 485 5015 itam
519 4928 756 5017 hamularius,
790 4928 834 4999 de
865 4928 990 5019 quibus
1025 4927 1184 4999 omnibus
1220 4926 1367 5000 soluitur
1403 4934 1439 4999 ot
1465 4928 1669 5001 conducitur
1704 4928 1835 5001 decima

290 5048 515 5143 manipularis
540 5054 578 5121 et
603 5048 778 5140 canapalis
804 5069 874 5141 pro
894 5048 1041 5121 ecclesia
1067 5048 1102 5119 in
1129 5046 1438 5139 Przoczsiaw;
1462 5050 1547 5123 item
1573 5049 1754 5141 praedium
1772 5102 1780 5119 .
1800 5103 1833 5119 ..

392 5170 616 5243 Srnzrssow
641 5170 726 5241 uilla
751 5170 816 5241 sub
843 5169 1009 5259 parochia
1034 5168 1078 5240 de
1101 5224 1215 5239 .....
1243 5170 1319 5241 sita
1359 5170 1400 5241 Ιιι
1428 5191 1496 5261 qua
1522 5175 1603 5243 sunt
1629 5170 1721 5243 lanei
1746 5189 1835 5240 cmo-

291 5290 468 5383 tboaales,
493 5290 579 5363 item
603 5290 769 5382 taberna,
800 5290 884 5363 item
910 5290 1148 5381 hortulaniae,
1175 5290 1370 5383 dequibus
1397 5292 1544 5365 solvitur
1570 5296 1606 5363 et
1634 5288 1836 5363 conducitur

291 5412 425 5489 decima
448 5410 675 5505 manipularis
700 5416 737 5485 ct
763 5411 939 5505 canapalis
972 5432 1038 5507 pro
1065 5412 1274 5486 ecclosiat
1237 5417 1274 5486 et
1300 5413 1373 5485 eius
1407 5411 1555 5504 plebano
1591 5410 1628 5481 in
1653 5410 1836 5482 Przecz-

291 5534 410 5627 alan,
436 5533 536 5633 cuius
560 5532 661 5607 valor
686 5534 892 5608 aestimatur
918 5532 964 5607 ad
981 5586 1096 5605 .....

391 5626 567 5749 currens,
593 5655 677 5729 villa
703 5656 768 5731 sub
795 5654 1030 5748 parochiale
1048 5707 1166 5725 .....
1192 5654 1270 5727 sita
1297 5653 1337 5725 ln
1364 5672 1433 5744 qua
1458 5596 1541 5727 sunt
1566 5650 1658 5724 lanei
1685 5652 1837 5725 cmctbo-

291 5778 407 5872 nalcs,
420 5760 506 5851 item
530 5778 687 5869 taberna,
713 5778 797 5851 item
822 5775 1010 5867 hortulani,
1036 5775 1223 5867 dequibus
1251 5774 1398 5847 solvitur
1424 5779 1461 5847 et
1484 5772 1688 5846 conducitur
1706 5770 1838 5845 decima

292 5900 518 5994 manipularis
546 5905 583 5973 et
606 5900 784 5992 canapalis
811 5897 1013 5971 ccclesiae
1004 5919 1040 5967 m
1066 5896 1378 5988 Przeczslaw,
1404 5901 1441 5969 et
1466 5895 1664 5971 valor-eius
1692 5894 1736 5967 ad
1755 5948 1762 5965 .
1782 5949 1788 5964 .
1808 5948 1838 5971 ..

293 6024 666 6139 mprcasfaestimatur.
691 6022 779 6095 Item
805 6019 984 6115 praedium
986 6072 1100 6094 .....
