4200 8342
321 1642 396 1715 134

313 1848 491 1940 praedium
526 1869 632 1919 unum
668 1847 836 1937 militare,
863 1849 956 1918 item·
981 1847 1216 1920 molendinum
1250 1868 1356 1919 unum
1383 1847 1646 1938 habensegros
1673 1849 1861 1939 dequibus

313 1969 471 2040 omnibus
498 1969 644 2041 solvitur
663 1973 699 2039 et
717 1967 924 2040 conducitur
940 1966 1075 2038 decima
1092 1968 1318 2058 manipularis
1337 1971 1373 2040 et
1390 1968 1565 2058 canapalis
1582 1987 1648 2057 pro
1666 1969 1861 2058 praebenda

312 2089 540 2179 Oracoviensi,
567 2106 654 2179 quae
680 2093 826 2161 vocatur
845 2087 1101 2159 Cnechowsha:'
1121 2087 1204 2158 item
1223 2088 1369 2178 quilibet
1387 2089 1522 2161 emetha
1540 2088 1584 2159 de
1601 2088 1706 2160 laneo
1724 2094 1860 2160 tenetur

212 2189 220 2199 ’
312 2209 446 2280 solvere
480 2208 646 2279 ecclesiae
681 2213 719 2280 et
752 2207 900 2297 plebano
932 2208 968 2278 in
995 2207 1212 2300 Syepraw
1238 2229 1343 2279 unum
1369 2229 1529 2298 grossum
1554 2229 1619 2299 pro
1655 2203 1861 2304 poddymau

309 2331 392 2400 item
420 2328 463 2408 de
489 2329 584 2418 agris
610 2328 670 2419 qui
688 2327 923 2424 prapmpurlcy
949 2333 1119 2401 vocantur
1144 2329 1292 2401 solvitur
1315 2329 1448 2401 decima
1465 2330 1693 2420 manipularis
1712 2330 1858 2420 plebano

313 2451 348 2520 in
375 2449 603 2539 Syepraw.
1707 2514 1718 2524 .

415 2568 670 2659 Poowrznow,
697 2568 780 2641 villa
814 2570 851 2640 in
888 2567 994 2639 cruda
1028 2568 1146 2640 radice
1179 2569 1309 2661 locata,
1335 2570 1400 2641 sub
1434 2569 1600 2660 parochia
1627 2570 1795 2642 ecclesiae
1820 2570 1858 2640 de

314 2691 558 2781 Szyepraw
585 2690 661 2780 sita,
689 2690 785 2762 cuius
811 2690 935 2761 haeres
953 2687 1538 2783 Stanislausteluglowsky
1564 2690 1730 2763 dedomo
1749 2690 1858 2762 Anti·

314 2830 504 2900 quarum
530 2809 768 2902 Equorum,
794 2811 831 2882 in
859 2830 927 2900 qua
952 2813 1033 2881 sunt
1059 2808 1127 2881 duo
1153 2809 1245 2882 lanei
1272 2810 1517 2902 emethonnles,
1542 2810 1587 2883 de
1613 2811 1743 2902 quibus
1761 2812 1857 2883 solvi·

313 2936 372 3003 tur
397 2929 529 3003 decima
556 2931 718 3004 ecclesiae
744 2931 781 3002 in
808 2930 838 3001 L
846 2930 1062 3021 yczanha

1017 3049 1161 3121 Runun.

415 3172 510 3244 Villa
534 3172 666 3244 habens
693 3171 874 3244 ecclesiam
898 3171 1134 3262 parochialem
1160 3171 1309 3263 ligneam
1334 3170 1383 3243 in
1398 3191 1436 3244 se
1453 3170 1606 3244 Sancto.
1633 3226 1641 3242 .
1669 3226 1677 3242 .
1706 3171 1858 3260 dimtam,

313 3294 409 3364 cuius
442 3295 636 3384 proprietas
669 3293 714 3365 ad
749 3292 996 3364 monasterium
1024 3291 1246 3384 Thynczense
1271 3292 1434 3383 pertinet
1472 3292 1514 3362 In
1541 3297 1720 3382 quaeunt
1747 3291 1858 3363 decen

312 3413 405 3483 lanei
440 3412 693 3506 emethonales,
721 3411 764 3484 de
791 3413 914 3504 quibus
950 3412 1097 3483 solvitur
1123 3417 1160 3483 et
1186 3412 1390 3483 conducitur
1416 3391 1549 3485 decirna
1574 3413 1803 3503 manipularis
1828 3418 1859 3482 et

244 3585 250 3599 .
312 3532 487 3621 canapalis'
522 3553 586 3624 pro
621 3534 783 3623 episcopo
819 3531 1059 3622 cracoviensi,
1085 3538 1122 3605 et
1148 3532 1246 3604 valor
1279 3531 1354 3604 eius
1378 3530 1594 3604 aestimatum
1611 3533 1657 3604 ad
1683 3532 1859 3605 duodecin

312 3672 457 3722 marcas.
484 3652 572 3723 Item
598 3658 652 3723 est
677 3653 727 3725 ibi
753 3652 933 3743 praedium
960 3651 1170 3742 coenobiale,
1198 3652 1289 3742 quod
1315 3673 1385 3724 non
1411 3653 1561 3725 decimat
1585 3654 1700 3743 alicui,
1720 3654 1781 3724 sed
1799 3636 1857 3744 pro

311 3793 349 3843 se
376 3772 545 3845 decimam
571 3773 673 3845 tollit.
699 3774 788 3846 Item
814 3777 896 3845 sunt
921 3773 970 3845 ibi
997 3773 1086 3844 duae
1113 3772 1290 3863 tabernae,
1317 3777 1391 3845 tres
1417 3773 1653 3864 hortulaniae,
1679 3775 1766 3846 item
1793 3774 1856 3845 duo

312 3894 518 3986 molendina,
545 3895 588 3967 de
616 3912 762 3985 quorum
789 3895 883 3986 agris
910 3893 1043 3966 decima
1061 3894 1208 3966 solvimur
1224 3915 1289 3984 pro
1307 3895 1486 3967 coenobio.
1500 3949 1508 3965 .
1522 3949 1545 3985 .,
1563 3900 1625 3966 aut
1642 3895 1687 3990 de
1706 3895 1857 3986 quolibet

259 4112 266 4116 ι
312 4016 412 4086 laneo
440 4015 567 4087 dantur
593 4022 671 4088 octo
698 4016 802 4087 scotti
827 4016 977 4087 latorum
1004 4035 1222 4106 grossorum,
1249 4015 1338 4087 duae
1364 4034 1547 4088 mensurae
1572 4014 1683 4087 tritici
1710 4022 1747 4088 et
1774 4015 1857 4087 duae

311 4135 459 4226 siliginis
484 4157 549 4226 pro
577 4135 709 4208 decima
735 4136 897 4227 episcopo
924 4134 1155 4208 Oracoviensi.

415 4256 573 4330 Ozunow
599 4277 751 4348 maana,
778 4257 862 4330 uilla
888 4250 953 4329 sub
978 4257 1146 4348 parochia
1172 4257 1220 4327 de
1242 4255 1401 4347 Rybne
1427 4256 1513 4346 sita,
1540 4255 1636 4326 cuius
1662 4258 1859 4347 proprietas

313 4378 356 4449 ad
384 4378 631 4448 monasterium
659 4377 882 4468 Thynczense
902 4378 1069 4466 pertinet
1101 4376 1142 4447 In
1170 4390 1237 4465 qua
1263 4381 1344 4446 sunt
1371 4374 1520 4447 sedecim
1546 4375 1637 4447 lanei
1663 4377 1860 4449 emethona·

312 4500 372 4588 lea,
399 4498 482 4568 item
508 4497 596 4568 duae
623 4499 790 4569 tabernae
817 4498 986 4569 habentes
1014 4517 1135 4587 agros,
1161 4497 1244 4567 item
1273 4496 1424 4586 quinque
1449 4497 1678 4567 hortulaniae·
1695 4497 1860 4568 habentes

311 4639 429 4708 agros,
457 4619 538 4689 item
565 4618 744 4709 praedium
772 4617 988 4707 coenobiale,
1015 4617 1059 4688 de
1086 4615 1210 4707 quibus
1237 4617 1395 4688 omnibus
1422 4615 1568 4688 solvitur
1594 4622 1631 4688 et
1658 4618 1861 4688 conducitur

310 4739 444 4811 decima
476 4739 700 4829 manipularis
736 4743 773 4811 et
798 4738 972 4829 canapalis
1008 4759 1072 4829 pro
1099 4737 1309 4811 monasterio
1338 4737 1573 4828 Thynczensi,
1600 4742 1636 4810 et
1662 4737 1763 4811 valor
1790 4739 1860 4810 eius
1926 4794 1933 4798 .

311 4861 512 4932 aestimatur
540 4860 585 4931 ad
611 4860 791 4932 duodecim
818 4881 962 4932 marcas.

414 4980 622 5053 Ozunownn
648 5001 787 5072 rusve,
814 4981 898 5053 villu
925 4982 988 5052 sub
1015 4979 1183 5069 parochia
1209 4978 1252 5049 de
1270 4978 1429 5083 Rybna
1455 4980 1532 5069 sita,
1551 4979 1648 5050 cuius
1665 4981 1860 5070 proprietas

310 5102 354 5173 ad
381 5102 627 5174 monasterium
654 5103 876 5192 Thynczense
902 5103 1065 5193 pertinet.
1092 5101 1131 5171 ln
1160 5120 1227 5190 qun
1254 5105 1336 5171 sunt
1353 5105 1486 5190 septem
1505 5100 1598 5171 lanei
1617 5100 1860 5188 cmethonales,

310 5243 380 5292 una
415 5224 561 5295 taberna
595 5224 728 5295 habens
761 5244 879 5313 agroS,
908 5222 950 5293 de
982 5222 1107 5312 quibus
1144 5221 1302 5293 omnibus
1329 5222 1469 5292 solvumt
1494 5219 1662 5292 decimam
1688 5222 1726 5290 in
1752 5241 1858 5311 grano

310 5342 560 5432 manipularem
595 5344 803 5414 monasterio
840 5343 1072 5434 Thynczensi,
1108 5341 1220 5413 dando
1256 5362 1402 5430 granum
1438 5341 1585 5431 triplex,
1621 5340 1786 5412 videlicet
1819 5339 1859 5411 de

311 5463 448 5552 siligine
484 5462 569 5534 duas
605 5483 801 5554 mensuras,
829 5464 872 5535 de
903 5464 1021 5536 tritico
1049 5463 1135 5535 duas
1162 5461 1267 5533 etde
1293 5481 1404 5534 arena
1430 5462 1525 5534 duas.
1566 5460 1653 5533 Item
1680 5461 1859 5552 praedium

311 5584 456 5655 ibi‘non
484 5588 547 5654 est.

948 5703 1221 5776 Rnnznscnow.

413 5823 507 5895 Villa
533 5824 664 5896 habens
692 5824 727 5894 in
754 5845 791 5895 se
818 5825 1050 5914 parochialem
1077 5824 1255 5896 ecclesiam
1273 5824 1433 5914 ligneam,
1451 5821 1605 5894 Sancto.
1633 5876 1676 5893 ..
1703 5822 1859 5912 dicatum,

309 5948 405 6017 cuius
433 5946 629 6036 proprietas
657 5944 701 6016 ad
728 5946 976 6016 monasterium
1003 5945 1226 6038 Thynczense
1253 5945 1415 6035 pertinet.
1432 5944 1483 6014 'In
1510 5964 1578 6033 qua
1604 5948 1687 6015 sunt
1702 5943 1860 6014 undecim

308 6066 400 6136 lanei
428 6066 660 6138 emethonales
688 6072 725 6137 et
750 6087 820 6137 una
845 6067 954 6156 virga,
980 6068 1064 6137 item
1091 6072 1146 6137 est
1172 6086 1277 6135 uuum
1295 6048 1589 6155 praediumitem
1605 6063 1768 6135 scultetia
1786 6084 1859 6134 curn

309 6187 405 6276 agris
430 6187 597 6276 propriis,
626 6186 668 6258 de
696 6187 819 6278 quibus
848 6186 997 6258 decimat
1023 6185 1188 6257 acclesiae
1214 6187 1252 6256 in
1279 6185 1611 6274 Radzeschow3
1637 6184 1680 6256 de
1707 6185 1860 6257 cmetho

308 6309 410 6379 nibus
438 6327 519 6377 vere
546 6306 692 6378 soluitur
719 6313 756 6378 et
782 6308 985 6380 conducitur
1012 6307 1144 6378 decima
1169 6306 1395 6397 manipularis
1413 6312 1450 6378 et
1467 6305 1642 6398 canapaHs
1659 6326 1725 6396 pro
1743 6325 1859 6378 mona-

309 6429 415 6500 sterio
443 6427 666 6519 Thynczensi,
694 6434 730 6498 et
756 6428 853 6501 valor
879 6429 953 6500 eius
981 6430 1184 6500 aestimatur
1209 6428 1254 6499 ad
1282 6483 1289 6499 .
1317 6482 1325 6498 .
1352 6483 1360 6497 .
1386 6422 1556 6500 marcas'

413 6548 661 6647 Bnunnczow,
686 6549 770 6620 villa
796 6550 860 6621 sub
882 6551 1048 6645 parochia
1071 6550 1236 6624 ecclesiae
1263 6549 1306 6620 de
1333 6548 1641 6626 Radzeuuhow
1666 6547 1745 6643 sita
1764 6546 1859 6621 cuius
