4200 8342
153 1541 171 1628 κ’
307 1599 380 1669 540

410 1802 755 1876 Umuaacrrowucza.
809 1856 816 1869 .
870 1856 877 1870 .
1114 1858 1122 1873 .
1175 1858 1182 1872 .

410 1922 652 2001 Raoawracz
678 1921 869 1993 Hacroars
872 1976 1185 1993 ......
1305 1997 1327 2040 o

407 2041 651 2116 Raoawracz
677 2041 887 2115 Puczuoma
890 2095 1177 2113 ......

406 2162 649 2262 Ranawracz
674 2161 902 2235 Pszoaczua.
982 2219 989 2232 .
1043 2219 1051 2233 .
1106 2220 1113 2232 .
1168 2218 1175 2233 .

846 2403 1084 2478 Kaaazmc'za
1111 2403 1311 2476 Jaaoosar.

406 2526 500 2598 Villa
527 2527 658 2598 hahens
685 2526 720 2595 in
747 2545 784 2596 se
811 2525 989 2602 ecclesiam
1014 2525 1258 2615 parochialem,
1286 2523 1412 2600 Sancto
1431 2579 1545 2595 .....
1564 2525 1724 2615 dicam,
1752 2526 1851 2600 ouius

303 2648 426 2719 haeres
451 2646 476 2718 J
483 2646 695 2738 arowsky
723 2647 765 2718 dc
793 2647 900 2717 armis
926 2645 1216 2718 Rawitarum.
1242 2646 1283 2717 Iu
1301 2666 1370 2736 qua
1388 2652 1470 2718 sunt
1486 2645 1578 2717 lanai
1604 2646 1849 2737 cmethonalea,

302 2768 345 2838 de
372 2769 496 2858 quibus
523 2768 670 2839 solvitur
696 2768 829 2838 decima
848 2821 1015 2840 .......
1042 2768 1130 2839 Item
1157 2767 1338 2857 praedium
1364 2773 1419 2839 est
1446 2768 1494 2839 ihi
1521 2768 1682 2858 militare,
1708 2768 1849 2859 dequo
1952 2783 1954 2788 ’

303 2889 494 2962 decimatur
520 2889 683 2962 ecclesiae
710 2889 746 2960 iu
773 2887 1068 2960 Kraszuicza.
1112 2888 1199 2960 Item
1227 2888 1394 2979 plebanus
1421 2888 1527 2961 habet
1562 2889 1612 2960 ihi
1638 2909 1742 2979 agros
1768 2909 1851 2979 pro-

302 3009 406 3099 prios,
433 3030 496 3099 pro
524 3030 585 3081 suo
614 3009 756 3100 praedio
784 3014 820 3079 et
845 3010 1061 3081 necessitate.

406 3128 657 3220 Osauoarcza,
698 3129 781 3201 villa
808 3130 873 3201 suh
899 3130 1065 3220 parochia
1090 3130 1133 3200 de
1159 3128 1448 3201 Kraszuicza
1464 3130 1562 3219 pita,
1597 3131 1696 3201 cuius
1723 3130 1849 3201 haeres

301 3249 465 3322 Nicolaus
491 3251 534 3322 de
560 3237 910 3341 Prouidlnyhy‚
938 3249 1040 3321 iudex
1069 3249 1290 3322 Lublinensis
1316 3250 1442 3322 mobida
1460 3250 1504 3321 de
1522 3251 1629 3321 armis
1656 3250 1850 3321 Buucru

301 3370 340 3440 In
369 3392 437 3461 qua
462 3378 543 3444 sunt
570 3372 694 3461 viginti
721 3375 853 3462 septem
888 3369 980 3442 lanei
1016 3371 1268 3460 cmethonales‚
1304 3370 1499 3461 dequibus
1534 3371 1683 3444 solvitur
1714 3370 1851 3442 decima

301 3491 535 3580 manipulario,
564 3490 624 3560 sed
651 3511 720 3561 non
747 3490 934 3580 campalis,
961 3508 1025 3578 pro
1052 3488 1335 3561 archidiaconatu
1353 3490 1566 3581 Luhliuensi,
1594 3497 1631 3562 et
1658 3490 1757 3562 valor
1774 3490 1851 3562 eiua

301 3612 505 3681 aestimatur
532 3611 576 3681 ad
603 3609 797 3701 quindecim
823 3629 968 3682 marcae.
1011 3611 1100 3682 Item
1125 3603 1294 3684 taborooe
1321 3611 1481 3704 quinque,
1508 3612 1591 3683 item
1618 3610 1850 3701 hortulaniae,

300 3731 383 3801 item
409 3730 651 3834 molendinum,
678 3730 740 3803 aed
765 3745 836 3804 noa
862 3731 993 3803 hahent
1019 3732 1132 3820 agroa
1159 3730 1248 3802 Item
1271 3736 1326 3803 eat
1352 3732 1400 3802 ihi
1427 3732 1607 3822 praedium
1634 3750 1741 3813 onum
1758 3730 1850 3802 mili·

299 3856 377 3922 tare
402 3851 538 3942 bonum,
566 3853 648 3924 item
674 3852 837 3924 scoltetio
861 3851 997 3923 hahens
1021 3857 1171 3943 quotuor
1194 3851 1315 3923 laneos
1334 3858 1370 3924 et
1387 3872 1490 3924 unam
1507 3853 1690 3925 tabernam
1715 3853 1862 3968 haben-Q

298 3977 369 4042 tem
395 3991 513 4062 agros,
539 3971 581 4043 de
609 3972 733 4064 quibus
760 3972 918 4050 omnibus
947 3972 1105 4061 solvitur,
1134 3972 1270 4043 decima·
1286 3972 1529 4063 manipularis·
1543 3979 1583 4044 et
1598 3973 1785 4066 ,mapalis
1811 3965 1850 4043 iu'

198 4139 200 4144 ·
299 4090 581 4165 Krasznicza
607 4092 630 4164 J
639 4089 850 4183 arosshy,
878 4098 914 4164 et
940 4093 1039 4164 valor
1066 4094 1140 4164 eiua
1168 4094 1371 4165 aestimatur
1397 4093 1443 4165 ad
1470 4081 1792 4185 quatuor-harcos.

406 4332 707 4406 Srazazowrcza.
767 4390 774 4404 .
829 4389 836 4404 .
890 4361 911 4405 .·
936 4382 958 4405 -.
1012 4389 1020 4405 .
1086 4381 1088 4385 <

403 4453 617 4527 Mamraow.

388 4574 538 4647 Barata
563 4574 706 4646 Parma
763 4629 1016 4646 .....

402 4694 682 4768 Brsrazrczrm.

401 4935 707 5011 Paawroamrur.
734 4986 737 4990 -
765 4991 1018 5007 .....

918 5160 1222 5234 danamarcam.

401 5299 494 5371 Villa
520 5300 651 5372 habene
678 5300 856 5372 ecclesiam
883 5299 1117 5391 parochialem
1144 5299 1180 5369 io
1207 5319 1244 5369 se
1271 5298 1430 5389 ligneam,
1457 5298 1563 5372 Sanct
1581 5352 1722 5370 ......
1750 5300 1852 5373 dica-'
1888 5300 1892 5304 ’

297 5427 378 5509 tam,
406 5422 503 5493 cuius
529 5423 652 5493 haeres
678 5420 856 5494 lohannes
883 5418 1304 5516 Clymunthowakyr
1324 5417 1367 5491 de
1394 5419 1496 5506 domo
1517 5421 1846 5514 ¹Bippenuium.

296 5542 336 5613 In
364 5564 432 5632 qua
459 5549 541 5615 sunt
566 5543 657 5613 lanei
683 5543 929 5632 cmethooalea,
956 5540 999 5614 do
1026 5541 1152 5631 quihus
1179 5540 1337 5612 omnihus
1356 5541 1504 5612 solvitur
1529 5541 1664 5613 decima
1688 5525 1846 5632 manipu-

296 5664 378 5735 laris
406 5670 442 5736 et
468 5664 644 5755 canapalis
670 5685 734 5755 pro
753 5718 892 5740 ......
929 5662 1017 5733 Item
1044 5662 1190 5733 ecclesia
1216 5668 1253 5732 et
1279 5653 1448 5752 plebanus
1475 5651 1581 5734 hahet
1606 5662 1657 5734 ihi
1672 5663 1845 5753 proprios
1894 5689 1896 5696 ·

296 5806 399 5876 agros
434 5786 580 5878 liberos,
614 5805 769 5876 proauo
803 5806 869 5858 usu
896 5788 932 5856 et
957 5771 1184 5873 necessitate,
1220 5764 1349 5872 pascua
1384 5789 1421 5854 et
1446 5784 1634 5857 sectionem
1670 5783 1843 5875 lignorum

295 5906 414 5980 libera.
1174 5929 1178 5940 ·
1259 5919 1267 5938 ·
1780 5919 1785 5924 '

354 6028 582 6119 ›smmow
607 6027 756 6102 Jacoar.
824 6082 831 6097 .
885 6081 893 6098 .
946 6081 953 6098 .
1028 6077 1032 6084 -

398 6148 1014 6221 Douraow........

397 6268 560 6343 Wracza
586 6289 707 6342 roura
709 6324 1014 6341 ......
1087 6309 1091 6316 ,
1269 6339 1271 6344 .

904 6419 915 6440 ·
976 6389 1156 6466 ermom
1752 6448 1754 6452 -

397 6513 491 6582 Villa
516 6513 648 6584 hahens
676 6514 709 6584 io
738 6532 775 6584 sc
802 6510 982 6585 ecclesiam
1017 6511 1252 6603 parochialem
1268 6509 1456 6603 [ligneam
1492 6510 1619 6585 Sancto
1647 6512 1845 6586 Adaiherto
