4200 8342
1672 1654 1747 1727 415

175 1860 238 1933 de
269 1862 395 1953 quibus
422 1860 581 1932 omnibus
610 1916 616 1929 .
645 1916 651 1929 .
680 1916 686 1929 .
725 1860 813 1931 Item
842 1866 895 1931 est
923 1861 969 1931 ibi
998 1862 1177 1951 praedium
1205 1862 1367 1951 militare,
1395 1861 1438 1933 de
1465 1884 1532 1952 epm
1560 1862 1749 1936 decimatur

175 2004 261 2075 pro
291 1984 437 2055 eeclesia
463 1984 499 2053 in
527 1966 883 2073 Probolouirne,
910 1988 946 2053 et
973 1983 1072 2054 valen·
1099 1984 1172 2053 eius
1200 1984 1244 2054 ad
1272 2005 1374 2055 uriam
1403 2005 1562 2057 marcam.

183 2150 197 2165 -
302 2104 416 2175 Villae
451 2104 686 2195 parochiales:
723 2104 1092 2195 Probolon'ieze‚
1129 2104 1376 2195 hipernou',
1412 2105 1588 2197 Sobora,
1617 2105 1748 2199 Ozye-

175 2224 322 2299 show
349 2226 506 2317 Maior,
533 2224 783 2317 Ozyoshou·
809 2225 972 2316 Minor,
998 2226 1269 2299 Jauouioze.

857 2449 1101 2523 Ozulnsoezm.

233 2670 237 2675 ,
302 2592 397 2664 Villa
430 2591 562 2663 hahens
597 2592 634 2661 in
671 2611 708 2662 so
743 2590 975 2681 parochialem
1014 2591 1211 2681 ecelesiam,
1240 2591 1386 2663 Sanctae
1422 2592 1556 2665 Mariae
1593 2594 1749 2683 dicatam,

175 2714 342 2805 [adelmo
369 2712 484 2804 lapide
510 2733 573 2803 per
599 2712 846 2785 Otthunem
874 2713 1109 2803 praepositum
1137 2712 1384 2804 Grrezrrensem,
1412 2724 1447 2785 et
1466 2716 1561 2805 regni
1582 2716 1745 2788 Poloniae

176 2834 452 2924 mucellarimn,
479 2833 629 2906 nobilem
658 2834 700 2904 de
727 2833 834 2904 armis
861 2833 1088 2923 Vulpium,
1115 2856 1205 2905 anim
1233 2836 1372 2905 Domini
1405 2838 1511 2907 labo.
1537 2836 1748 2927 fabricatam,

178 2956 296 3029 cuius
322 2956 446 3037 haeres
473 2956 595 3028 unicus
622 2959 658 3025 et
684 2962 852 3047 patronus
880 2955 1044 3027 Nicolaus
1061 2956 1298 3045 Dlugoseh
1328 2956 1370 3029 de
1390 2955 1678 3029 Gzarnoeain
1706 2958 1748 3029 de

181 3079 305 3153 armis
331 3078 610 3171 Wyonyan'a.
638 3079 676 3148 ln
706 3099 774 3168 qua
800 3082 880 3149 sunt
907 3077 1024 3149 decem
1051 3085 1087 3149 et
1115 3100 1237 3149 norem
1266 3079 1365 3167 lanei,
1385 3080 1426 3149 de
1446 3080 1570 3169 quibus
1590 3081 1747 3152 omnihus

190 3200 346 3273 solvitur
380 3204 415 3270 et
434 3199 646 3273 conducitur
674 3200 806 3271 decima
831 3199 1057 3290 manipularis
1085 3206 1119 3271 et
1148 3201 1322 3290 canapalis
1351 3202 1614 3292 praepositurae
1642 3202 1748 3283 Visli-

191 3324 319 3414 aiensi,
346 3327 382 3395 et
408 3323 506 3396 ralor
533 3322 607 3393 eins
635 3322 841 3394 aestimatur
868 3322 912 3392 ad
939 3322 1119 3393 duodecim
1147 3343 1289 3394 marcas.
1316 3324 1403 3394 Item
1431 3329 1484 3395 est
1502 3300 1748 3413 ibipraedirim

191 3446 348 3519 militare
375 3466 481 3517 unum
507 3444 645 3533 boumn,
672 3444 892 3519 aestimatum
919 3442 963 3514 ad
991 3444 1170 3515 duodecim
1189 3444 1315 3533 lanceis,
1335 3446 1418 3515 item
1437 3451 1510 3516 tres
1528 3444 1747 3517 hortulaniae

192 3568 367 3641 habentes
393 3587 506 3658 agros,
533 3566 616 3638 item
643 3566 791 3639 taberna
817 3587 886 3637 rina
912 3566 1044 3638 habens
1072 3586 1194 3655 agros,
1221 3574 1256 3638 et
1284 3567 1328 3638 ad
1357 3568 1540 3658 plebanum
1569 3568 1643 3639 iuro
1671 3588 1749 3657 per-

193 3689 314 3761 tinens
339 3688 505 3778 plenario,
532 3687 575 3759 de
602 3687 726 3779 quibus
754 3688 912 3760 omnibus
939 3688 1088 3765 solvitur
1115 3687 1247 3758 decima
1273 3688 1498 3779 manipularis
1527 3689 1694 3760 ecelesiae
1712 3690 1746 3759 in

194 3808 490 3899 Ozarnoczin‚
517 3814 552 3881 et
579 3807 676 3879 valor
702 3809 777 3879 eius
804 3809 1007 3880 aestimatur
1034 3830 1098 3898 pro
1126 3830 1193 3880 unu
1220 3809 1406 3880 medietate
1426 3809 1470 3881 ad
1490 3816 1639 3899 quatuor
1658 3832 1746 3880 mar-

194 3952 269 4021 cas3
295 3933 378 4004 item
404 3931 448 4003 de
475 3931 649 4023 aliquibus
675 3931 769 4021 agris
796 3930 888 4001 cedit
915 3930 1079 4001 eeclesiae
1107 3930 1143 4000 in
1170 3929 1528 4002 Probolowieze.

244 4070 247 4075 ·
301 4053 566 4153 Therothoas,
593 4052 677 4125 villa
711 4053 775 4123 sub
811 4052 977 4143 parochia
1004 4051 1046 4121 de
1075 4049 1357 4123 Ouarnoozin
1387 4052 1473 4141 sita,
1500 4053 1597 4124 errius
1625 4053 1748 4124 haeres

196 4174 307 4249 Ottha
331 4170 667 4268 Plyechowslsy
695 4175 831 4245 ratione
858 4174 977 4245 uxoris
1005 4172 1047 4243 de
1076 4172 1177 4243 domo
1204 4174 1522 4263 Bippennium.
1549 4174 1589 4243 ln
1609 4182 1748 4264 quaest

194 4296 374 4389 praedium
410 4298 595 4388 optimum,
631 4296 763 4368 habens
799 4296 932 4387 aliquot
966 4295 1187 4385 hortnlanos,
1215 4295 1257 4366 de
1290 4296 1414 4385 quihus
1442 4295 1589 4366 solvitur
1615 4295 1748 4367 decima

196 4420 422 4512 manipularis
462 4420 627 4491 ecclesiae
663 4418 697 4489 in
735 4416 1040 4505 Gzarnoezin,
1076 4418 1173 4490 errius
1210 4417 1307 4489 valor
1342 4417 1545 4503 aestimatur
1582 4418 1625 4490 ad
1662 4417 1748 4492 duas

196 4562 340 4615 mareas
596 4636 601 4646 .

299 4664 531 4754 ilunowrczn,
557 4662 641 4733 villa
658 4663 722 4733 snb
741 4663 905 4752 parochia
923 4662 966 4733 ele
984 4662 1333 4735 Probolowicze
1360 4664 1437 4753 sita,
1457 4664 1555 4735 euius
1573 4664 1740 4735 haeres..

196 4786 240 4859 de
264 4786 372 4857 armis
406 4785 688 4875 Streparum.
728 4784 768 4855 In
797 4806 864 4874 qua
892 4789 973 4855 srmt
1000 4784 1088 4856 darae
1116 4784 1333 4855 hortulaniae
1360 4786 1528 4855 habentes
1555 4805 1676 4875 agros,
1705 4784 1747 4853 do

196 4908 321 4999 quibus
347 4907 538 4979 decimatur
565 4906 731 4978 ccclesiae
764 4908 799 4976 in
826 4905 1135 4994 Gzarnocnim
1163 4910 1198 4974 et
1225 4904 1323 4976 valor
1350 4905 1501 4977 decimae
1529 4905 1747 4977 admediana

196 5046 357 5109 meam.

298 5150 524 5239 errarczmo,
550 5151 633 5222 villa
659 5150 723 5221 suh
749 5149 916 5239 parochia
943 5148 985 5217 de
1014 5146 1370 5219 Gramboscbow
1400 5148 1476 5220 sita.
1504 5148 1543 5219 In
1571 5170 1640 5239 qua
1667 5156 1747 5221 surlt

195 5272 285 5345 lanei
319 5273 569 5363 emolliendas,
598 5274 678 5342 item
715 5272 901 5359 tabernae,
928 5270 1011 5340 item
1047 5269 1283 5358 hortulani-ae,
1311 5270 1353 5341 ‹lo
1382 5272 1506 5362 quibus
1534 5270 1682 5342 solvitur
1710 5278 1744 5342 et

195 5394 397 5468 conducitur
432 5393 566 5464 decima
601 5391 827 5482 rnarripularis
855 5395 890 5461 et
917 5391 1092 5481 canapalis
1120 5392 1286 5463 eeclesiae
1314 5393 1348 5462 in
1376 5391 1683 5481 Crarnoczin,
1712 5400 1748 5465 et.

193 5516 293 5589 ralor
327 5515 402 5587 eius
437 5514 641 5585 aestimatur
675 5513 718 5583 ad
746 5517 894 5602 ‹prratnor
922 5532 1066 5583 marcas.
1107 5512 1195 5583 Item
1223 5490 1278 5584 est
1304 5514 1351 5583 ibi
1379 5514 1559 5603 praedium
1587 5514 1747 5603 militare,

194 5636 237 5711 de
263 5656 333 5728 quo
369 5634 562 5709 decimatur
589 5636 623 5706 in
652 5633 1025 5725 Gramboscbow‚
1053 5640 1089 5705 et
1116 5635 1214 5707 valor
1240 5636 1315 5706 eius
1342 5636 1544 5707 aestimatur
1572 5635 1617 5706 ad
1645 5654 1746 5706 unam

193 5766 354 5845 meam.

196 5841 243 5977 ¹3*
297 5880 566 5971 Mnnznsczm,
603 5880 686 5951 villa
713 5882 776 5951 sub
795 5880 969 5977 'parochia
996 5878 1040 5950 do
1068 5880 1358 5970 Boguezieno
1388 5879 1472 5967 sita,
1500 5878 1596 5949 onim
1623 5878 1747 5949 haeres

175 5978 273 6105 hsta·
273 6058 387 6073 .....
422 6002 466 6075 de
492 6003 599 6073 armis
626 5998 826 6073 G'elitha.
866 6002 907 6072 ln
934 6022 1002 6092 qua
1028 6006 1111 6073 sunt
1145 6001 1236 6071 lanei
1272 5998 1524 6088 emethonalos,
1551 5998 1593 6070 de
1621 6000 1745 6089 qnilms

184 6096 351 6197 'omnibus
377 6124 526 6195 subitur
552 6128 588 6197 et
605 6125 811 6196 conducitur
836 6122 969 6195 decima
995 6122 1222 6212 manipularis
1250 6127 1281 6191 el
1308 6121 1483 6211 canapalis
1511 6141 1574 6210 pro
1602 6120 1746 6191 ecelesia

192 6298 361 6317 .......
384 6245 476 6317 ¹Item
502 6252 557 6319 est
582 6246 632 6319 ibi
659 6268 764 6318 unum
791 6244 971 6335 praedium
998 6244 1166 6331 militare,
1194 6242 1237 6313 de
1265 6264 1332 6333 quo
1360 6242 1553 6315 decimatur
1580 6242 1745 6313 ecelesiae

190 6366 561 6467 insszarnoczim
587 6368 687 6441 valor
714 6366 866 6439 decimae
893 6366 1098 6438 aestimatur
1115 6364 1170 6435 ¹ad
1194 6386 1298 6437 unam
1327 6386 1486 6437 marcam.

294 6490 410 6565 Villae
427 6472 663 6582 parochiales:
690 6486 994 6576 Ozarnoezin,
1021 6486 1336 6578 Tronuwicze,
1364 6486 1744 6571 Maharzouioza

179 6610 612 6689 Badaischowicze.
1227 6632 1231 6639 ·
