4200 8342
263 1612 337 1685 248

405 1692 419 1729 P

260 1839 344 1891 vero
371 1818 513 1890 alterius
549 1816 744 1908 proprietas
780 1816 931 1908 pertinet
966 1814 1010 1889 ad
1042 1812 1236 1891 iohannem
1264 1814 1372 1890 Amor
1408 1813 1694 1891 Tharnowsk
1706 1838 1727 1909 y
1758 1815 1777 1889 d

261 1941 366 2011 armis
392 1939 585 2029 Lelywa.

363 2058 697 2131 anosrnnowsrrn
726 2058 889 2148 Woern,
926 2058 1009 2130 villa
1035 2060 1100 2132 aub
1136 2058 1301 2149 parochia
1336 2058 1380 2131 de
1415 2058 1502 2131 Brz
1516 2057 1688 2131 ostbek
1723 2059 1796 2149 sita,

259 2180 356 2250 euius
381 2179 578 2269 proprietas
605 2179 650 2250 ad
676 2179 921 2251 monasterium
946 2178 1170 2271 Thynezense
1197 2180 1357 2270 pertinet
1383 2179 1424 2251 In
1443 2199 1512 2270 qua
1528 2184 1613 2251 sunt
1629 2179 1721 2249 lanei
1737 2188 1797 2249 tres

257 2297 499 2389 emetlronales‚
526 2305 563 2370 et
589 2319 650 2369 sex
676 2299 794 2388 virgae
812 2319 888 2370 curn
915 2299 1038 2389 media,
1065 2299 1108 2377 de
1127 2300 1250 2389 quibus
1269 2299 1415 2372 soluitur
1441 2299 1624 2387 decima...;
1652 2299 1733 2371 item
1750 2307 1795 2369 ost

260 2419 307 2488 ibi
334 2419 507 2508 scoltetm,
533 2419 665 2489 habens
692 2419 778 2493 riuos
805 2419 934 2508 laneos,
960 2419 1003 2490 de
1031 2419 1167 2509 quiem
1182 2418 1398 2507 decimatm·
1542 2422 1545 2429 '

363 2537 510 2611 Wonrn
537 2540 629 2611 eirca
655 2539 896 2630 anosrnnu,
933 2539 1016 2611 villa
1049 2540 1116 2611 sub
1151 2540 1317 2631 parocbia
1351 2540 1395 2633 ⁸de
1430 2539 1700 2613 Brzost-lrelr
1733 2541 1800 2629 sito,

261 2661 358 2731 cuius
393 2659 589 2753 proprietas
616 2659 661 2732 ad
674 2660 933 2755 ,monasterium
961 2659 1183 2752 prnezense
1218 2660 1380 2751 pertinet.
1423 2660 1463 2732 Iu
1496 2642 1573 2751 qna·
1602 2666 1686 2733 sunt
1719 2661 1800 2732 lanei

260 2781 500 2870 emetbonales,
528 2780 570 2851 de
598 2780 720 2871 quibus
747 2780 896 2853 solvitur
921 2781 1055 2875 decima
1073 2835 1186 2853 .....
1226 2782 1312 2877 item
1339 2788 1393 2855 est
1420 2781 1469 2853 ibi
1486 2781 1652 2854 scoltetia
1678 2782 1799 2853 babens

260 2899 345 2972 duos
372 2901 500 2990 lancoS,
527 2900 570 2973 de
597 2901 721 2992 quibus
745 2900 853 2973 soluit
880 2900 1083 2973 decimam...
1251 2994 1253 2999 Ι

931 3020 1152 3095 Wanzrezu.

362 3140 456 3215 Villa
489 3143 620 3216 habens
656 3141 835 3215 ecclesiam
871 3141 1105 3232 parochialem
1142 3143 1290 3233 ligneam
1326 3143 1445 3233 inse,
1477 3142 1591 3237 Beato
1617 3142 1800 3217 laurentio

259 3260 410 3352 Martyri
438 3262 605 3352 dicatam,
640 3262 737 3334 euius
764 3262 968 3353 proprietas.
988 3261 1031 3334 ad
1058 3262 1222 3335 abbatem
1248 3270 1285 3334 ot
1311 3263 1556 3335 monasterium
1584 3263 1800 3355 Thynezense

259 3382 419 3471 pertinet.
463 3383 505 3453 ln
531 3400 600 3473 qua
625 3387 707 3455 sunt
740 3382 886 3472 triginta
921 3383 1013 3455 lanei
1041 3383 1291 3474 cmetnonales,
1326 3390 1362 3454 et
1389 3404 1459 3455 una
1492 3384 1642 3456 taberna
1665 3385 1800 3456 babens

258 3523 371 3592 agros,
397 3502 440 3573 de
467 3503 592 3592 quibus
619 3502 778 3573 omnibus
804 3503 952 3575 solvitur
973 3503 1113 3577 -deeinra
1139 3503 1329 3593 pecunialis
1355 3523 1419 3592 pro
1446 3505 1663 3583 monasterio
1693 3504 1799 3594 Tlrpn·

260 3622 390 3711 erenei,
417 3643 480 3712 per
507 3643 567 3694 sex
593 3643 732 3712 grossos
759 3624 948 3696 eommunis
976 3625 1142 3714 pecuniae
1168 3624 1211 3697 de
1238 3622 1358 3711 laneo;
1393 3623 1476 3695 item
1504 3623 1667 3697 scoltetia
1693 3630 1746 3695 est
1769 3625 1800 3693 in

260 3742 378 3812 eadem
407 3742 498 3833 villa,
525 3743 657 3816 babens
684 3743 770 3814 duos
797 3742 915 3816 laneos
942 3764 1124 3834 agrorum,
1151 3744 1194 3815 (le
1221 3744 1346 3834 quibus
1371 3743 1537 3823 eeclesiae
1567 3745 1601 3816 in
1631 3743 1800 3833 Warzp·

259 3883 334 3932 eze
360 3864 495 3934 eteius
522 3863 669 3955 plebano
697 3863 801 3935 solvit
827 3863 1003 3954 decimare
1029 3864 1113 3937 item
1140 3864 1339 3945 emethoncs
1366 3869 1401 3937 et
1427 3840 1559 3938 incolae
1586 3865 1691 3936 uillae
1709 3884 1803 3955 prae

258 3980 349 4054 fatae
376 3983 515 4056 solvunt
540 3985 676 4056 ratione
702 3981 854 4055 rrzerclnre
871 4038 1012 4055 ......
1593 4046 1596 4053 .

361 4104 563 4196 Brnowrrn,
590 4105 673 4177 villa
691 4106 755 4177 sub
774 4104 1127 4195 parochioecclesiae
1156 4105 1198 4177 ele
1226 4104 1475 4199 Warzpcze
1502 4106 1581 4196 sita,
1609 4107 1710 4178 cuius
1728 4127 1806 4196 pro-

256 4225 387 4315 prietas
414 4226 457 4297 ad
486 4227 730 4298 monasterium
759 4225 981 4318 Thynczcuse
1009 4228 1171 4318 pertinet.
1197 4206 1326 4318 inqua
1343 4233 1426 4311 suunt
1443 4227 1533 4299 lanei
1561 4228 1811 4311 emethonales,

257 4346 300 4414 ele
329 4345 454 4434 quibus
481 4347 629 4417 solvitur
656 4346 788 4418 decima
801 4400 969 4418 .......
995 4347 1089 4419 Item
1111 4347 1310 4419 emethones
1337 4346 1513 4437 praelatae
1539 4348 1645 4418 uillae
1672 4349 1813 4418 ratione

180 4477 181 4480 ’
260 4462 419 4553 urescere,
447 4466 611 4537 ecelesiae
639 4467 673 4536 in
700 4465 949 4556 Warzyezc
974 4469 1115 4540 solvunt
1132 4520 1274 4536 ......

828 5068 999 5140 Snncrus
1026 5068 1235 5140 Swrnnnus.
1691 5160 1693 5166 Α

363 5187 457 5261 Villo
484 5189 615 5261 babens
642 5190 821 5261 ecelesiam
849 5189 1082 5279 parochialem
1109 5194 1279 5261 muratam
1306 5189 1344 5271 in
1368 5207 1419 5278 se,
1445 5185 1574 5260 Sancto
1600 5185 1825 5262 Swirado

257 5306 343 5378 alias
370 5308 598 5380 Zorawdo·
612 5310 772 5401 dicatam,
800 5310 898 5382 euius
924 5310 1122 5400 proprietas
1148 5309 1300 5401 pertinet
1326 5308 1374 5399 ad¹
1397 5308 1599 5409 plebanum:
1641 5309 1823 5381 eeclesiae

258 5434 370 5498 aretem
398 5435 563 5518 patronus
582 5436 617 5500 et
636 5430 783 5502 collator
802 5435 854 5502 est
873 5430 1075 5503 Theodorus
1102 5429 1145 5500 de
1172 5428 1351 5520 Trepye
1378 5427 1421 5500 (lo
1448 5427 1549 5500 domo
1577 5424 1643 5498 Au
1658 5430 1825 5520 tiquoe

258 5568 351 5618 rurn
377 5549 618 5639 Equorum.
645 5550 684 5621 ln
712 5570 782 5640 qun
808 5557 888 5622 sunt
915 5551 1005 5621 lanei
1033 5549 1278 5640 emetlronales,
1304 5550 1388 5620 item
1414 5530 1536 5621 tabern
1552 5601 1670 5619 .....
1687 5603 1698 5639 ,
1726 5551 1822 5621 item

255 5669 430 5741 hortulani
445 5724 558 5740 .....
576 5724 586 5762 ,
608 5671 655 5743 de
682 5671 806 5761 quibus
833 5672 991 5744 omnibus
1018 5671 1166 5745 solvitur
1193 5677 1228 5742 ct
1254 5669 1457 5743 conducitur
1483 5667 1618 5741 decima
1645 5671 1824 5762 manipu‘

255 5790 339 5861 laris
366 5799 402 5863 et
427 5792 612 5882 cenapolis,
639 5791 803 5864 ecclesiae
830 5798 866 5864 et
892 5792 966 5863 eius
992 5792 1141 5882 plebano
1160 5791 1296 5883 ibidem
1317 5791 1366 5877 ale
1392 5789 1560 5879 Sancto
1586 5787 1826 5874 Swirado;

257 5911 339 5981 item
367 5910 512 6002 quilibet
539 5913 674 5985 emetbo
702 5912 863 5984 ele-laneo
890 5912 997 5984 solvit
1022 5912 1170 6002 plebano
1198 5932 1262 6001 pro
1290 5931 1394 5982 censu
1414 5966 1421 5980 .
1440 5965 1448 5980 .
1467 5964 1474 5979 .
1493 5964 1503 6001 ,
1524 5909 1607 5980 item
1635 5893 1827 6013 plebanus

256 6037 293 6099 et
319 6031 474 6105 eeclesia¹
498 6033 605 6104 habet
640 6034 688 6106 ibi
724 6034 883 6122 proprios
919 6052 1022 6123 agros
1060 6038 1097 6102 et
1131 6038 1233 6122 prata
1259 6036 1296 6103 ct
1320 6050 1447 6122 gayos,
1482 6048 1639 6119 proauo
1675 6050 1747 6101 usu
1775 6034 1823 6102 et

258 6153 472 6223 necessitate.
1216 6245 1219 6251 ¹
1458 6228 1460 6233 .

361 6272 635 6362 llrszuurrezn,
662 6271 744 6345 villa
771 6275 835 6344 sub
863 6273 1028 6362 parochia
1055 6273 1098 6343 tle
1125 6272 1296 6344 Sancto
1323 6270 1567 6363 Szuprado
1595 6272 1684 6362 sita,
1714 6274 1826 6345 euius

258 6391 380 6461 haeres
409 6392 451 6461 W
462 6394 698 6482 perzpnck
734 6394 777 6464 le
805 6393 911 6464 aruris
937 6395 1126 6484 Janyna.
1171 6394 1212 6465 ln
1240 6415 1307 6482 qua
1333 6399 1415 6464 suot
1441 6391 1532 6463 lanei
1559 6392 1825 6477 emethouales‚
