4200 8342
1744 1647 1815 1720 131

264 1832 435 1924 plebanus
461 1836 623 1926 proprios
650 1830 754 1928 agros
780 1844 816 1910 et
841 1843 959 1930 prata,
996 1861 1059 1930 pro
1087 1862 1149 1916 suo
1175 1864 1241 1945 usu
1267 1850 1304 1916 et
1329 1846 1544 1919 necessitate.
1582 1847 1671 1919 Item
1697 1851 1816 1944 pleba-
1932 1822 1936 1830 p

263 1975 331 2027 uus
357 1974 464 2026 unam
491 1957 673 2029 tabernam
700 1958 885 2031 habentem
911 1980 1026 2052 agros,
1055 1982 1142 2052 quae
1168 1964 1273 2036 solvit
1298 1986 1362 2056 pro
1389 1985 1494 2038 censu
1520 2019 1661 2040 ......

279 2116 282 2120 Α
368 2074 692 2150 Kazrzauowrczu
717 2099 854 2169 uruca,
881 2080 965 2151 villa
982 2083 1046 2154 sub
1065 2084 1231 2173 parocbia
1249 2085 1292 2157 de
1309 2085 1650 2177 Krzyzanouicne
1667 2092 1814 2163 maiori

263 2195 352 2284 sita,
379 2196 474 2267 cuius
500 2196 625 2269 haeres
652 2197 829 2271 lohannes
857 2199 1155 2292 Wyelopolshy
1186 2202 1357 2277 dedomo
1383 2205 1658 2297 Antiquarum
1683 2209 1814 2301 Equo-

261 2334 359 2386 rum.
397 2314 438 2386 lu
457 2336 526 2406 qua
543 2337 605 2389 sex
622 2317 714 2389 lanei
733 2318 984 2409 cmethonales‚
1011 2320 1199 2411 dequibus
1226 2323 1373 2396 solvitur
1399 2329 1435 2397 et
1452 2326 1656 2400 conducitur
1681 2330 1814 2403 decima

261 2435 489 2526 manipularis
516 2443 559 2509 et·
578 2458 643 2528 per
669 2444 819 2528 quatuor
844 2439 1022 2511 iuncturas
1049 2441 1243 2534 canapalis,
1269 2463 1346 2534 pro·
1360 2445 1558 2536 praebenda
1583 2445 1813 2541 cracoviensi,

262 2575 353 2646 quae
379 2556 524 2628 iocatur
549 2557 759 2649 Zyrauska‚
797 2559 894 2630 cuius
929 2560 1028 2631 valor
1054 2562 1258 2635 aestimatur
1292 2563 1337 2635 ad
1363 2568 1436 2637 tres
1462 2584 1616 2655 marcas3
1648 2567 1732 2639 item
1758 2576 1813 2642 est

259 2674 312 2747 ibi
329 2677 476 2748 taberna
502 2677 635 2749 habens
662 2699 780 2768 agros,
807 2678 995 2770 dequibus
1021 2680 1168 2752 solvitur
1194 2680 1327 2754 decima
1352 2704 1420 2773 pro
1433 2685 1633 2774 praebenda
1656 2687 1813 2776 praelata

260 2795 299 2866 in
321 2793 547 2891 pcnytlrwam.
592 2797 680 2869 Item
706 2803 763 2871 est
787 2799 837 2871 ibi
864 2799 962 2870 curia
985 2820 1056 2871 una
1082 2801 1213 2874 habeus
1239 2820 1360 2893 agros,
1397 2803 1480 2875 item
1506 2804 1575 2878 ‹loo
1602 2805 1695 2878 lanei
1720 2826 1811 2879 eme·

261 2915 437 3006 thonales‚
455 2922 602 3007 praeter
612 2923 719 3008 supra
731 2917 860 3008 dictos,
879 2919 1061 3011 dequibus
1079 2919 1212 2993 decima
1229 2921 1334 2994 datur
1346 2924 1570 3014 manipularis
1587 2943 1652 3016 pro
1666 2927 1812 2998 ecclesia

260 3040 299 3108 et
333 3036 408 3107 eius
442 3036 592 3127 plebano
626 3038 663 3109 in
698 3039 865 3112 maiori
899 3038 1308 3133 Krzyzanowicze‚
1344 3042 1441 3115 cuius
1476 3045 1576 3116 vultu
1605 3045 1810 3118 aestimatur

259 3157 305 3228 ad
332 3208 609 3228 ...........

324 3313 328 3321 ·
364 3276 675 3368 Paoscnowrczn,
701 3279 786 3352 villa
802 3280 866 3353 sub
884 3278 1052 3371 parocbia
1070 3279 1113 3352 de
1131 3279 1523 3373 Krzyzanouicze
1549 3282 1626 3374 sita,
1652 3285 1808 3357 cuius

362 3998 458 4070 Villa
483 4001 616 4072 habens
651 4002 688 4073 in
716 4021 755 4073 se
788 4001 1021 4092 parochialem
1057 4001 1238 4073 ecclesiam
1271 4000 1441 4073 Omnibus
1476 4001 1614 4073 Sanctis
1649 4002 1808 4091 dicatam,

259 4121 356 4192 cuius
382 4121 506 4192 haeres
532 4121 556 4192 J
566 4122 770 4194 urbanus
796 4122 984 4194 advocatus
1001 4120 1298 4212 Mislimiczensis‚
1324 4123 1452 4193 nobilis
1478 4120 1641 4193 dedomo
1668 4121 1806 4193 trium

259 4242 507 4332 Tubarum,
546 4243 643 4315 cuius
679 4244 847 4334 plebanus
884 4240 1074 4333 Gregorius
1109 4241 1153 4321 de
1187 4241 1500 4333 Praudoczyn.
1548 4242 1590 4312 In
1625 4262 1694 4332 qua
1727 4249 1809 4314 suut

258 4363 350 4434 lanei
378 4364 630 4454 emetbonales,
658 4364 701 4434 de
728 4416 869 4434 ......
908 4363 996 4435 Item
1023 4367 1078 4434 est
1103 4362 1152 4434 ibi
1169 4360 1350 4453 praedium
1375 4361 1541 4452 militare,
1568 4362 1651 4433 item
1679 4362 1808 4434 molen·

257 4481 378 4554 clinum
412 4482 519 4554 unuin
553 4483 686 4555 habeus
722 4503 843 4573 agros,
879 4481 922 4554 de
957 4502 1104 4573 quorum
1139 4482 1233 4573 agris
1270 4481 1375 4554 datur
1410 4482 1543 4554 decima
1579 4481 1744 4553 ecclesiae
1771 4482 1807 4552 in

256 4602 487 4694 Zakliczyn.
525 4604 612 4676 Item
640 4603 786 4694 quilibet
811 4603 948 4674 cmetbo
976 4601 1019 4673 dc
1037 4602 1138 4674 laneo
1164 4607 1306 4674 tenetur
1332 4602 1417 4674 dare
1442 4601 1592 4692 plebano
1618 4601 1654 4671 in
1671 4600 1807 4672 Zakli-

256 4723 348 4795 czin
375 4743 479 4794 unam
505 4743 700 4795 mensuram
728 4723 875 4814 siliginis
902 4727 938 4795 et
963 4722 1066 4793 aliam
1093 4742 1238 4814 avenae,
1272 4723 1409 4795 ratione
1436 4721 1612 4795 cuiusdam
1639 4719 1807 4811 redditus,

258 4845 319 4935 qui
345 4841 499 4914 messim
523 4849 677 4917 vocatur.

361 4962 616 5055 Carenem,
642 4964 726 5036 uilla
744 4963 809 5036 sub
828 4963 993 5054 parochia
1019 4962 1063 5034 de
1080 4963 1109 5032 Z
1119 4960 1330 5037 aklicziu
1358 4962 1444 5051 sita,
1472 4961 1570 5033 cuius
1588 4960 1713 5032 haeres
1957 5001 1961 5010 «

254 5074 542 5177 Stoyowsky.
581 5085 622 5156 ln
642 5106 709 5175 qua
736 5090 818 5157 sunt
835 5084 928 5155 lanei
945 5084 1197 5172 emethonales,
1223 5084 1307 5154 item
1335 5082 1519 5173 tabernae,
1545 5082 1629 5153 item
1654 5081 1807 5153 hortula-

257 5207 349 5296 niae,
377 5205 420 5276 de
447 5205 571 5295 quibus
598 5206 756 5278 omnibus
784 5205 930 5277 solvitur
956 5208 993 5309 et
1008 5203 1214 5275 conducitur
1239 5202 1373 5275 decima
1399 5201 1626 5293 manipularis
1645 5200 1689 5274 et
1706 5221 1806 5272 cana-

256 5327 344 5418 puhs
370 5346 435 5416 pro
461 5325 659 5417 praebenda
685 5325 916 5416 Gracouiensi,
944 5325 1038 5396 dicta
1065 5321 1271 5395 Goreczska
1311 5324 1400 5395 Item
1427 5323 1574 5414 quilibet
1600 5322 1735 5394 emetho
1763 5321 1806 5393 de

257 5447 357 5519 laneo
383 5453 523 5518 tenetur
557 5445 641 5518 dare
676 5447 824 5537 plebano
859 5445 895 5516 in
922 5445 1168 5517 Zakliczin
1203 5463 1267 5534 pro
1294 5442 1446 5515 machao
1481 5464 1585 5515 unam
1610 5464 1807 5516 mensuram

258 5567 404 5656 siliginis
432 5571 469 5637 et
494 5566 641 5638 alteram
668 5586 808 5638 avenae.
1391 5625 1393 5628 .

257 5686 524 5777 Srorowrozn‚
541 5687 624 5759 villa
642 5687 706 5759 sub
723 5686 890 5777 parochia
907 5685 950 5758 de
968 5683 1215 5757 Zakliczin
1242 5686 1326 5777 sita,
1349 5685 1447 5757 cuius
1463 5683 1589 5757 haeres
1607 5683 1686 5756 Sto
1695 5703 1807 5775 you·

258 5808 348 5900 sky.
374 5807 416 5877 ln
435 5827 503 5896 qua
529 5812 602 5882 tres
628 5806 869 5880 tantummodo
895 5804 987 5877 lanei
1015 5859 1135 5877 ......

359 5927 571 6000 Yuwoarun
605 5928 689 5999 villa
725 5929 789 6000 sub
817 5926 984 6018 parochia
1018 5926 1184 5999 ecclesiae
1220 5925 1263 5996 de
1301 5976 1417 5997 .....
1445 5923 1532 6011 sita,
1558 5920 1655 5992 cuius
1681 5921 1806 5993 haeres

258 6102 374 6119 .....
401 6047 792 6139 Nyewyarowslry
819 6047 862 6119 de
888 6047 993 6120 armis
1018 6045 1266 6146 Poluhoze.
1306 6045 1347 6116 In
1373 6063 1443 6135 qua
1469 6046 1551 6114 sunt
1577 6041 1806 6133 quadraginta

257 6168 348 6241 lanei
375 6169 611 6242 emethouales
632 6223 646 6247 ,.
713 6222 721 6238 .
740 6223 748 6239 .
972 6201 974 6205 ’

849 6289 1215 6361 Rnczrncnowrczn.

360 6408 456 6481 Villa
475 6409 608 6484 habens
625 6411 662 6481 in
677 6429 714 6481 se
728 6409 908 6482 ecclesiam
925 6408 1159 6500 parochialem
1175 6405 1326 6498 ligneam
1339 6404 1466 6478 Sancto
1479 6403 1611 6478 Jacobo
1629 6407 1667 6475 et
1679 6399 1807 6475 Gatha-

263 6531 361 6607 rinae
379 6530 539 6627 dicatam,
566 6532 663 6608 cuius
680 6529 876 6625 proprietas
902 6528 947 6604 ad
964 6527 1143 6624 Wyszga
1168 6527 1335 6604 dedomo
1361 6531 1399 6601 et
1415 6525 1545 6599 familia
1570 6522 1807 6617 Streparum
