4200 8342
259 1652 307 1744 al

111 1938 115 1947 ,
255 1880 467 1987 aestimatur
492 1878 544 1949 ad'
571 1878 764 1971 quindecim
800 1896 954 1969 murcas3
981 1876 1066 1952 item
1097 1885 1152 1952 est
1178 1876 1228 1952 ibi
1254 1902 1360 1954 uuum
1387 1875 1568 1972 praedium
1594 1876 1805 1973 coenobiale,

256 2000 299 2071 de
326 2000 423 2071 cuius
449 1999 544 2089 agris
570 2000 703 2073 decima
728 2018 797 2074 nou
824 2000 972 2073 solvitur
998 2000 1119 2092 alicui,
1138 2001 1199 2073 sed
1217 2003 1463 2075 monasterium
1481 1996 1557 2075 eam
1575 2024 1640 2096 pro
1659 2024 1697 2075 se
1715 2002 1808 2075 tollit

256 2125 291 2191 et
316 2120 352 2191 in
379 2119 542 2191 horreum
568 2139 669 2193 suum
696 2114 799 2192 dicit.
1502 2118 1508 2127 '

358 2240 557 2312 Notandum
593 2228 728 2330 autem,
756 2240 847 2332 quod
882 2242 1064 2314 ecclesiam
1090 2241 1282 2333 praefatam
1309 2244 1345 2314 in
1371 2242 1549 2334 M'ogila
1573 2244 1807 2335 parochialem

256 2366 292 2433 et
327 2361 401 2433 eius
435 2359 577 2433 titulum
615 2360 677 2433 Ivo
700 2350 954 2434 ¹Gracoviensis
995 2364 1176 2454 episcopus
1213 2364 1304 2436 circa
1338 2363 1573 2437 mndadonem
1607 2365 1807 2438 monasterii

255 2480 473 2573 Mogiliensis
508 2480 676 2572 extinxit,
703 2486 737 2553 et
768 2482 862 2554 illam
897 2500 974 2555 cum
1001 2484 1159 2556 omuibus
1186 2484 1328 2556 decimis
1354 2492 1391 2557 et
1416 2485 1645 2587 proventibus
1668 2487 1747 2558 'eius
1772 2491 1808 2558 et

257 2603 351 2694 agris
372 2602 596 2705 *monasterio
623 2602 659 2673 iu
685 2594 871 2695 M'ogyla
897 2604 1133 2695 incorporavit
1159 2611 1196 2677 et
1221 2591 1343 2697 univit,
1370 2610 1406 2677 et
1432 2605 1508 2678 eius
1534 2605 1807 2678 administratio-

257 2743 336 2795 nem
361 2723 398 2794 in
425 2721 663 2813 spiritualibus
690 2728 727 2795 et
751 2720 1001 2817 temporalibus
1027 2725 1147 2798 abbati
1173 2731 1210 2798 et
1235 2725 1403 2800 fratribus
1429 2726 1635 2800 monasterii
1660 2727 1705 2799 de
1722 2726 1806 2800 Mc

256 2843 354 2935 gila
380 2842 610 2916 demandavit.
1346 2836 1348 2840 ’

357 2962 541 3053 Daharu,
576 2963 660 3035 villa
694 2964 758 3036 suh
793 2965 958 3058 parochia
993 2966 1036 3038 de
1070 2966 1257 3060 Mogyla
1283 2967 1366 3058 sita,
1394 2966 1492 3041 cuius
1517 2967 1717 3059 proprietas
1743 2969 1806 3040 etsi

258 3084 339 3158 olim
365 3084 410 3156 ad
435 3084 685 3191 monasterium
710 3083 929 3176 Mogiluense
954 3088 1164 3178 pertinebat,
1191 3108 1284 3160 nunc
1309 3108 1393 3160 vero
1420 3108 1464 3160 ex
1480 3088 1681 3160 venditione
1699 3089 1805 3179 perti·

256 3213 317 3278 net
343 3207 387 3278 ad
413 3186 571 3277 consules
598 3210 640 3279 et
661 3206 839 3278 civitatem
870 3206 1153 3298 cracoviensem,
1180 3208 1217 3278 in
1244 3229 1317 3299 qua
1338 3212 1420 3280 suut
1445 3209 1538 3281 lanei
1564 3206 1805 3299 cmethouales,

257 3328 340 3398 item
366 3324 594 3416 hortulauiae,
616 3326 705 3397 item
732 3327 919 3417 tabernae,
946 3327 1029 3399 item
1057 3327 1246 3418 praedium,
1273 3329 1358 3399 item
1384 3327 1638 3418 molendinum3
1664 3328 1708 3401 de
1735 3329 1806 3421 qui-

256 3449 322 3518 bus
357 3446 515 3519 omnibus
551 3444 697 3519 solvitur
731 3453 768 3518 et
803 3447 1007 3519 conducitur
1041 3447 1174 3519 decima
1208 3449 1434 3538 manipularis
1469 3454 1507 3520 et
1535 3435 1717 3540 'muopalis
1744 3469 1804 3540 pro

258 3567 468 3639 monasterio
494 3546 727 3658 Mogilnensi·
741 3572 777 3638 et
802 3567 901 3639 valor
926 3568 1003 3639 eius
1030 3568 1235 3640 aestimatur
1260 3568 1305 3640 ad
1332 3554 1512 3641 duodecim
1536 3588 1681 3641 mamas.

363 3686 576 3778 Czrnzrur,
603 3686 687 3760 villa
721 3680 786 3760 suh
821 3680 987 3778 parochia
1022 3687 1065 3760 ds
1092 3687 1277 3780 Megyla
1304 3688 1390 3780 sita,
1417 3687 1515 3761 cuius
1539 3682 1739 3780 proprietas
1765 3687 1806 3761 ad

258 3809 505 3880 monasterium
532 3806 750 3898 Mogilncuse
785 3808 957 3900 pertinet,
991 3808 1028 3879 ih
1064 3830 1132 3899 qua
1169 3814 1251 3881 suut
1286 3815 1419 3900 septem
1445 3810 1538 3882 lausi
1564 3810 1806 3898 cmethouales,

257 3932 340 4001 item
366 3950 438 4001 unu
461 3929 617 4021 taber-hp,
642 3928 775 4001 habeus
801 3949 904 4020 agros
931 3929 967 4001 in
993 3922 1086 4020 villa,
1112 3929 1195 4001 item
1222 3931 1334 4002 altera
1350 3931 1450 4003 iuxta
1466 3936 1606 4021 pontem
1624 3930 1805 4021 lapideum,

256 4050 388 4125 habeus
416 4050 519 4122 etiam
540 4030 660 4141 affice,
686 4048 729 4121 de
756 4051 881 4141 quihus
908 4042 1119 4123 solvitur*et
1144 4049 1350 4124 conducitur
1377 4051 1508 4123 decima
1524 4042 1753 4143 manipularis
1770 4056 1805 4122 et

257 4166 431 4263 canapalis
457 4192 522 4262 pro
548 4171 759 4244 monasterio
786 4171 942 4264 praelato
969 4156 1290 4263 Mogilcusi'cuius
1318 4172 1417 4245 valor
1442 4160 1648 4280 aestiuatur
1665 4172 1710 4244 ad
1729 4177 1805 4245 octo

257 4312 402 4364 marcas.

924 4412 1152 4485 Tusczrczn.

362 4530 465 4622 Villa,
492 4529 623 4603 hahens
648 4530 685 4603 ln
704 4552 741 4604 se
759 4531 938 4604 ecclesiam
955 4533 1189 4629 parochialem
1208 4533 1287 4606 albo
1305 4518 1610 4624 lapide'uiffltam
1628 4539 1664 4605 et
1681 4533 1806 4606 Sancto

259 4652 407 4744 Aegidio
435 4652 593 4744 dicatam,
620 4653 716 4724 cuius
743 4654 867 4725 haeres
892 4674 958 4744 pro
984 4675 1055 4725 una
1080 4654 1267 4726 medietate
1285 4652 1462 4726 Johaunes
1480 4655 1740 4745 Deuorrsky
1765 4652 1807 4724 dc

259 4775 360 4847 domo
386 4773 769 4864 Zambrzaglowa,
797 4780 834 4845 et
851 4772 1123 4864 christophorus
1140 4773 1485 4865 Sir-hairanyecz
1510 4772 1674 4846 dedomo
1693 4773 1807 4846 Auti-

259 4917 448 4988 quorum
477 4892 708 4986 Equorum
734 4895 870 4967 ratione
897 4895 1026 4986 uxoris,
1053 4876 1434 5021 prcssalss'mb'dietate,
1460 4895 1497 4965 in
1524 4892 1593 4986 qua
1617 4900 1700 4966 sunt
1716 4893 1808 4965 lanei

259 5016 492 5089 cmethouales
518 5023 555 5088 st
580 5037 651 5089 una
676 5015 823 5087 taberna
848 5014 1020 5105 haeredis,
1047 5000 1312 5106 haffihi'a'gros,
1329 5016 1415 5086 item
1431 5015 1661 5105 hortulauiae,
1678 5013 1809 5086 haben·

258 5142 312 5208 tes
339 5156 460 5228 agros,
487 5137 530 5210 de
559 5137 682 5229 quibus
710 5137 870 5209 omnihus
895 5136 1044 5211 solvitur
1071 5140 1109 5207 et
1133 5132 1337 5208 conducitur
1363 5115 1497 5208 decima
1522 5134 1748 5226 manipularis
1775 5139 1810 5206 et

259 5255 433 5348 canapalis
459 5278 523 5348 pro
550 5257 760 5329 monasterio
787 5257 824 5328 iu
848 5242 1231 5347 Imbrumowicze,
1259 5263 1295 5327 et
1321 5256 1420 5329 valor
1446 5257 1521 5328 eius
1539 5254 1745 5328 aestimatur
1761 5255 1805 5327 ad

259 5378 408 5449 sedecim
434 5397 587 5467 marcas;
613 5376 698 5448 item
724 5381 806 5448 sunt
831 5375 882 5448 ihi
907 5358 998 5449 duae
1023 5377 1202 5468 tabernae,
1228 5377 1396 5450 habentes
1423 5368 1537 5466 agros,
1563 5394 1710 5467 quarum
1727 5396 1806 5467 pro

260 5500 391 5590 pn'etas
427 5499 471 5570 ad
506 5497 686 5571 ecclesiam
721 5502 757 5569 et
783 5496 857 5569 eius
883 5480 1069 5588 plebanum
1096 5498 1132 5569 in
1160 5497 1409 5570 Tszczicza
1434 5497 1606 5588 pertinct;
1632 5505 1669 5569 et
1694 5498 1816 5588 prima

260 5620 366 5693 solvit
392 5619 549 5710 plebano,
577 5619 714 5690 altera.
741 5673 749 5688 .
777 5641 804 5708 .;
831 5618 914 5689 item
940 5598 1010 5691 una
1035 5619 1208 5690 tahema.
1236 5673 1244 5689 .
1272 5616 1394 5690 .Item
1420 5610 1647 5709 plebanusut
1664 5617 1810 5689 ecclesia

258 5742 366 5813 habet
400 5740 449 5812 ihi
485 5740 646 5832 proprius
682 5734 785 5829 agros
821 5745 858 5810 et
892 5744 995 5829 prata
1030 5759 1095 5830 pro
1131 5727 1198 5810 suo
1221 5760 1286 5810 usu
1312 5744 1349 5810 et
1374 5739 1601 5830 necessitate,
1626 5737 1714 5809 item
1741 5737 1809 5809 duo

259 5861 401 5952 praedia
427 5861 601 5951 militaria,
629 5859 823 5950 dequibus
850 5859 979 5949 partim
1005 5859 1175 5952 plebano,
1202 5859 1332 5949 partim
1358 5846 1568 5930 monasterio
1595 5857 1632 5929 in
1659 5855 1809 5943 Tszci-

260 6000 337 6051 czu
363 6035 372 6052 .
399 6036 406 6051 .
433 6037 441 6052 .
468 6036 476 6053 .

369 6099 639 6193 Szworcznur,
674 6100 759 6173 villa
791 6100 856 6172 sub
891 6100 1058 6192 parochia
1093 6099 1136 6171 de
1172 6097 1393 6171 Tszczica
1427 6098 1513 6190 sita,
1549 6098 1646 6171 cuius
1677 6095 1803 6169 haeres

259 6219 437 6293 lohannes
463 6218 707 6313 Szaduwsky
728 6219 773 6292 de
796 6220 898 6292 domo
917 6226 953 6291 et
969 6219 1101 6291 familia
1119 6273 1252 6309 ......
1278 6219 1315 6290 in
1343 6239 1412 6311 qua
1429 6224 1513 6290 suut
1539 6217 1632 6319 lanei
1658 6217 1811 6290 cmetho-

260 6341 374 6432 nales,
400 6340 484 6411 item
511 6340 675 6429 taberna,
700 6339 842 6411 habeus
859 6359 981 6431 agros,
1013 6339 1097 6411 item
1134 6338 1371 6430 hortulauiae,
1407 6324 1578 6411 habentes
1610 6357 1732 6427 agros,
1767 6332 1811 6408 de

261 6461 386 6557 quibus
410 6458 588 6551 perceptio
610 6452 768 6559 dbtimae
792 6459 1019 6561 manipularis
1046 6464 1082 6530 et
1109 6459 1282 6551 campalis
1309 6458 1488 6549 variatur3
1514 6478 1595 6529 nam
1622 6458 1666 6528 de
1685 6457 1809 6548 aliqui-

175 6622 177 6627 ·
259 6564 325 6657 bus
342 6583 471 6673 campis
484 6574 638 6673 pem
653 6594 730 6652 carn
748 6568 995 6651 miserium
1012 6580 1324 6671 Imbramcviense,
1342 6585 1379 6650 et
1394 6579 1494 6653 valor
1510 6578 1586 6650 eiua
1603 6577 1809 6665 aestimatur

1735 6782 1761 6823 3
