4200 8342
263 1625 334 1699 122

256 1832 300 1903 ad
326 1828 575 1903 monasterium
602 1826 823 1919 Thynozeuse
862 1825 1024 1916 pertinet.
1068 1825 1109 1894 ln
1137 1812 1206 1914 oua
1232 1828 1314 1894 suut
1347 1822 1440 1894 lanei
1473 1822 1732 1912 'amathonales‚
1767 1821 1808 1893 de

257 1954 381 2043 quibus
408 1950 555 2028 solvitur
581 1953 617 2019 ct
644 1946 846 2019 conducitur
864 1946 997 2017 decima
1022 1944 1247 2034 manipularis
1249 1999 1295 2015 .....
1321 1944 1410 2016 Item
1436 1944 1524 2016 haec
1549 1942 1635 2015 villa
1661 1964 1731 2015 non
1758 1950 1809 2013 est

257 2072 403 2164 amplius
433 2071 470 2142 ib
504 2089 621 2141 rernm
658 2073 803 2159 natura,
839 2065 966 2157 oppido
1002 2065 1093 2137 ‘enirn
1130 2063 1342 2141 Skawiua
1377 2064 1477 2136 uuita
1510 2069 1583 2154 est,
1619 2069 1658 2145 et
1693 2084 1808 2134 omncs

257 2192 334 2282 agri
360 2192 435 2284 eius
461 2191 554 2262 inter
580 2187 771 2281 oppidanos
787 2186 1031 2259 Skavinenses
1058 2185 1248 2265 distributi.
1611 2244 1618 2255 ,

361 2300 562 2399 Buuowrn,
588 2309 671 2385 uilla
697 2309 761 2380 sub
787 2307 954 2399 parocbia
979 2305 1022 2377 de
1050 2287 1267 2378 Skatrina
1293 2307 1387 2396 slta,
1415 2306 1513 2377 cuius
1539 2304 1739 2397 proprietas
1765 2303 1807 2375 ad

258 2432 505 2504 monasterium
532 2430 774 2521 Thyneczense
801 2427 963 2518 pertinet.
1007 2426 1047 2498 In
1076 2447 1145 2517 qua
1171 2433 1253 2499 sunt
1275 2447 1411 2498 >novem
1446 2425 1539 2499 lanei
1559 2425 1806 2498 cmetbonales

259 2557 296 2623 et
321 2558 394 2623 tres
422 2553 573 2641 quartae,
600 2555 637 2620 et
663 2547 751 2643 duae
778 2546 1016 2636 hortulauiae,
1034 2640 1038 2647 Ι
1053 2563 1096 2618 ex
1124 2547 1249 2647 quibus
1285 2546 1438 2618 decimae
1466 2545 1704 2636 ,manipularis
1730 2566 1806 2636 per-

259 2670 374 2760 ceptio
409 2668 681 2767 diversificatum
716 2676 797 2738 nam
832 2684 896 2756 pro
915 2685 994 2737 -una
1019 2665 1208 2741 medietate
1225 2650 1346 2737 ”rillae
1382 2665 1532 2756 percipit
1566 2685 1643 2755 cam
1674 2664 1806 2738 vvicaria

258 2789 477 2880 praebendae
503 2787 758 2884 cracoviensis,
793 2806 882 2877 quae
908 2791 1064 2858 vocatur·
1079 2785 1388 2877 Bossutbowska,
1408 2791 1446 2865 ct
1471 2785 1571 2858 valor
1602 2786 1678 2857 eius
1707 2786 1806 2857 aesti-

260 2915 375 2981 matur
401 2908 443 2980 ad
472 2914 620 3000 quatuor
643 2885 801 2996 'marcas3
827 2906 870 2977 de
895 2906 1009 2979 altera
1035 2927 1117 2978 vero
1144 2906 1332 2981 medietate
1357 2906 1517 2997 percipit
1532 2926 1609 2978 eam
1636 2913 1806 2978 monaste

259 3032 350 3102 rium
377 3031 622 3122 Thyniczensc,
650 3032 685 3099 et
711 3027 808 3114 palor
837 3027 912 3098 eius
939 3029 1146 3115 aestimatur
1172 3027 1216 3099 ad
1243 3033 1562 3121 quatuormarcas.
1592 3026 1683 3106 Item
1712 3048 1805 3118 prae-

260 3150 355 3223 dium
381 3151 430 3225 ibi
456 3140 664 3238 coenobiale,
678 3147 734 3219 -de
762 3169 829 3239 quo
856 3147 943 3220 nulli
960 3147 1176 3239 decimando,
1200 3148 1310 3221 solum
1336 3148 1486 3240 percipit
1512 3147 1690 3233 decimam.

362 3270 539 3359 Zourzoua,
570 3268 655 3339 villa
669 3269 745 3339 s'ub
771 3267 936 3359 parochia
971 3267 1014 3339 de
1041 3267 1259 3351 Skawina·
1290 3270 1376 3359 sita,
1411 3269 1508 3340 cuius
1539 3269 1739 3359 proprietas
1764 3267 1803 3339 ad

258 3366 506 3462 monasterium
532 3387 755 3480 Thynczensc
780 3388 941 3479 pertinet.
968 3388 1009 3459 In
1031 3409 1101 3478 qua
1121 3395 1209 3461 suut
1230 3389 1416 3478 duodecim
1442 3389 1535 3461 lanei
1563 3388 1803 3479 cmethonales,

258 3511 405 3583 taberna
429 3530 499 3582 uun
524 3509 656 3581 habens
682 3529 804 3598 agros,
840 3507 1034 3599 dequibus
1060 3510 1239 3600 omnibus,
1275 3510 1342 3595 sed·
1364 3515 1401 3585 ct
1416 3510 1470 3581 de
1490 3509 1591 3600 agris
1618 3509 1804 3598 scoltetiae,

260 3631 365 3702 solvit
390 3631 474 3701 villa
498 3627 657 3721 praefata
692 3628 858 3703 decimam
884 3629 921 3700 iu
947 3649 1057 3719 grano
1094 3650 1159 3720 pro
1186 3631 1396 3713 monasterio
1424 3628 1660 3722 Thynczensi,
1696 3629 1804 3702 dando

259 3750 406 3842 quilibet
432 3749 475 3821 de
501 3749 605 3822 laneo'
628 3748 757 3839 triplex
782 3769 939 3840 manum,
969 3749 1141 3840 uidelicet
1165 3803 1333 3822 .......
1359 3770 1539 3823 mensuras
1554 3750 1675 3823 tritici
1695 3804 1804 3821 .....

260 3871 407 3961 siliginis
433 3876 470 3942 et
489 3923 497 3940 .
515 3923 523 3939 .
539 3913 549 3940 ν.
567 3923 575 3939 .
594 3923 628 3940 ..
655 3881 805 3960 arenae3
832 3869 1000 3957 scultetus
1027 3891 1110 3943 vero
1148 3871 1254 3944 solvit
1280 3867 1459 3976 decimam·
1488 3871 1665 3962 manipulo
1693 3892 1805 3945 mona·

259 3991 372 4063 stario-
394 3989 506 4062 eidem
532 3988 756 4082 Thpuczensi.
797 4040 801 4046 .
1162 3969 1170 3980 ⁸
1427 4058 1430 4063 .

362 4110 577 4213 Gonnnnow,
603 4110 686 4183 villa
712 4111 776 4182 sub
803 4111 922 4183 eadem
949 4111 1124 4201 parocbia,
1152 4110 1249 4183 cuius
1274 4113 1473 4203 proprietas
1500 4104 1549 4193 ad
1564 4113 1804 4185 sanctimonia·

257 4231 309 4304 les
335 4235 371 4304 in
397 4232 763 4323 Zwyerzynyecz
788 4232 951 4322 pertinet.
977 4232 1019 4303 In
1044 4231 1600 4325 qua-suntlanaicmethouales
1620 4233 1803 4325 dequibus

258 4353 407 4424 solvitur
433 4358 468 4423 et
495 4350 698 4429 conducitur
724 4351 858 4423 decima
872 4352 1108 4443 >manipularis
1134 4357 1170 4423 et
1196 4353 1372 4444 cauapalis
1396 4374 1463 4444 pro
1489 4354 1620 4426 meana
1636 4340 1804 4445 praeben·

258 4472 323 4544 dae
349 4469 606 4560 Gramrianae,
634 4490 722 4560 quae
751 4475 905 4566 vocatur
922 4472 1212 4562 Bossuthowska,
1238 4478 1276 4544 et
1302 4474 1402 4546 valor
1428 4474 1503 4546 eius
1529 4476 1735 4547 aestimatur
1760 4474 1802 4545 ad

259 4591 409 4684 quinque
435 4609 578 4661 marcas.
605 4589 693 4660 Item
719 4589 777 4662 ibi.
794 4611 865 4662 uon
890 4596 944 4663 est
969 4593 1163 4685 praedium,
1180 4613 1292 4684 neque
1311 4593 1565 4685 molendInum3
1591 4595 1674 4667 item
1692 4597 1806 4667 taber·

258 4732 333 4801 uae,
359 4711 443 4782 item
469 4709 696 4783 hortulauiae.
791 4778 794 4787 ,

552 4915 554 4918 v
869 4904 873 4916 ,
931 4831 1141 4906 annracz.

252 4955 255 4962 '
360 4950 455 5025 Villa
481 4951 545 5025 sub
570 4951 781 5047 monasterio
808 4950 1022 5044 Thynczeusi
1050 4954 1126 5026 sita
1152 4955 1193 5026 In
1219 4976 1289 5046 qua
1311 4961 1365 5028 ast
1381 4937 1683 5029 ecclesiamurata
1701 4975 1803 5046 opere

257 5078 407 5163 uetusto,
434 5076 469 5143 et
494 5072 663 5144 asseritur
689 5093 759 5145 uua
785 5073 1018 5164 ecclesiarum,
1046 5095 1131 5165 quas
1149 5074 1275 5151 Petrus
1293 5074 1417 5149 Comes
1435 5076 1478 5148 de
1497 5075 1675 5168 skrzyn
1702 5075 1805 5148 fabri·

258 5195 369 5283 cauit,
404 5194 517 5264 Beato
551 5192 713 5264 Andreae
747 5193 918 5283 Apostolo
954 5193 1089 5282 dicata3
1126 5196 1223 5267 cuius
1261 5197 1456 5288 proprietas
1489 5197 1534 5268 ad
1560 5199 1805 5269 monasterinm

189 5340 194 5347 ·
258 5312 480 5404 Thynczense
512 5314 674 5403 pertinet.
708 5313 750 5383 In
778 5334 846 5403 qua
874 5319 956 5385 sunt
982 5315 1251 5405 quatuordecim·
1267 5317 1487 5393 hortulaniae
1513 5317 1748 5391 emethonales
1771 5323 1807 5388 et

259 5433 453 5524 censuales,
480 5433 648 5506 habentes
680 5454 802 5524 agrae,
830 5454 918 5524 quae
946 5436 1085 5508 solvunt
1110 5456 1259 5530 censum,
1276 5439 1496 5510 monasterio.
1535 5439 1624 5511 Item
1650 5442 1733 5509 sunt
1759 5438 1806 5508 ibi

259 5555 347 5625 aliae
373 5573 496 5625 novem
523 5553 752 5644 hortulauiae,
779 5560 815 5627 et
836 5556 1013 5627 hortulani
1041 5577 1158 5644 earum
1184 5564 1354 5631 vocantur
1379 5559 1526 5650 pedites,
1544 5559 1651 5630 etiam
1676 5559 1806 5630 haben-

257 5680 311 5746 tes
346 5696 458 5765 agros.
498 5675 585 5746 Item
621 5680 701 5745 sunt
737 5675 787 5745 ibi
821 5675 889 5747 duo
925 5678 1122 5750 cmetbones
1157 5679 1259 5751 liberi
1286 5680 1390 5751 etiam
1416 5680 1586 5752 habentes
1611 5700 1734 5770 agros,
1761 5679 1804 5750 de

113 5892 118 5896 .
259 5798 383 5887 quibus
411 5797 569 5879 omnibns
596 5796 690 5886 agris
718 5795 862 5868 soluitur
889 5803 925 5869 et
952 5797 1156 5883 conducitur
1182 5799 1316 5872 decima
1332 5800 1558 5892 manipularis
1573 5806 1612 5873 et
1630 5800 1804 5894 canapalis

256 5938 320 6007 pro
348 5918 493 5989 ecclesia
518 5918 554 5989 in
583 5917 834 6009 Thynyecz,
862 5922 897 5989 et
923 5918 1021 5997 valor
1047 5920 1121 5990 eius
1148 5921 1353 5997 aestimatur
1379 5921 1424 5992 ad
1450 5942 1511 5993 sex
1538 5941 1682 6003 marcas.
1717 5921 1802 5992 Item

256 6042 311 6108 est
336 6038 386 6109 ibi
412 6038 589 6129 praedium
625 6038 823 6112 coenobiale
859 6040 1002 6130 bonum,
1029 6039 1168 6131 dequo
1203 6041 1449 6114 monasterium
1475 6057 1545 6114 non
1566 6042 1676 6129 ,solvit
1702 6040 1804 6113 alicui

258 6157 434 6248 decImam
462 6159 523 6231 sed
549 6180 625 6231 eam
651 6182 715 6251 pro
743 6181 780 6232 se
807 6160 910 6250 tollit,
937 6166 1075 6251 praeter
1101 6182 1204 6252 agros
1231 6216 1240 6233 .
1266 6217 1274 6233 .
1301 6217 1310 6235 .
1346 6136 1393 6234 de
1426 6163 1552 6254 quibus
1577 6163 1671 6235 tollit
1687 6162 1815 6252 plebe,

257 6279 446 6350 nus.1tem
472 6279 629 6369 praefata
655 6281 809 6372 ecclesia,
836 6301 912 6353 cum
938 6281 1011 6353 suis
1038 6280 1180 6353 decimis
1207 6282 1371 6373 parochia
1398 6289 1434 6354 et
1458 6283 1663 6373 reddItibus,
1689 6287 1803 6355 traus-

255 6399 329 6471 lata
364 6404 418 6470 est
451 6401 487 6470 iu
513 6400 678 6491 oppidum
712 6401 925 6474 Skawina
950 6407 988 6473 et
1012 6402 1181 6493 plebanus
1207 6402 1250 6474 de
1277 6402 1510 6493 Skawina,
1536 6424 1613 6475 eam
1639 6409 1801 6494 tanquam

255 6525 412 6614 matrem,
439 6542 502 6613 per
517 6520 703 6614 specialem
729 6522 945 6596 sacerdotem
963 6525 1055 6597 circa
1082 6544 1156 6596 eam
1175 6524 1313 6597 assidue
1340 6530 1545 6617 manentem,
1568 6524 1799 6597 administrat.
