4200 8342
1622 1724 1626 1729 ,
1737 1654 1808 1724 123

261 1844 346 1914 ltem
376 1828 523 1917 ecclesia
549 1846 707 1936 praelata
734 1847 840 1918 babet
866 1868 969 1938 agros
996 1838 1164 1940 proprios'
1185 1857 1221 1922 et
1247 1859 1359 1944 prata,
1386 1875 1449 1944 pro
1472 1876 1535 1927 suo
1562 1878 1628 1927 usu
1645 1862 1681 1927 et
1698 1879 1814 1931 neces-

260 1965 374 2037 sitate.
401 1966 491 2038 Item
518 1967 626 2038 habet
653 1967 790 2038 domum
818 1974 854 2039 et
880 1971 1081 2058 pomerium.
1721 2054 1728 2060 ,

364 2085 555 2178 Prnnrnr,
582 2087 666 2160 villa
692 2088 757 2159 sub
784 2090 949 2178 parochia
976 2090 1018 2161 de
1046 2090 1289 2184 Thynyecz
1317 2095 1393 2184 sita,
1420 2097 1518 2167 cuins
1545 2098 1740 2188 proprietas
1769 2101 1814 2171 ad

259 2209 507 2280 monasterinm
543 2208 766 2300 Thynczense
800 2211 961 2300 pertinet.
1001 2212 1042 2281 In
1079 2234 1147 2303 qua
1184 2219 1266 2286 sunt
1300 2213 1518 2287 hortulaniae
1555 2237 1617 2288 εει
1644 2219 1812 2295 babentes

259 2349 372 2418 agros,
400 2332 436 2398 et
461 2328 638 2401 hortulani
664 2330 699 2399 in
728 2331 778 2403 eis
806 2330 1000 2402 residentes
1027 2337 1196 2403 vocantur
1222 2333 1407 2405 hortulani·
1426 2335 1585 2426 maiores
1612 2343 1647 2410 et
1666 2338 1812 2428 quilibet

257 2450 365 2521 babet
389 2449 462 2520 tria
488 2449 601 2521 stadia
628 2451 715 2541 agri.
741 2452 829 2523 Item
857 2450 984 2522 ibidem
1011 2457 1093 2523 sunt
1118 2453 1207 2525 aliae
1230 2453 1453 2527 'hortrdaniae
1480 2463 1630 2546 quatuor
1652 2458 1811 2551 minores,

257 2570 426 2641 babentes
453 2570 559 2643 etitm
584 2570 706 2643 hortos
733 2576 771 2643 et
797 2572 931 2663 aliquos
959 2593 1072 2662 agros.
1099 2574 1188 2644 Item
1215 2578 1269 2646 est
1287 2596 1356 2646 nna
1373 2577 1519 2647 taberna
1533 2577 1669 2648 habens
1688 2599 1810 2669 agrum

257 2691 384 2762 bonum
420 2691 496 2762 sine
531 2692 652 2782 horto,
679 2692 784 2764 etde
811 2693 969 2765 omnibns
997 2694 1052 2764 his
1079 2694 1228 2766 solvitur
1251 2701 1290 2766 et
1316 2695 1520 2767 conducitur
1546 2697 1677 2771 decima
1701 2701 1811 2770 mani·

256 2810 388 2901 pnlaris
425 2816 469 2883 et·
488 2812 665 2903 canapalis
691 2834 755 2903 pro
782 2814 991 2885 monasterio
1019 2812 1259 2906 Thyncziensi,
1285 2816 1382 2888 cuins
1409 2815 1509 2889 valor
1535 2817 1740 2892 aestimatur
1765 2820 1810 2891 ad

259 2936 407 3022 quatuor
433 2953 578 3005 marcas.
668 2939 670 2943 ’

362 3052 638 3144 Gzrnrowrczn,
665 3055 749 3126 villa
775 3056 839 3126 snb
866 3053 1032 3145 parochia
1059 3054 1101 3126 de
1129 3053 1360 3147 Thyniecz
1387 3060 1464 3146 sita
1492 3057 1588 3130 cuius
1613 3061 1810 3151 proprietas

258 3174 302 3246 ad
325 3174 578 3245 monasterium
605 3161 827 3267 Thynczense
854 3177 1017 3265 pertinet·
1043 3176 1084 3246 In
1112 3196 1181 3266 qna
1207 3182 1289 3247 sunt
1316 3197 1376 3247 εει
1395 3177 1621 3269 hortulanite,
1640 3180 1811 3253 itemuna
1959 3189 1964 3208 ”
2002 3163 2004 3167 ’

257 3276 412 3367 taberna·
428 3293 566 3383 bobens'
583 3316 718 3388 agros-3
746 3296 789 3368 de
816 3297 940 3387 quibus
967 3297 1144 3387 perceptio
1172 3297 1324 3387 decimae
1350 3298 1520 3387 variatum
1546 3318 1630 3369 nam
1651 3320 1715 3390 pro
1742 3324 1812 3373 nna

257 3416 443 3489 medietate
469 3416 619 3508 percipit
638 3438 721 3490 eam
748 3419 968 3509 episcopatus
995 3417 1267 3508 Oracoviensis',
1285 3418 1382 3504 cuins
1409 3419 1507 3491 valor
1534 3419 1740 3492 aestimatur
1766 3423 1810 3494 ad

257 3537 343 3610 duas
369 3558 514 3628 marcas,
540 3558 604 3630 pro
632 3536 744 3612 altera
770 3559 853 3611 vero
880 3539 1069 3610 medietate
1094 3539 1242 3630 percipit
1269 3559 1345 3610 eam
1372 3539 1518 3611 ecclesia
1543 3540 1808 3630 parochialism

256 3659 545 3750 Morawicza,
565 3658 669 3732 'cuins
705 3660 803 3732 valor
838 3660 1042 3732 aestimatur
1078 3659 1123 3732 ad
1159 3659 1243 3731 duas
1278 3679 1422 3731 marceo.
1461 3660 1550 3732 Item
1583 3681 1653 3732 non
1679 3666 1735 3733 est
1760 3664 1809 3735 ibi

257 3780 446 3872 praedium.
1037 3776 1041 3783 '

359 3902 553 3993 an'czrm,
579 3901 662 3974 villa
689 3900 754 3974 sub
781 3902 946 3993 parochia
972 3901 1015 3973 de
1043 3900 1291 3992 Thynyecz
1318 3900 1399 3992 sita,
1426 3901 1523 3973 cuius
1550 3903 1746 3993 proprietas
1764 3904 1808 3976 ad

255 4023 503 4095 monasterinm
529 4023 752 4115 'lbynczense
778 4023 940 4113 pertinet.
967 4023 1007 4093 ln
1033 4042 1101 4113 qna
1127 4027 1208 4094 sunt
1234 4042 1295 4093 εει
1322 4022 1414 4093 lanei
1433 4023 1666 4095 cmethonales
1686 4029 1810 4096 etune

256 4147 390 4243 quarta,
418 4146 501 4216 item
528 4146 677 4217 taberna
702 4166 772 4239 una
798 4144 931 4216 habens
950 4163 1062 4234 agree,
1081 4144 1164 4219 item
1181 4141 1401 4215 hortulaniae
1419 4148 1492 4215 tres
1510 4143 1678 4215 habentes
1697 4164 1809 4236 agros,

255 4267 337 4337 item
365 4286 449 4356 ager
476 4265 636 4356 specialis
656 4266 785 4337 'dictus
811 4258 1163 4356 Dambrowsky,
1190 4263 1232 4335 de
1260 4264 1385 4354 quibus
1396 4260 1571 4336 “omnibus
1598 4265 1746 4337 solvitur
1773 4270 1809 4336 et

255 4387 461 4459 conducitur
487 4387 620 4459 decima
646 4387 872 4479 manipularis
899 4392 935 4458 et
961 4386 1138 4476 canapalis
1155 4406 1220 4477 pro
1238 4364 1449 4457 monasterio
1468 4384 1712 4476 Thyneczensi‚
1728 4407 1809 4476 gra-

255 4528 338 4578 nurn
374 4508 507 4599 dando,
536 4509 699 4600 quilibet*
717 4508 760 4580 de
784 4498 888 4580 'laneo
922 4528 1025 4579 unam
1054 4526 1250 4587 mensnram
1274 4505 1396 4605 tritici.
1435 4506 1523 4576 Item
1550 4510 1605 4577 est
1631 4506 1809 4596 praedium

256 4629 474 4720 coenobiale,
503 4628 547 4701 de
581 4630 680 4701 cuius
716 4630 810 4721 agris
837 4628 1086 4701 monasterinm
1112 4649 1182 4700 non
1196 4617 1314 4700 ¹solvit
1340 4626 1526 4716 decimam,
1554 4626 1615 4698 sed
1642 4648 1719 4698 earn
1745 4648 1809 4717 pro

256 4771 292 4822 se
318 4748 419 4822 tollit
446 4751 539 4822 Item
561 4751 707 4841 quilibet
733 4750 776 4822 de
803 4751 904 4822 laneo
931 4750 1035 4822 solvit
1062 4749 1209 4840 plebano
1236 4749 1272 4820 in
1300 4744 1542 4839 Thynyecz
1559 4745 1720 4818 merebroc
1746 4763 1808 4838 per

256 4924 264 4939 .
290 4924 298 4941 .
325 4925 334 4941 .
360 4872 449 4943 Item
476 4876 531 4943 est
556 4873 606 4944 ibi
631 4871 790 4947 scoltetia
815 4871 948 4944 habens
974 4871 1103 4962 laneos,
1130 4869 1173 4941 de
1213 4869 1339 4961 quibus
1367 4868 1516 4940 decimat
1541 4867 1716 4958 manipulo
1743 4887 1807 4958 pro

256 4988 403 5082 plebano
431 4992 467 5063 in
494 4992 747 5086 Tbynyecz.
1609 5006 1611 5011 '

757 5132 758 5137 ’
961 5113 1100 5185 Lnsrrn.

363 5222 457 5305 villa'
484 5234 615 5308 habens
642 5234 876 5326 parochialem
904 5233 1083 5305 ecclesiam
1110 5232 1146 5305 in
1173 5251 1210 5303 se
1238 5230 1386 5321 ligneam
1406 5227 1534 5302 Sancto
1553 5229 1696 5300 Nicolao
1716 5229 1808 5300 dica-

258 5360 336 5445 tam,
365 5356 463 5427 cuins
487 5357 687 5448 proprietas
714 5357 759 5428 sd
786 5356 1031 5428 monasterinm
1050 5353 1274 5446 Thynczense
1292 5352 1453 5441 pertinet.
1480 5351 1520 5420 ln
1539 5362 1607 5440 qua
1625 5356 1707 5421 sunt
1724 5349 1809 5423 duo-

257 5475 366 5547 decim
394 5477 484 5548 lanei
512 5476 754 5568 cmethonales,
783 5480 866 5549 item
893 5478 1061 5549 tabernae
1088 5481 1171 5565 tres,
1188 5475 1356 5546 habentes
1376 5493 1488 5563 agros,
1506 5473 1590 5543 item
1610 5471 1809 5542 hortulanis

257 5618 323 5668 nna
348 5598 483 5673 habens
509 5618 621 5689 agros,
647 5599 731 5670 item
759 5598 826 5670 duo
853 5598 945 5669 lanei
972 5598 1065 5669 ultra
1092 5597 1166 5686 hos,
1183 5595 1251 5688 qni
1278 5600 1380 5666 erant
1407 5592 1634 5681 scoltetialeS,
1660 5590 1703 5662 de
1731 5592 1807 5681 qui·

258 5718 333 5793 bus.
356 5720 517 5792 omnibus
553 5720 700 5792 solvitur
735 5726 772 5791 et
790 5718 1010 5791 ‘conducitur
1045 5718 1180 5789 decima
1206 5714 1433 5806 manipularis
1472 5720 1509 5785 et
1544 5712 1718 5802 canapalis
1745 5732 1809 5801 pro

258 5841 468 5913 monasterio
496 5840 743 5935 Thynczyensi,
771 5846 807 5911 et
833 5840 931 5941 valor
957 5841 1032 5912 eius
1059 5838 1104 5909 ad
1132 5893 1139 5909 .
1167 5892 1175 5908 .
1203 5891 1210 5908 .
1236 5856 1370 5909 marcas
1398 5835 1610 5906 aestimatur.
1637 5831 1686 5902 Et
1704 5830 1809 5902 solvit

258 5961 404 6052 quilibet
430 5984 494 6053 pro
521 5962 655 6035 decima
682 5961 725 6033 de
752 5963 861 6052 laneo,
888 5980 997 6052 grano
1025 5960 1112 6031 duas
1139 5979 1320 6030 mensuras
1347 5955 1503 6045 siliginis,
1530 5952 1617 6023 duas
1635 5951 1755 6040 tritici,
1773 5957 1809 6023 ct

259 6082 341 6156 duas
370 6104 510 6155 avenae.
536 6085 623 6155 Item
649 6083 829 6175 praedIum
857 6104 926 6154 non
953 6082 1068 6154 estin
1096 6079 1215 6153 eadem
1244 6079 1335 6152 villa.
1358 6077 1445 6148 Item
1465 6074 1631 6166 plebanus
1650 6072 1755 6145 habet
1773 6073 1809 6144 in

259 6205 378 6277 eadem
396 6205 480 6278 villa
497 6205 657 6296 proprios
676 6226 780 6296 agros
798 6210 834 6277 et
851 6209 960 6296 prata,
978 6224 1042 6294 pro
1071 6222 1133 6273 suo
1160 6222 1225 6272 usn
1244 6205 1280 6270 et
1296 6197 1503 6270 necessitate
1522 6200 1558 6266 et
1576 6215 1639 6266 sno
1658 6194 1809 6285 praedio.

359 6327 692 6417 Samrnnnznncm,
719 6327 803 6400 villa
829 6327 892 6400 sub
918 6324 1086 6417 parochia
1114 6322 1156 6394 de
1182 6321 1365 6414 Lyszky
1393 6319 1470 6408 sita,
1498 6317 1594 6389 cuins
1613 6317 1810 6408 proprietas

258 6447 299 6519 ad
330 6449 585 6520 'monasterium
621 6447 844 6540 Thynczense
879 6447 1040 6539 pertinet.
1080 6444 1121 6518 In
1158 6464 1226 6534 qua
1261 6447 1344 6515 sunt
1380 6441 1531 6533 quinque
1557 6438 1652 6510 lanei
1678 6441 1809 6509 etune
1919 6428 1931 6467 ’·

260 6577 382 6664 quarta
409 6569 654 6669 cmetlonales,
681 6570 764 6648 item
791 6589 859 6648 una
886 6568 1051 6663 taberna,
1078 6571 1151 6643 tres
1178 6564 1397 6643 homulaniae
1423 6561 1593 6639 babentes
1618 6577 1739 6655 agros,
1757 6556 1809 6668 dc
1888 6612 1894 6625 .
