4200 8342
1747 1636 1818 1710 ras
1899 1600 1903 1609 “

278 1831 424 1903 solvitur
450 1836 486 1903 et
513 1815 717 1905 conducitur
743 1834 876 1936 decima
902 1834 1129 1929 manipularis
1156 1839 1192 1906 et
1211 1835 1386 1925 canapalis
1404 1854 1468 1928 pro
1485 1837 1684 1928 praebenda
1702 1839 1817 1913 Sancti

278 1953 457 2024 Laurentii
492 1954 527 2025 in
563 1952 833 2045 OasimirIa,
860 1976 948 2045 quae
975 1947 1090 2027 unit?
1099 1961 1153 2028 est
1179 1958 1389 2029 monasterio
1417 1957 1581 2049 Corporis
1609 1958 1757 2049 Christi,
1785 1970 1820 2031 et

276 2073 375 2145 valor
400 2074 475 2145 eius
501 2075 707 2150 aestimatur
733 2075 777 2145 ad
804 2076 921 2146 decem
948 2096 1090 2147 marcas.
1117 2077 1205 2148 Item
1232 2078 1411 2168 praedium
1437 2085 1491 2150 est
1516 2080 1565 2152 ibi
1591 2082 1751 2171 militare,
1778 2081 1821 2151 de

278 2194 374 2263 cuius
401 2194 495 2283 agris
523 2194 672 2266 solvitur
698 2194 830 2266 decima
856 2196 1021 2267 ecclcsiae
1048 2197 1084 2266 iu
1112 2194 1216 2287 Gay.
1879 2182 1884 2194 ’

380 2313 534 2384 anrua
561 2334 689 2403 uaros,
717 2315 800 2386 villa
826 2316 890 2387 sub
918 2317 1083 2404 parocbia
1108 2316 1273 2386 ecclcsiae
1299 2317 1343 2387 de
1370 2315 1462 2408 Gay
1489 2320 1566 2409 sita,
1584 2322 1681 2394 cuius
1699 2322 1821 2394 haeres

277 2430 468 2504 Stauislaus
494 2434 722 2524 Dambsky
749 2455 824 2504 cum
851 2434 932 2505 filiis
959 2437 1030 2506 suis
1058 2435 1101 2507 de
1128 2435 1229 2508 domo
1260 2436 1414 2528 Rolya.
1453 2437 1494 2508 In
1521 2460 1589 2530 qua
1615 2448 1696 2512 sunt
1723 2443 1821 2531 quin-

277 2573 342 2641 que
377 2553 468 2624 lanei
504 2555 756 2643 emethonales,
783 2556 867 2626 item
898 2555 1083 2646 tabernae,
1110 2557 1194 2626 item
1221 2556 1414 2646 hortulani,
1442 2558 1485 2629 dc
1513 2559 1636 2649 quibus
1649 2562 1821 2633 omnibus

277 2674 424 2744 solvitur
458 2680 495 2744 et
510 2745 516 2754 ,
529 2674 731 2746 conducitur
766 2675 898 2745 decima
925 2677 1148 2766 manipularis
1176 2684 1212 2748 et
1238 2678 1412 2767 cauapalis
1439 2699 1502 2767 pro
1529 2680 1676 2768 plebano
1705 2680 1821 2752 Sancti
1929 2723 1934 2733 -

277 2791 411 2864 Nicolai
437 2799 679 2868 extramuros
706 2793 960 2867 Cracovienses.
987 2795 1097 2867 Volor
1123 2796 1269 2868 duarum
1295 2818 1498 2870 marcarum.
1934 2802 1938 2809 '

381 2912 605 2985 anrczuua
631 2934 759 3005 armon,
786 2915 869 2986 villa
896 2916 959 2987 sub
986 2917 1152 3005 parochia
1178 2916 1221 2988 de
1248 2916 1341 3008 Gay
1369 2919 1445 3008 sita,
1468 2920 1564 2990 cuius
1582 2920 1704 2992 haeres
1722 2942 1822 3009 prae-

277 3030 368 3103 fatus
395 3032 589 3106 Stauislaus
614 3035 856 3126 Dambsky.
890 3034 930 3106 In
958 3056 1027 3125 qua
1053 3041 1134 3106 suut
1159 3035 1250 3106 lanei
1277 3039 1529 3128 cmethonales,
1556 3040 1639 3110 item
1667 3041 1822 3130 taberna,

277 3153 361 3224 item
387 3136 581 3244 hortulani,
597 3154 640 3227 dc
668 3142 803 3244 quibus'
820 3155 977 3226 omuibus
1004 3155 1151 3227 solvitur
1175 3161 1210 3227 et
1227 3156 1430 3227 conducitur
1448 3158 1581 3229 decima
1598 3160 1858 3302 manipularis!

278 3278 313 3343 et
340 3273 514 3362 canapalis
551 3295 614 3365 pro
650 3276 797 3365 plebano
831 3274 949 3347 Sancti
985 3274 1122 3348 Nicolai
1148 3280 1389 3349 extramuros
1416 3275 1673 3351 Oracovienses.
1712 3271 1850 3349 Valuo-

279 3393 425 3463 duarum
451 3414 655 3466 marcarum.

251 3507 257 3518 ’
941 3516 1157 3590 Dosszrczu.

380 3634 553 3729 Oppidum
580 3636 711 3710 babens
738 3636 918 3708 ecclesiam
945 3638 1178 3728 parochialem
1205 3637 1241 3709 in
1268 3656 1305 3709 se
1332 3657 1430 3728 muro
1457 3636 1669 3730 fabricatam,
1696 3636 1823 3713 Sancto
1928 3658 1930 3661 ·

278 3755 428 3828 Johanni
455 3757 637 3848 Baptistae
665 3758 823 3847 dicatam,
850 3758 946 3829 cuius
973 3759 1169 3849 proprietas
1188 3759 1232 3829 ad
1251 3760 1507 3831 serenissimum
1526 3760 1689 3832 Poloniae
1707 3783 1824 3852 regem

278 3879 439 3967 pertinet.
474 3878 514 3949 In
542 3900 609 3969 quo
645 3885 726 3949 sunt
761 3879 907 3968 triginta
941 3899 1002 3949 sex
1029 3879 1121 3949 lanei
1148 3880 1416 3970 oppidanorum,
1443 3879 1486 3952 de
1514 3881 1637 3970 quibus
1665 3883 1823 3954 omnibus

279 3998 424 4071 solvitur
452 4004 488 4069 et
505 3998 708 4070 conducitur
725 3998 858 4068 decima
874 3999 1100 4089 manipularis
1118 4019 1181 4089 pro
1200 4000 1408 4070 monasterio
1427 3999 1655 4091 Mogylneusi,
1673 4007 1710 4073 et
1726 4000 1825 4073 valor

279 4119 351 4189 eius
378 4121 583 4191 aestImatur
609 4118 653 4190 ad
681 4118 920 4209 quadraginta,
947 4118 1130 4209 aliquando
1158 4119 1202 4189 ad
1229 4119 1479 4210 quinquaginta
1496 4140 1639 4192 marcas.
1665 4120 1752 4191 Item
1770 4127 1825 4193 est

281 4239 327 4310 ibi
354 4239 533 4330 praedium
560 4240 703 4329 regium,
730 4238 773 4309 de
801 4239 896 4309 ouius
924 4239 1017 4329 agris
1045 4239 1181 4310 noviter
1208 4240 1401 4329 extirpatis,
1429 4238 1562 4310 decima
1588 4240 1693 4311 datur
1718 4240 1824 4313 eccle·

281 4360 352 4430 siae
376 4361 414 4450 ¹iu
439 4360 751 4450 Dobschycze.
778 4334 865 4460 Item
892 4365 974 4431 sunt
1000 4360 1049 4432 ibi
1077 4359 1216 4449 quidam
1243 4361 1319 4450 agri
1334 4358 1382 4429 ”iu
1408 4355 1602 4450 montibus,
1630 4360 1672 4433 de
1700 4361 1824 4451 quibus

280 4480 445 4552 decimam
472 4480 720 4570 manipularem
739 4480 887 4570 percipit
904 4480 1103 4569 praebenda
1120 4479 1367 4571 cracoviensis,
1386 4501 1474 4571 quae
1491 4487 1636 4553 vocatur
1654 4478 1825 4572 Gorzycz-

281 4600 352 4671 ska.
378 4600 467 4673 Item
492 4606 548 4673 est
573 4601 625 4673 ibi
651 4600 841 4692 advocatia,
868 4600 929 4671 sed
956 4622 1028 4672 non
1055 4601 1161 4672 babet
1187 4621 1299 4691 agros.
1336 4601 1423 4672 Item
1456 4601 1604 4691 quilibet
1633 4600 1825 4692 oppidanus

249 4809 252 4814 Ι
281 4722 325 4796 in.
342 4721 607 4813 Dobszycze
635 4722 678 4792 de
705 4721 804 4793 laneo
832 4727 970 4793 tenetur
996 4721 1162 4792 ecclesiae
1180 4722 1216 4791 in
1243 4719 1542 4812 Dobschycze
1568 4721 1703 4792 solvere
1721 4742 1826 4792 unam

281 4863 475 4915 mensuram
501 4842 648 4932 siliginis
674 4847 710 4912 et
735 4862 837 4913 unam
865 4862 1003 4931 avenae,
1031 4844 1165 4913 ratione
1191 4838 1351 4912 uuarbue.
1378 4841 1465 4912 Item
1492 4840 1597 4911 babet
1615 4840 1664 4911 ibi
1683 4840 1827 4911 ecclesia

281 4970 316 5034 et
342 4963 508 5053 plebanus
535 4983 638 5053 agros
664 4963 849 5052 speciales,
876 4983 940 5053 pro
966 4983 1030 5033 suo
1057 4962 1221 5052 praedio,
1249 4961 1354 5032 solvit
1379 4966 1495 5031 tamen
1522 4958 1687 5031 decimum
1716 4960 1825 5030 mani-

280 5084 433 5175 pularem
461 5083 504 5155 do
531 5082 665 5156 duobus
692 5083 763 5154 suis
789 5082 899 5153 laucis
927 5081 1169 5172 praedIalibus,
1196 5082 1405 5152 monasterio
1433 5080 1653 5171 Mogyluensi
1674 5080 1710 5150 in
1725 5076 1824 5175 poui-

237 5295 240 5300 ,
282 5202 413 5296 tbcoaru,
440 5205 515 5276 iure
542 5203 717 5295 spirituali
744 5203 780 5274 iu
806 5224 847 5274 co
874 5191 1120 5293 conquisitam..
1146 5203 1234 5273 Item
1262 5223 1303 5272 cx
1331 5202 1578 5290 compositione
1605 5200 1765 5272 arbitrali
1792 5205 1829 5272 et

283 5330 458 5418 perpetua,
485 5326 630 5397 ecclesia
655 5330 690 5395 et
716 5325 883 5415 plebanus
910 5324 945 5394 in
971 5324 1208 5414 Drogiuya
1234 5344 1302 5394 non
1321 5322 1506 5412 participat
1525 5322 1653 5430 aliquid
1672 5321 1715 5393 dc
1734 5321 1826 5422 deci-

282 5466 338 5516 ma
362 5447 398 5517 in
424 5447 697 5537 Dobszycze,
724 5446 759 5515 in
788 5466 856 5535 qua
882 5466 918 5516 se
945 5444 1082 5516 dicebat
1108 5445 1162 5515 ius
1180 5444 1353 5533 habuisse,
1372 5443 1433 5515 sed
1451 5444 1696 5515 monasterium
1714 5441 1827 5531 Mogi-

238 5595 244 5602 ’
283 5566 376 5638 leuse
411 5566 516 5638 solvit
551 5566 584 5638 ei
619 5566 718 5637 aunis
754 5566 897 5657 siugulis
934 5565 1020 5637 duas
1055 5585 1189 5636 marcas
1223 5570 1259 5637 et
1286 5570 1363 5636 octo
1391 5585 1569 5637 mensuras
1597 5563 1762 5653 siliginis,
1789 5565 1825 5631 ct

165 5749 177 5780 -.
283 5688 417 5778 integre
444 5686 610 5762 decimam
636 5686 793 5778 percipit.

386 5806 537 5896 Kamru,
564 5806 647 5878 villa
673 5807 736 5878 sub
763 5806 929 5895 parochia
955 5806 1119 5877 ccclesiae
1146 5805 1189 5876 de
1215 5804 1336 5876 Dobs
1351 5824 1484 5893 zyczo
1512 5804 1598 5891 sita,
1624 5801 1720 5871 cuius
1747 5819 1827 5889 pro-

283 5928 412 6018 prietas
439 5928 483 5999 ad
510 5927 766 5999 serenissImum
792 5925 956 5999 Poloniae
982 5947 1100 6016 regem
1126 5926 1287 6014 pertinet.
1313 5915 1353 5994 Iri
1381 5944 1450 6014 qua
1468 5925 1548 5992 sunt
1567 5921 1716 6011 quinque
1735 5918 1827 5991 lanei

158 6049 161 6054 ’
284 6048 532 6138 emethonales,
559 6048 602 6118 de
638 6047 761 6137 quibus
787 6026 936 6121 solvitur
960 6050 996 6118 et
1023 6046 1226 6117 conducitur
1252 6042 1386 6146 decima
1411 6040 1637 6134 manipularis
1664 6047 1700 6110 et
1727 6059 1828 6111 cana·
1867 6065 1872 6076 ’

283 6170 372 6258 palis
398 6190 462 6261 pro
488 6168 698 6239 monasterio
725 6166 931 6257 Mogylensi,
958 6172 993 6237 ct
1019 6167 1118 6237 valor
1144 6166 1217 6234 eius
1236 6162 1439 6233 aestimatur
1457 6160 1501 6232 ad
1520 6160 1668 6250 quinque
1687 6180 1829 6231 marcas.

284 6290 371 6361 Item
398 6289 575 6379 praedium
603 6288 651 6359 ibi
677 6309 745 6357 nou
774 6291 835 6375 est,
863 6288 944 6356 item
971 6307 1038 6355 nou
1067 6290 1147 6356 sunt
1174 6281 1400 6372 lrortuladiae,
1427 6302 1538 6371 neque
1565 6281 1740 6352 tabernae.

386 6409 576 6499 Kuzuuur,
603 6409 686 6480 villa
712 6408 776 6477 sub
803 6405 968 6495 parocbIa
994 6404 1037 6475 de
1064 6404 1329 6493 Dobsz-ycze
1357 6402 1434 6508 sita,
1460 6402 1558 6473 cuius
1576 6401 1770 6490 proprietas
1793 6404 1828 6470 et
1942 6479 1945 6484 st

180 6515 475 6798 anminium
509 6529 554 6600 ad
580 6528 834 6599 serenissimum
859 6525 1025 6598 Poloniae
1051 6544 1168 6612 regem
1194 6523 1356 6618 pertinet.
1395 6511 1436 6596 In
1462 6543 1530 6626 qua
1556 6528 1637 6593 sunt
1662 6517 1828 6591 tredecim

180 6678 184 6686 ’
333 6671 588 6738 summosam
831 6684 834 6688 ·
1274 6661 1276 6666 '
1388 6685 1390 6690 ·
1485 6690 1487 6694 -
1627 6668 1665 6718 24

272 6771 343 6802 ¹5,
844 6771 852 6784 ι

173 6827 177 6840 ’
260 6805 281 6947 ¹-
351 6855 510 6974 <ast
