4200 8342
338 2010 359 2063 -..'
380 1998 393 2041 ’-
424 1950 515 2037 '4⁶²'
684 2012 1065 2076 ARCHIDIAOONATUS
1088 2013 1489 2077 ZAWYOHOSTHENSIS.

424 2168 637 2309 malosve
662 2204 884 2279 Cracoviensi
910 2208 1008 2298 situs,
1035 2212 1073 2279 et
1100 2208 1135 2279 in
1163 2228 1205 2279 ea
1231 2208 1362 2280 hahens
1390 2208 1529 2281 titulum
1556 2213 1593 2280 et
1620 2208 1782 2298 stallum,
1816 2210 1869 2299 qui

320 2329 385 2401 snb
412 2348 451 2401 se
475 2330 517 2401 et·
538 2326 574 2399 in
589 2346 667 2409 ,aaa
684 2344 784 2419 'cura
811 2330 847 2400 in
874 2349 1004 2421 suaque
1026 2329 1237 2422 visitatione,
1264 2328 1506 2421 infrascriptos
1523 2330 1746 2421 parochiales
1771 2330 1870 2403 hahet

321 2450 496 2523 ecclesias.

368 2614 380 2625 ,
960 2572 1234 2647 anvcnosns.
1575 2644 1580 2659 ,

423 2690 597 2785 Oppidum
623 2693 660 2764 in
687 2704 754 2783 quo
781 2693 928 2765 ecelesia
953 2693 1079 2785 lignea,
1106 2692 1233 2767 Sancto
1260 2692 1430 2766 Mauntio
1457 2694 1572 2767 dicata
1580 2718 1598 2787 ,·
1616 2695 1661 2775 de
1688 2694 1870 2769 collatione

321 2818 358 2887 e't
384 2815 666 2904 inrepatronatns
693 2812 890 2887 scholastici
916 2812 1217 2907 Sandomiriensis,
1244 2815 1342 2888 cuivis
1360 2816 1479 2907 oppidi
1496 2816 1694 2909 proprietas
1726 2816 1772 2889 ad
1798 2800 1871 2890 san·

253 2994 255 2999 .
320 2936 536 3007 ctimoniales
571 2934 689 3007 Sancti
725 2934 886 3008 Andreae
923 2938 958 3007 in
986 2935 1216 3009 Gracovia
1242 2939 1433 3029 pertinet3'
1449 2932 1492 3010 de
1519 2932 1871 3030 proventibus-enim

318 3057 497 3148 praefatae
525 3058 691 3129 ecclesiae
718 3057 835 3130 Sancti
861 3056 1021 3130 Mauritii
1035 3058 1359 3150 Zavvichosthensis,
1387 3060 1594 3132 scholastria
1612 3059 1869 3133 Sandomirien·

306 3180 369 3250 sis
395 3199 459 3270 pro
486 3180 611 3251 maiori
636 3183 738 3270 parte
764 3178 886 3251 dotata
912 3185 976 3251 est
1002 3179 1098 3251 Haec
1125 3180 1288 3271 ecclesia,
1320 3181 1481 3272 qnoniam
1508 3180 1676 3272 parochia
1702 3181 1780 3254 eius
1807 3182 1870 3255 sita

320 3304 398 3373 erat
422 3301 516 3373 ultra
541 3300 736 3390 Vislam,
763 3300 799 3370 in
827 3300 985 3372 Borow
1011 3301 1128 3374 villam
1148 3302 1469 3393 sanctimonialium
1497 3303 1541 3376 ad
1569 3303 1777 3375 instantiam
1804 3322 1870 3375 ma-

318 3422 421 3511 gistri
438 3422 585 3493 Martini
611 3421 656 3493 de
682 3419 891 3513 Odolino,
918 3422 983 3494 sub
1001 3422 1207 3513 pontificatu
1224 3422 1395 3495 Johaunis
1422 3423 1642 3496 Luthkon
1656 3424 1695 3497 is
1723 3424 1872 3515 episcopi

319 3542 558 3615 Gracovieusis
584 3540 758 3615 onustato
784 3548 848 3633 est,
874 3548 910 3614 et
937 3564 1028 3614 nova
1054 3544 1104 3616 ihi
1123 3545 1269 3616 ecclesia
1294 3544 1439 3617 lundata
1452 3551 1525 3636 est,
1552 3544 1752 3637 Sanctoque
1780 3546 1869 3637 Apo

320 3664 411 3737 stolo
437 3664 553 3737 dicata
579 3662 758 3755 Andreae,
793 3664 892 3737 cuius
918 3665 1118 3755 parochiam
1145 3665 1307 3757 inferius,
1343 3672 1525 3758 postquam
1553 3667 1598 3741 ad
1625 3666 1809 3741 ecclesiam
1837 3668 1868 3739 iu

318 3785 490 3859 Borov'
506 3786 757 3877 preveniemus,
785 3784 1029 3859 describemus.

616 4048 806 4171 [coletis
842 4050 996 4132 Baetae
1030 4049 1191 4133 Mariae
1227 4054 1266 4131 ln
1300 4050 1587 4133 Zawiohosth.

418 4273 471 4345 Do
506 4274 688 4346 collatione
722 4273 941 4364 praebendae
978 4273 1135 4346 canonici
1170 4272 1458 4346 Sandomiriensis
1493 4292 1582 4364 quae
1616 4278 1764 4349 vocetur
1799 4272 1864 4345 lio

320 4396 503 4487 uyeczska,
530 4395 627 4466 cuius
645 4395 801 4466 canonici
823 4393 950 4467 handus
967 4397 1003 4467 in
1030 4394 1245 4486 Kuuyczo
1272 4394 1510 4485 et‘Popova
1537 4414 1625 4486 quae
1652 4395 1743 4467 duae
1770 4395 1867 4468 villae

320 4523 422 4587 erant
448 4516 620 4607 quiondam
648 4515 774 4587 fundus
802 4515 966 4587 ecclesiae
985 4516 1133 4588 Sanctae
1152 4515 1297 4606 Mariae,
1325 4516 1387 4588 sed
1406 4516 1591 4606 collegiata
1617 4516 1765 4589 ecclesia
1783 4514 1869 4607 apud

319 4637 658 4710 Sandomiriam
683 4634 848 4727 fundata,
874 4637 976 4709 datae
1004 4639 1149 4710 suntin
1176 4638 1292 4710 dotem
1320 4638 1538 4728 praebendae
1569 4636 1870 4725 Sandomiriensis,

319 4782 408 4851 qnae
436 4764 580 4833 vocatur
604 4758 823 4851 Kuuyczsha,
850 4760 948 4831 cuius
974 4780 1038 4850 pro
1065 4765 1222 4850 tempore
1249 4759 1370 4831 unicus
1398 4760 1546 4833 collator
1571 4765 1608 4831 et
1633 4764 1804 4850 patronus
1822 4762 1871 4831 est

320 4884 505 4955 canonieus
532 4881 679 4973 quilibet
703 4880 1009 4971 Saudomiriensis,
1036 4883 1096 4972 qui
1122 4880 1353 4972 praebendam
1380 4880 1589 4972 Kuuyozska
1615 4880 1760 4953 obtinet
1787 4880 1871 4953 Item

318 5007 354 5077 in
382 5006 510 5097 oppido
536 5003 713 5095 praelato,
749 5007 830 5075 sunt
856 5002 1089 5094 quadraginta
1116 5009 1266 5094 quatuor
1292 5002 1383 5074 lanei
1411 5003 1682 5095 oppidanorum,
1720 5003 1780 5094 qui
1807 5000 1875 5077 soh

320 5133 405 5199 runt
430 5127 598 5198 decimam
624 5124 892 5217 manipularem,
927 5125 989 5197 sed
1029 5125 1141 5215 varie;
1177 5144 1257 5197 nam
1294 5129 1375 5215 post
1410 5125 1534 5214 viginti
1575 5125 1694 5197 laneos
1728 5124 1873 5215 percipit

175 5230 180 5237 ⁸
320 5269 395 5319 oum
422 5248 568 5319 ecclesia
594 5246 743 5320 Sanctae
766 5245 948 5319 Trinitatis
974 5247 1012 5317 in
1036 5246 1354 5336 Zawiohosth,
1381 5250 1461 5337 post
1478 5246 1604 5338 viginti
1621 5266 1705 5319 vero
1726 5250 1877 5336 quatuor.

311 5369 447 5458 laneos,
473 5370 620 5459 percipit
645 5389 722 5440 earn
741 5367 900 5440 custodia
917 5367 1033 5441 Sancti
1051 5368 1209 5441 Floriani
1234 5373 1337 5440 extra
1362 5388 1479 5441 muros
1498 5366 1756 5441 cracovienses.
1783 5366 1869 5438 item

209 5566 214 5575 ,
319 5491 426 5561 habet
462 5489 609 5561 ecclesia
643 5488 790 5560 Sanctae
826 5487 961 5561 Mariae
988 5491 1150 5581 proprios
1186 5489 1257 5561 illic
1284 5511 1387 5581 agros
1414 5496 1450 5560 ct
1476 5494 1596 5581 prata,
1632 5510 1709 5560 cum
1747 5488 1870 5581 quihus

319 5631 416 5683 suam
443 5615 615 5683 sustentat
641 5610 894 5685 necessitatem.
938 5610 1026 5683 Item
1052 5610 1120 5683 fuit
1145 5611 1181 5683 in
1208 5610 1365 5703 praelato
1403 5611 1531 5701 oppido
1558 5610 1732 5702 quondam
1770 5611 1873 5683 advo·

319 5733 409 5805 catia
435 5732 609 5823 notabilis,
636 5733 768 5805 hahens
795 5731 886 5804 infra
911 5734 1078 5806 terminos
1104 5731 1224 5825 oppidi
1250 5734 1411 5824 proprios
1438 5732 1556 5806 laneos
1574 5738 1610 5804 et
1626 5753 1742 5824 agros,
1769 5752 1869 5824 quam

320 5853 578 5927 casimirus
613 5853 790 5927 &enudus
815 5854 981 5927 Poloniac
1017 5876 1080 5927 rex
1107 5854 1250 5946 coemit,
1278 5861 1314 5927 et
1340 5855 1507 5927 decimam
1544 5854 1796 5945 manipularem
1832 5874 1871 5925 ex

319 5976 415 6066 agris
441 5976 643 6049 advocatiae
669 5976 941 6067 provenientem,
968 5996 1058 6066 quae
1084 5976 1251 6049 ecclesiae
1277 5974 1426 6048 Sanctae
1443 5975 1578 6048 Mariae
1596 5974 1873 6049 Zavvichostensi

319 6098 529 6189 solvebatur,
556 6097 730 6171 sacerdoti
757 6098 925 6188 capellam
952 6097 1059 6171 castri
1077 6096 1367 6171 Zavvichostensis
1394 6096 1559 6168 officianti
1583 6096 1784 6188 applicavit
1810 6094 1874 6169 Est

318 6228 434 6293 autem
461 6220 606 6291 ecclesia
633 6218 790 6309 praefata
815 6239 859 6291 ex
886 6218 1002 6309 lapide
1029 6216 1162 6309 quadro
1189 6218 1279 6308 albo,
1306 6239 1403 6290 more
1430 6223 1578 6308 vetusto,
1605 6218 1641 6289 in
1669 6219 1785 6291 crucis
1803 6238 1874 6291 mo

319 6341 399 6412 dum
428 6350 581 6431 murato,
618 6362 681 6432 per
706 6341 881 6431 principes
907 6340 1073 6435 Poloniae
1108 6341 1280 6431 antiquos.
1324 6341 1412 6412 Item
1440 6341 1476 6411 in
1512 6339 1631 6411 eodem
1661 6340 1791 6431 oppido
1809 6345 1873 6412 ¹est

319 6464 565 6535 monasterium
593 6461 740 6533 fratrum
766 6461 948 6553 minorum,
976 6461 1104 6535 Sancto
1132 6460 1282 6535 dicatum
1308 6461 1504 6553 l'mncisco,
1530 6460 1642 6533 latere
1669 6468 1779 6552 cocto,
1807 6480 1874 6532 uns

320 6600 397 6650 eum
424 6583 579 6674 eeclesia,
605 6604 668 6675 per
695 6582 964 6655 Boleslaum
991 6582 1276 6655 Pudioum....'
