4200 8342
294 1606 368 1715 sm

296 1816 351 1882 est
380 1809 491 1891 Beato
519 1805 671 1876 Thomas
699 1800 882 1893 Apostolo,
910 1800 946 1870 in
973 1796 1184 1875 evidentiam
1210 1802 1327 1869 autem
1354 1798 1487 1888 patrati
1513 1817 1577 1889 per
1604 1797 1847 1887 Beatissimum

295 1914 503 2003 Stauislaum
530 1923 697 2012 miraculi,
724 1922 830 1993 etiam
857 1920 924 2010 ipsi
950 1918 1076 1991 Sancto
1104 1917 1288 2008 Stanislao,
1315 1917 1440 1991 titulus
1466 1917 1542 1990 eius
1570 1918 1780 2006 ascribitnr3
1811 1920 1844 1991 in

296 2051 393 2123 euius
419 2047 552 2120 duabus
579 2043 840 2131 festivitatibus,
866 2040 1043 2113 Passionis
1071 2038 1234 2111 videlicet
1261 2043 1298 2113 et
1316 2037 1581 2129 Translationis,
1608 2060 1738 2131 magna
1763 2040 1846 2113 mul-

294 2170 408 2244 titudo
443 2168 653 2241 Polonorum
690 2165 779 2235 solet
814 2163 864 2234 ibi
899 2182 942 2233 ex
970 2161 1153 2233 devotione
1187 2159 1381 2233 convenire.
1425 2159 1534 2232 Cuius
1570 2159 1711 2251 quidem
1748 2160 1847 2233 villae

294 2291 491 2384 proprietas
518 2287 562 2359 ad
590 2286 789 2377 episcopum
802 2282 1067 2356 Gracoviensem
1093 2280 1255 2372 pertinet,
1283 2300 1371 2372 quae
1398 2273 1482 2355 licet
1507 2301 1571 2372 per
1589 2281 1720 2354 multos
1740 2303 1846 2356 annos

296 2412 449 2485 nescitur
476 2431 519 2481 ex
547 2428 616 2499 qua
642 2426 746 2478 causa
773 2405 827 2476 vel
855 2424 954 2492 casu,
980 2402 1088 2475 fuerit
1112 2402 1157 2474 ab
1184 2421 1225 2475 eo
1253 2402 1422 2493 alienata,
1449 2401 1707 2475 illustrissimus
1734 2413 1846 2477 nmen

296 2534 457 2625 princeps
484 2524 761 2601 Vladislau's
788 2525 969 2596 Primus
996 2527 1140 2603 vocatus
1167 2523 1348 2595 Loktck
1375 2522 1540 2595 Poloniae
1568 2544 1630 2595 rex
1648 2529 1751 2614 pater
1776 2522 1847 2597 Ga·

298 2652 453 2724 simini
480 2647 681 2733 Secundi
707 2645 872 2717 Poloniae
900 2644 1002 2735 regis,
1028 2644 1123 2715 illam
1151 2664 1191 2717 ex
1221 2645 1357 2734 integro
1385 2643 1607 2717 Cracoviensi
1635 2645 1848 2739 episcopatui

298 2772 472 2860 restitnit,
507 2769 645 2858 dequo
681 2767 854 2839 babentur
887 2766 1011 2837 literae
1046 2785 1130 2838 suae
1162 2767 1197 2836 iu
1225 2765 1361 2837 aerario
1397 2764 1562 2838 eeclesiae
1600 2764 1839 2849 cracoviensis

297 2894 483 2966 Fabricata
509 2896 563 2962 est
589 2896 704 2965 autem
730 2887 927 2975 huiusmodi
954 2886 1101 2987 ecelesia
1127 2907 1245 2976 muro,
1282 2907 1344 2977 per
1371 2884 1564 2978 praelatum
1600 2886 1848 2979 Sbigneum

301 3012 510 3110 cardinalem
546 3017 583 3082 et
609 3011 808 3101 episcopum
845 3007 1109 3081 Cracoviensem
1146 3028 1237 3080 anno
1272 3008 1412 3080 Domini
1452 3009 1548 3078 1441
1596 3015 1632 3080 et
1669 3029 1734 3100 per
1769 3029 1848 3081 eun·

226 3140 231 3151 “
299 3136 377 3207 dem
405 3137 606 3207 consecrata
633 3139 669 3203 et
696 3130 864 3202 dedicata.
903 3131 944 3202 In
976 3151 1044 3220 qua
1075 3136 1156 3202 sunt
1187 3130 1334 3221 triginta
1372 3129 1465 3201 lanei
1493 3130 1743 3220 emethonales,
1769 3132 1851 3203 item
1888 3227 1894 3238 ι

299 3256 480 3347 praedium
508 3254 674 3344 optimum
702 3230 916 3344 episcopale,
942 3252 1028 3325 item
1041 3272 1111 3325 una
1128 3251 1327 3324 hortulania
1345 3250 1560 3343 episcopalis,
1586 3251 1722 3325 babens
1740 3274 1850 3346 agros,

300 3378 384 3449 item
411 3381 486 3447 tres
513 3375 679 3446 tabernae
715 3373 854 3463 plebani
880 3372 1050 3445 habentes
1077 3358 1196 3463 apros,
1231 3373 1274 3445 de
1302 3372 1428 3463 quibus
1455 3373 1614 3445 omnibus
1641 3373 1794 3446 solvitur
1816 3381 1851 3446 et

301 3474 506 3569 conducitur
531 3495 665 3575 decima
699 3480 927 3584 inanipularis'
951 3500 990 3567 et
1015 3494 1191 3586 canapalis
1219 3515 1282 3584 pro
1310 3494 1456 3567 ecclesia
1483 3501 1519 3565 et
1544 3494 1695 3584 plebano
1726 3494 1851 3568 ibidem

302 3617 337 3688 in
365 3616 656 3707 Pyotrauyn
684 3614 782 3686 cuius
801 3615 899 3687 valor
925 3614 970 3686 ad
996 3615 1143 3707 triginta
1170 3634 1303 3687 marcas
1330 3613 1544 3687 aestimatur.-
1568 3615 1658 3689 Item
1685 3616 1851 3706 plebanus

302 3742 338 3809 et
364 3737 509 3808 ecclesia
543 3737 651 3808 babet
685 3737 833 3827 speciale
869 3736 1047 3828 praedium
1076 3737 1111 3807 in
1139 3736 1260 3808 eadem
1290 3727 1397 3825 villa,
1433 3737 1519 3839 satis
1555 3737 1741 3828 optimum,
1778 3759 1851 3809 cum

304 3859 401 3930 curia
425 3858 564 3948 plebani
592 3864 628 3929 et
654 3857 777 3946 hortis,
804 3857 912 3929 habet
939 3858 1043 3929 etiam
1071 3858 1239 3947 plebanus
1256 3858 1292 3928 in
1312 3857 1431 3930 cadem
1455 3842 1537 3928 villa
1555 3857 1709 3948 quinque
1727 3859 1852 3948 lancos,

302 3981 338 4050 in
366 3980 491 4070 quibus
519 3979 642 4051 sedent
668 3979 876 4069 emethones,
903 3979 985 4050 item
1003 3966 1076 4050 tres
1095 3980 1259 4051 tabernas
1277 3979 1447 4053 babentes
1465 3999 1579 4069 agros,
1606 4000 1697 4070 quae
1716 3980 1853 4053 solvunt

303 4123 366 4191 pro
394 4118 498 4173 censu
525 4102 671 4191 plebano
700 4101 875 4190 quaelibet
902 4121 965 4190 per
991 4107 1065 4174 tres
1097 4099 1268 4189 fertones,
1295 4107 1332 4173 et
1359 4100 1504 4192 quilibet
1539 4108 1642 4190 parat
1669 4101 1796 4174 brasea
1820 4109 1854 4174 et

304 4223 380 4312 quit
408 4222 590 4294 cervisiam
618 4222 799 4294 alternatis
823 4223 956 4294 vicibus
975 4243 1040 4311 pro
1066 4222 1223 4312 plebano.
1263 4223 1351 4307 Item
1386 4223 1472 4294 duas
1504 4223 1724 4296 hortulanias
1752 4224 1856 4296 babet

304 4342 460 4414 sednon
497 4344 627 4415 babent
662 4364 767 4433 agros
803 4340 839 4415 'et
876 4344 1020 4434 quilibet
1056 4345 1295 4417 tantummodo
1331 4365 1433 4417 unam
1470 4344 1559 4416 diem
1596 4345 1632 4415 in
1661 4344 1853 4436 septimane

305 4464 441 4537 laborat
468 4464 639 4554 pedester,
666 4484 805 4536 censum
832 4469 1043 4537 autemnon
1072 4466 1219 4541 solvunt.
1289 4546 1292 4551 ,

368 4649 371 4652 ,
409 4584 578 4674 Gnourvo,
606 4583 689 4657 villa
716 4586 780 4657 sub
798 4586 973 4676 ,parocbia
999 4587 1042 4659 de
1069 4585 1334 4679 Pyotrawin
1361 4588 1437 4676 sita,
1465 4588 1561 4660 cuius
1588 4589 1786 4679 proprietas
1812 4590 1854 4663 ad

302 4709 548 4781 moruasterium
578 4707 724 4778 Sanctae
752 4707 874 4781 Crucis
900 4703 1043 4781 Calvi
1060 4708 1236 4781 Mantus
1263 4717 1342 4800 port
1327 4710 1424 4781 tinet.
1451 4710 1490 4780 ln
1510 4731 1579 4800 qua
1596 4716 1680 4782 sunt
1698 4711 1854 4801 undecim

304 4830 395 4900 lanei
423 4833 513 4900 emet
497 4829 738 4918 thonalost
710 4829 792 4900 item
819 4802 891 4902 tres
918 4829 1086 4919 tabernae
1112 4831 1242 4902 babent
1227 4836 1280 4902 tes
1308 4852 1428 4921 agros,
1465 4832 1509 4902 de
1536 4831 1661 4921 quibus
1698 4830 1855 4917 ommbns

303 4951 450 5023 solvitur
478 4959 514 5022 et
540 4950 701 5031 conducit
685 4957 745 5033 tur
771 4951 904 5023 decima
930 4952 1157 5044 manipularis
1175 4957 1212 5025 et
1230 4953 1405 5042 canapalis
1432 4974 1501 5043 pro
1514 4952 1728 5026 monasterio
1753 4956 1912 5051 paors

309 5073 382 5142 sato
418 5073 565 5143 Sanctae
602 5070 740 5161 Crucis,
778 5073 874 5144 cuius
911 5072 1020 5143 valor
1045 5074 1089 5143 ad
1120 5093 1180 5144 sex
1217 5094 1360 5146 marcas.
1396 5073 1475 5159 Non
1502 5079 1557 5145 est
1542 5073 1632 5146 tibi
1668 5050 1917 5183 praeffinp

305 5213 415 5281 neque
443 5193 524 5264 hort
525 5193 671 5264 alaniae.
1749 5254 1763 5297 ,
1816 5182 1879 5283 ἔτ.

408 5312 676 5403 Kanvscrrnvu,
705 5314 787 5384 villa
814 5315 877 5386 sub
905 5315 1072 5406 parochia
1099 5316 1141 5387 de
1168 5263 1474 5407 Ppothrawpn
1503 5317 1581 5406 sita,
1608 5317 1707 5389 cuius
1899 5392 1903 5399 ,

305 5432 470 5503 Nicolaus
498 5432 749 5523 Gzaylrade
777 5435 914 5527 Novy
942 5437 1083 5527 dwor,
1120 5438 1247 5510 nobilis
1275 5436 1446 5510 dedomo
1474 5439 1686 5511 Dambno.
1723 5418 1845 5529 Ins*¹
1901 5426 1905 5433 ’

306 5560 387 5625 sunt
372 5553 506 5624 tlanci
534 5554 787 5644 emethonales,
824 5556 907 5628 item
934 5558 1113 5647 praedium
1150 5559 1301 5631 militare
1337 5581 1461 5648 unum,
1496 5560 1579 5631 itam
1615 5561 1764 5632 taberna
1780 5556 1860 5655 una

304 5676 436 5747 babens
463 5696 576 5765 agros
604 5675 647 5746 de
675 5677 799 5766 quibus
826 5678 974 5750 solvitur
997 5685 1033 5751 et
1051 5680 1269 5753 conducitur.
1282 5681 1416 5752 decima
1441 5681 1666 5771 manipularis
1694 5689 1732 5753 et
1758 5662 1858 5755 caua·

306 5799 394 5888 palis
422 5798 586 5869 eeclesiae
613 5800 649 5869 in
677 5797 952 5891 Pyotrawin,
971 5810 1016 5887 ¹et
1043 5803 1141 5875 valor
1160 5804 1233 5875 eius
1252 5803 1295 5874 ad
1323 5809 1454 5894 septem
1483 5823 1616 5875 mareas
1643 5805 1858 5877 aestimatur.

409 5918 592 6005 Kauvuu,
628 5920 712 5991 villa
739 5900 996 6011 sub'parocbis
1022 5922 1075 5994 de'
1093 5923 1373 6015 Pyotrawyn
1410 5925 1496 6012 sita,
1533 5924 1631 5995 cuius
1657 5927 1856 6016 proprietas

305 6040 350 6111 ad
376 6041 634 6112 serenissimum
670 6040 835 6114 Poloniae
863 6064 979 6133 regem
1018 6045 1181 6134 pertinet.¹
1204 6038 1256 6117 'ln
1285 6067 1352 6136 qua
1378 6052 1459 6118 sunt
1484 6046 1575 6117 lanei
1611 6047 1856 6136 emethonales,

305 6163 388 6233 item
422 6163 599 6252 praedium
628 6185 731 6235 uuum
760 6166 895 6255 regale,
922 6166 1005 6238 item
1032 6168 1188 6257 taberna,
1216 6168 1403 6258 dequibus
1431 6166 1579 6240 solvitur
1597 6176 1633 6240 et
1652 6169 1857 6242 conducitur

305 6284 437 6354 decima
464 6285 689 6374 manipularis
707 6294 743 6356 et
764 6287 938 6377 canapalis
966 6290 1193 6378 pro-eeclesia
1220 6291 1255 6360 in
1283 6289 1609 6381 Pyotbrauyn,
1637 6292 1734 6363 cuius
1761 6292 1859 6363 valor

306 6407 563 6478 aestimaturad
573 6406 754 6480 duodecim
769 6429 913 6481 marcas.
931 6411 1018 6483 Item
1034 6411 1070 6482 in
1081 6412 1211 6501 eadem,
1222 6412 1533 6484 babetecclesiade
1546 6412 1575 6483 P
1583 6435 1606 6502 y
1616 6413 1796 6485 othravv
1804 6435 1858 6504 yn

307 6524 418 6596 lacum
446 6528 583 6619 bonum,
611 6550 687 6601 cum
716 6531 808 6604 omui
835 6533 1049 6623 proprietate
1076 6539 1112 6607 ct
1138 6534 1309 6624 dominio,
1336 6534 1372 6606 in
1399 6556 1469 6625 quo
1496 6533 1610 6607 nullus
1637 6534 1728 6607 alins
1754 6534 1860 6607 baba
