4200 8342
241 1868 248 1884 ’
382 1868 581 1959 Tunwrrru,
609 1870 692 1942 uilla
719 1872 783 1944 sub
810 1873 975 1964 parochia
1002 1873 1044 1945 de
1072 1874 1413 1968 Gnemyernylry
1434 1931 1440 1945 .
1460 1931 1497 1946 ..

380 1992 595 2082 munuum,
622 1993 706 2065 villa
733 1994 797 2066 sub
824 1995 988 2085 parochia
1015 1995 1058 2068 de
1086 1995 1430 2090 Czemyernyky
1449 2053 1456 2067 .
1476 2053 1509 2067 ..

385 2111 625 2186 Onu-:sonum
651 2111 798 2188 Paucum
851 2170 859 2188 .
914 2172 921 2186 .
974 2172 982 2187 .
1036 2172 1043 2186 .

273 2274 279 2295 .·
379 2232 650 2309 Inzrnowrczn
703 2290 711 2306 .
765 2290 773 2305 .
826 2291 834 2306 .
888 2292 895 2305 .

255 2390 281 2441 .,-.
334 2408 338 2423 .
375 2350 744 2455 'Szusrnuuwrrnow
797 2412 805 2429 .
859 2412 866 2428 .
920 2413 927 2428 .
981 2413 988 2430 .

267 2473 269 2476 ’
967 2477 1145 2554 Muonuw·

383 2599 633 2685 Villa-habens
660 2600 696 2671 in
724 2620 761 2672 se
788 2602 1021 2691 parochialem
1048 2602 1226 2675 ecclesiam
1246 2603 1403 2698 ligneam,
1423 2605 1549 2677 Sancto
1579 2604 1664 2678 Vito
1683 2607 1829 2679 dicatam

279 2722 376 2807 cuius
403 2722 527 2792 haeres
553 2719 732 2794 Johannes
758 2721 1090 2821 Podolyenukp'
1117 2723 1160 2794 de
1179 2726 1283 2796 armis
1311 2725 1676 2799 Lowarthonum.
1702 2728 1743 2798 In
1763 2750 1830 2818 qua
1889 2757 1892 2767 ·

283 2848 364 2915 sunt
390 2843 480 2914 lanei
508 2828 749 2934 auctionales,
776 2844 860 2916 item
888 2844 1064 2936 tabernae,
1091 2846 1175 2916 item
1193 2845 1411 2919 hortulaniae
1429 2848 1597 2919 habentes
1615 2869 1728 2939 agros,
1746 2849 1829 2920 item

283 2964 351 3035 duo
377 2964 520 3055 praedio
547 2964 723 3056 militaria,
751 2965 793 3037 de
821 2965 946 3057 quibus
973 2967 1132 3038 omnibus
1159 2965 1306 3039 solvitur
1333 2972 1368 3038 et
1386 2968 1588 3040 conducitur
1607 2969 1741 3041 decima
1759 2989 1829 3040 ma-

265 3084 447 3176 nipularis
474 3106 538 3176 pro
566 3087 712 3158 ecclesia
738 3093 773 3159 et
798 3086 947 3178 plebano
973 3087 1009 3158 in
1036 3087 1237 3178 Maglone,
1264 3096 1300 3161 et
1329 3090 1427 3161 valor
1454 3091 1528 3161 eius
1556 3091 1758 3162 aestimatur
1785 3091 1830 3163 ad

279 3207 425 3299 triginta
461 3228 604 3280 marcas.
644 3208 732 3278 Item
768 3208 914 3280 ecclesia
941 3209 1047 3281 habet
1074 3209 1123 3280 ibi
1150 3229 1252 3301 agros
1280 3212 1440 3302 proprios
1468 3217 1504 3290 et
1530 3216 1649 3302 prata,
1677 3232 1741 3302 pro
1755 3187 1829 3284 'suo

215 3379 221 3395 ,
276 3350 339 3401 usu
366 3328 508 3420 praedio
536 3336 572 3400 et
597 3330 814 3405 necessitate.
1225 3347 1227 3350 ’

379 3452 757 3542 srnznsonnowrczu,
785 3450 869 3523 villa
895 3451 959 3524 sub
987 3453 1153 3542 parocbia
1180 3452 1343 3540 ecclesiae
1372 3454 1414 3526 de
1440 3453 1630 3546 Megle'w
1657 3454 1726 3525 sita
1744 3509 1752 3525 .
1771 3509 1804 3524 ..

306 3650 311 3658 ,
380 3571 651 3663 anuszruow‚
678 3572 761 3645 uilla
786 3574 851 3645 sub
878 3573 1044 3664 parochia
1071 3574 1114 3646 de
1141 3574 1330 3665 Meglew
1357 3576 1425 3647 sita
1444 3632 1450 3645 .
1470 3630 1504 3645 ..
1553 3617 1556 3623 ·
1648 3563 1655 3574 ’

307 3694 312 3704 “
379 3692 666 3767 hluuuxowrczu
694 3692 981 3784 Wuuuezuowr‚
1009 3694 1092 3766 villa
1106 3696 1183 3798 ‘sub
1211 3697 1376 3785 parochia
1403 3697 1444 3768 de
1472 3696 1662 3788 Megleu
1690 3697 1758 3768 sita
1891 3684 1894 3690 ’

378 3814 665 3889 llrnuuowrczn
692 3813 866 3904 dhonon,
883 3814 977 3886 ¹uilla
1004 3817 1068 3888 sub
1100 3817 1267 3913 parochia
1294 3807 1336 3887 de
1363 3815 1431 3888 Me
1440 3817 1554 3909 glew
1582 3819 1650 3889 sita
1666 3872 1673 3887 .
1692 3873 1725 3886 ..
1801 3844 1804 3851 ·

380 3935 725 4010 Brsruznuowrozn
750 3933 972 4028 ΜιοΗΑΕιιε,
999 3937 1083 4008 villa
1110 3939 1174 4009 sub
1201 3938 1368 4028 parochia
1393 3918 1436 4009 de
1464 3938 1654 4028 Meglew
1681 3938 1773 4009 sita.

380 4056 726 4131 Brarnznuowuczu
753 4056 952 4151 donamus,
978 4058 1062 4129 uilla
1089 4059 1153 4129 sub
1180 4058 1346 4149 parocbia
1368 4058 1414 4129 ¹de
1437 4054 1627 4150 Meglew'
1654 4059 1721 4129 sita
1739 4112 1747 4127 .
1766 4111 1799 4128 ..

380 4176 671 4269 Sunnosczuozu
699 4179 783 4251 villa
808 4179 874 4253 sub
900 4179 1066 4270 parochia
1093 4179 1135 4250 de
1162 4179 1354 4270 Meglew
1381 4178 1449 4250 sita
1468 4235 1474 4250 .
1494 4235 1500 4248 .
1520 4208 1538 4248 .·
1674 4174 1676 4176 ’

367 4297 733 4391 Ἦωοιῑοινγεκκιι,
760 4299 844 4372 villa
871 4300 1129 4391 subparochia
1155 4301 1319 4372 ecclesiae
1338 4300 1381 4372 de
1408 4300 1597 4391 Meglew
1625 4285 1771 4373 sita...

940 4524 1172 4599 Wruuounzr.

380 4667 473 4738 Villa
500 4668 630 4740 habens
659 4668 837 4738 ecclesiam
865 4666 1097 4757 parochialem
1126 4667 1161 4736 in
1186 4687 1223 4737 se
1241 4665 1400 4756 ligneam,
1429 4667 1554 4738 Sancto
1581 4667 1733 4739 Johanni
1761 4668 1828 4739 Ba·
1905 4669 1907 4675 ’

285 4789 415 4881 ptietue
443 4788 611 4879 dicatum,
638 4789 734 4860 cuius
762 4788 958 4879 proprietas
985 4787 1027 4857 ad
1056 4778 1311 4859 serenissimum
1340 4786 1503 4858 Poloniae
1531 4791 1647 4877 regem
1674 4788 1833 4888 pertinet

197 4958 200 4963 -
279 4910 318 4983 In
345 4931 414 5001 qua
440 4916 537 4982 sunt³
556 4911 647 4981 lanei
675 4909 926 4996 cmethonales‚
954 4910 1036 4978 item
1056 4908 1230 5001 ¹tabernae
1258 4908 1374 4997 regiae
1401 4908 1569 4980 habentes
1588 4899 1718 4997 'agnou
1746 4909 1829 4980 item

277 5031 494 5105 hortulaniae
523 5032 689 5103 habentes
717 5051 830 5120 agros,
858 5031 941 5101 item
969 5029 1150 5118 praedium
1176 5048 1280 5100 unum
1299 5027 1443 5119 regium,
1470 5029 1655 5120 dequibus
1675 5031 1831 5102 omnibus

275 5153 421 5227 solvitur
458 5160 494 5225 et
530 5152 734 5225 conducitur
770 5151 903 5222 decima
938 5149 1163 5240 manipularis
1198 5169 1263 5239 pro
1298 5149 1442 5220 ecelesia
1477 5150 1513 5220 in
1550 5148 1823 5245 Wilkolazy‚
1912 5149 1925 5239 '¹

275 5275 370 5349 cuius
398 5276 494 5346 valor
522 5274 566 5346 ad
594 5274 710 5345 decem
739 5293 882 5344 marcas.
909 5272 997 5343 Item
1025 5271 1172 5343 ecclesia
1198 5271 1304 5342 habet
1332 5271 1380 5342 ihi
1408 5277 1481 5343 tres
1506 5272 1647 5364 laneosp
1662 5278 1828 5365 prataque

275 5396 497 5486 sufficientia,
526 5405 561 5468 et
590 5417 691 5467 unam
726 5395 911 5486 piscinam3
939 5395 1022 5465 item
1050 5414 1150 5464 unam
1179 5393 1359 5464 tabernam
1386 5393 1572 5466 habentem
1600 5404 1711 5486 agnou,
1739 5415 1826 5487 quae

275 5539 338 5608 pro
365 5540 469 5591 censu
497 5541 612 5592 annuo
639 5519 744 5590 solvit
770 5517 917 5607 plebano
945 5536 1047 5587 unam
1074 5536 1236 5587 marcam.
1584 5532 1587 5536 ’

378 5641 548 5730 Runuru,
575 5641 659 5712 uilla
687 5640 750 5711 sub
778 5637 943 5729 parochia
970 5637 1012 5709 de
1040 5636 1084 5705 W
1093 5637 1407 5730 ylholuzieita,
1435 5638 1532 5709 cuius
1560 5632 1728 5709 haeredes
1748 5637 1828 5709 An·

275 5763 443 5852 drzych
472 5768 508 5832 et
527 5818 533 5830 .
554 5817 559 5830 .
580 5817 587 5830 .
605 5763 644 5831 ln
674 5783 740 5852 qua
767 5766 848 5832 sunt
874 5760 965 5831 lanei
992 5760 1234 5853 emethoncles‚
1261 5760 1342 5830 item
1372 5754 1438 5830 duo
1467 5755 1619 5849 praedia,
1642 5759 1826 5850 dequibus

275 5883 433 5953 omnibus
461 5883 608 5953 solvitur
635 5888 670 5952 et
697 5880 900 5952 conducitur
927 5878 1060 5951 decima
1086 5880 1311 5978 manipularis
1339 5885 1374 5951 et
1400 5878 1575 5969 carrapalis
1603 5879 1766 5951 ecclesiae
1794 5886 1829 5977 et

276 6002 421 6091 plebano
450 6004 483 6072 in
512 6003 556 6072 W
565 6004 754 6094 yllrolaz
763 6021 802 6092 y‚·
815 6003 912 6090 cuius
940 6003 1037 6073 valor
1064 6001 1269 6073 arestimatur
1296 6001 1340 6071 ud
1360 6055 1366 6069 .
1387 6055 1420 6070 ..

378 6123 680 6214 Suuzuzowuozn,
709 6124 790 6194 villu
817 6124 880 6195 sub
908 6123 1074 6213 parochia
1101 6123 1143 6193 de
1171 6123 1216 6191 W
1225 6123 1445 6215 ylkolazy
1473 6123 1549 6212 ulto,
1578 6123 1676 6195 cuius
1704 6124 1827 6195 haeres

273 6246 451 6318 lohannes
479 6245 874 6337 Curozwunczslcy
892 6241 945 6317 'de
973 6245 1074 6316 domo
1103 6245 1335 6316 Rozarum.
1363 6246 1403 6315 ln
1431 6235 1499 6336 pua
1527 6251 1608 6317 sunt
1626 6245 1716 6316 lanei
1738 6266 1827 6316 orne-

275 6369 451 6457 chorales,
481 6369 523 6439 de
560 6369 684 6459 quibus
719 6368 866 6440 solvitur
903 6368 1035 6439 decima
1062 6388 1123 6458 per
1151 6389 1211 6438 sex
1239 6388 1379 6458 grossos
1407 6369 1567 6459 episcopo
1597 6367 1828 6447 Cracoviensi.

276 6490 361 6562 ltern
390 6497 472 6563 sunt
499 6490 547 6562 ibi
575 6490 682 6581 aliqui
710 6490 799 6561 lanei
828 6489 1063 6561 umethonales
1090 6496 1126 6560 ot
1153 6510 1256 6559 uuum
1287 6491 1466 6580 praedium
1494 6488 1656 6579 militare,
1684 6488 1727 6559 de
1756 6488 1831 6587 qui-

274 6613 338 6700 bus
364 6613 497 6690 decima
524 6613 672 6687 soluitur
697 6611 921 6712 manipularis
949 6609 1115 6691 ecclesiae
1142 6609 1178 6691 iu
1206 6610 1491 6714 Wylkolazy.
