4200 8342
257 1613 328 1685 alt

256 1818 341 1889 illud
375 1817 577 1889 miraculum
615 1814 779 1886 scribitur
813 1813 961 1903 secuse
982 1813 1075 1904 quod
1109 1812 1252 1885 Petrum
1287 1811 1434 1883 militem
1460 1817 1496 1883 et
1522 1809 1679 1885 eiusdem
1706 1808 1803 1895 villae

256 1936 534 2029 Pyotrawin,
560 1954 697 2027 quoque
722 1933 926 2023 haeredem,
953 1953 1069 2024 aquo
1096 1932 1226 2005 dictam
1252 1929 1369 2004 villam
1395 1936 1547 2020 marat,
1573 1929 1657 2013 dnm
1684 1951 1708 2001 a
1731 1947 1804 2017 sue,

256 2056 450 2145 sessoribus
477 2061 514 2128 et
539 2054 723 2145 nepotibus
751 2054 836 2126 dicti
861 2053 983 2125 militis
1009 2073 1088 2125 eum
1115 2072 1179 2145 pro
1202 2051 1296 2125 dicta
1322 2050 1406 2125 rilla
1422 2050 1683 2142 impetentibus,
1700 2049 1804 2137 m

255 2177 351 2249 nium
384 2177 454 2248 iam
488 2177 525 2248 in
561 2175 743 2266 sepulchro
780 2175 1026 2264 incineratum,
1052 2173 1098 2245 ad
1123 2173 1289 2246 iudicium
1315 2170 1531 2244 Boleslai
1545 2191 1623 2263 pro
1649 2190 1695 2247 ea
1717 2177 1802 2259 ist.

256 2301 391 2387 pestate
430 2294 595 2368 Poloniae
635 2297 747 2386 regis,
791 2293 1099 2371 calumniatoribus
1137 2292 1303 2384 furentis,
1339 2314 1360 2364 a
1403 2298 1516 2365 morte
1556 2296 1592 2364 et
1630 2289 1802 2367 euentu

256 2417 510 2506 resuscitatum,
537 2417 653 2489 rivum
681 2414 781 2487 duxit
806 2416 844 2486 in
869 2418 1003 2488 testem.
1154 2480 1156 2484 .
1696 2492 1701 2499 ,

361 2522 674 2626 Gnrczuowrcza,
701 2534 784 2607 villa
810 2535 876 2608 sub
903 2535 1069 2626 parochia
1094 2534 1138 2607 de
1164 2532 1338 2627 Opolye
1365 2534 1444 2624 sita,
1469 2533 1569 2605 cuins
1594 2532 1805 2635 Μαι...Ι

258 2657 575 2747 Wrzelowslry
600 2656 643 2729 de
671 2656 772 2729 domo
798 2644 938 2738 Rama.
964 2655 1006 2726 In
1033 2676 1104 2747 qna
1122 2660 1213 2741 ,sunt
1237 2652 1419 2727 duodecim
1444 2652 1538 2727 lanei
1562 2648 1807 2742 marica

258 2777 295 2848 in
321 2777 474 2867 antiquis
501 2775 595 2867 agris
622 2775 692 2865 siti,
718 2774 761 2847 de
787 2774 913 2867 quibus
939 2774 1087 2848 soluitur
1113 2773 1246 2847 decima
1271 2771 1497 2864 manipularis
1513 2767 1808 2857 nummatam

258 2915 327 2968 non
362 2895 555 2986 campalis,
583 2915 646 2985 pro
681 2895 831 2967 ecclesie
863 2896 901 2967 in
923 2894 955 2966 P
964 2898 1224 2988 petram,
1250 2893 1348 2993 cuius
1374 2891 1473 2966 valor
1498 2891 1545 2965 ad
1569 2897 1649 2966 octe
1675 2908 1808 2967 mattea

247 3015 470 3122 aestimatur.
509 3014 597 3088 Item
633 3020 715 3112 sunt
750 3015 799 3087 ibi
826 3014 1006 3087 duodecim
1032 3013 1144 3105 lanei,
1170 3014 1207 3086 in
1233 3013 1334 3086 novis
1361 3013 1475 3104 egris,
1501 3018 1539 3085 et
1564 3032 1636 3087 nna
1660 3009 1811 3105 Μ

257 3135 390 3210 hebens
415 3156 519 3228 agros
543 3136 580 3207 in
606 3135 716 3227 novis,
744 3135 787 3208 de
815 3136 940 3228 quibus
957 3134 1149 3209 decimatur
1166 3134 1329 3226 episcopo
1347 3114 1579 3223 Oratoriensi
1596 3132 1697 3205 caius
1713 3129 1810 3211 *ιιι

258 3255 408 3337 adacto
434 3277 570 3329 marcas
605 3256 818 3329 aestimatur.
857 3256 946 3328 Item
982 3261 1037 3329 est
1063 3256 1112 3329 ibi
1139 3248 1319 3356 praedium
1345 3254 1514 3345 militare,
1541 3253 1627 3326 item
1653 3249 1811 3325 scoltetia

259 3376 390 3449 hebens
417 3377 504 3450 duos
530 3378 651 3449 laneos
678 3396 754 3449 oum
780 3375 906 3468 medio,
932 3377 1017 3455 item
1042 3381 1116 3448 tres
1133 3375 1300 3448 tabernae
1326 3374 1496 3449 babentes
1522 3393 1643 3465 agros,v
1664 3379 1703 3445 et
1718 3368 1810 3449 deti·

261 3502 375 3570 matur
406 3497 449 3569 de
485 3497 554 3571 illis
590 3496 739 3590 plebano
775 3497 810 3569 in
845 3492 1039 3588 Opolye,
1075 3497 1174 3570 cuins
1207 3495 1305 3568 valor
1335 3496 1545 3568 aestimatm
1579 3493 1627 3567 ad
1662 3497 1809 3586 quam

261 3635 403 3688 mareas.

363 3735 513 3827 Keurrr,
540 3736 622 3808 villa
648 3737 713 3809 snb
739 3736 904 3827 parochia
931 3736 974 3808 de
999 3736 1278 3829 Ppotraur-yn
1304 3737 1391 3826 sita,
1418 3735 1515 3811 cuias
1541 3735 1742 3826 proprietas
1766 3731 1810 3806 aa

261 3856 515 3931 serenissimum
543 3856 708 3959 Poloniae
734 3877 850 3949 regem
877 3857 1039 3948 pertinet
1065 3857 1202 3953 lnrqna
1228 3862 1311 3929 sunt
1335 3856 1429 3929 lanei
1454 3854 1702 3944 cmetbonales,
1727 3853 1809 3926 item

260 3976 440 4067 tabernae,
466 3975 816 4077 itemsbortnlaniae
843 3978 886 4050 de
913 3957 1047 4070 quibus
1067 3978 1226 4051 omnibns
1253 3976 1401 4050 solvitur
1427 3975 1559 4048 decima
1585 3973 1810 4067 manipulas-'a

260 4103 296 4168 et
321 4097 496 4187 canapalis
523 4097 688 4196 ecclesiae
715 4100 751 4171 in
777 4098 1065 4191 Pyotrawyn,
1088 4105 1129 4172 et
1146 4099 1244 4170 valor
1262 4099 1336 4170 eius
1355 4097 1400 4168 ad
1418 4096 1536 4170 decem
1554 4115 1691 4170 marcas
1707 4094 1810 4167 aesti-

263 4222 386 4290 matur.
425 4218 513 4290 Item
547 4219 584 4290 in
611 4218 730 4292 eadem
757 4218 923 4292 rillaest
947 4219 1043 4291 lacus
1070 4219 1115 4290 ad
1141 4218 1321 4291 ecclesiam
1346 4216 1678 4310 in÷Pyatrarriu
1702 4216 1809 4308 perti·

173 4402 176 4407 .
261 4357 356 4429 nens,
383 4339 475 4429 quod
501 4360 524 4410 a
549 4339 684 4411 Visla
709 4339 887 4430 irrigatur⁷
911 4339 1180 4412 foecunditatem
1205 4339 1349 4430 piscium
1375 4339 1579 4431 producens

365 4455 533 4549 Gnosso,
560 4459 643 4530 villa
668 4460 732 4532 sub
758 4459 923 4550 parochia
949 4459 992 4531 de
1018 4459 1286 4551 Pyotrawin
1314 4461 1393 4550 sita,
1419 4460 1516 4533 cuins
1531 4459 1742 4551 proprietas
1767 4456 1810 4531 ad

190 4592 197 4600 ·
264 4578 510 4650 monasterinm
536 4578 683 4651 Sanctae
710 4579 830 4652 Crucis
857 4579 992 4653 Calvi
1018 4580 1194 4652 Montis
1219 4582 1380 4671 pertinet.
1406 4580 1447 4652 In
1474 4558 1544 4671 qua
1569 4585 1652 4652 sunt
1669 4576 1810 4672 quinde-

262 4697 328 4770 cim
363 4698 455 4771 lanei
490 4701 740 4791 cmethonales‚
776 4701 819 4773 de
857 4703 981 4792 quibus
1017 4703 1175 4774 omnibns
1211 4702 1361 4775 solvitur
1387 4707 1424 4774 et
1449 4701 1654 4775 conducitur
1680 4699 1810 4774 decima

127 4855 130 4859 J
263 4819 487 4912 manipularis
522 4828 559 4894 et
584 4823 759 4914 canapalis
785 4843 849 4915 pro
876 4824 1089 4898 monasterio
1116 4822 1265 4897 Sanctae
1292 4822 1430 4915 Crucis,
1457 4824 1558 4896 cuius
1584 4822 1684 4895 valor
1709 4820 1810 4896 aesti-¹

262 4947 379 5015 matur
405 4997 413 5012 .
440 4996 447 5011 .
476 4997 484 5013 .

658 5110 661 5116 ·
798 5094 826 5123 ·,
873 5066 1208 5139 Dznnsznowrczn.

368 5183 462 5255 Villa
488 5184 620 5258 habens
647 5186 683 5258 in
710 5206 748 5259 se
774 5186 956 5260 ecclesiam
982 5186 1214 5278 parochialem
1232 5185 1391 5276 ligneam
1408 5184 1536 5257 Sancta
1554 5183 1699 5258 Nicolao
1718 5182 1810 5257 dica·

265 5310 346 5392 tam,
372 5303 472 5376 onius
497 5305 634 5378 collatio
662 5306 706 5376 ad
731 5307 948 5380 maiestatem
975 5307 1107 5398 regiam
1134 5306 1294 5397 pertinet
1333 5306 1374 5378 In
1402 5326 1470 5398 qua
1497 5309 1579 5377 sunt
1603 5303 1697 5377 lanei
1724 5323 1811 5378 erne

265 5423 433 5515 thonalea
460 5425 504 5499 de
531 5426 655 5519 quibas
683 5427 864 5500 solvitur.
892 5482 900 5499 .
928 5483 934 5498 .

927 5548 1155 5641 Unzannow.

368 5665 540 5760 Oppidum
567 5668 698 5741 habens
724 5669 760 5739 in
788 5689 826 5755 se
851 5669 1083 5761 parochialem
1109 5668 1289 5740 ecclesiam
1308 5721 1316 5738 .
1343 5722 1351 5737 .
1378 5722 1385 5739 .
1413 5667 1539 5741 Sancto
1557 5666 1703 5741 Nicolao
1721 5666 1813 5739 dica·

265 5797 346 5883 tam,
373 5789 471 5862 cuias
497 5791 693 5883 proprietas
721 5795 775 5863 est
800 5791 994 5864 maiestatis
1021 5791 1147 5882 regiae
1179 5789 1219 5861 In
1246 5810 1315 5882 qua
1341 5795 1423 5862 sunt
1448 5789 1541 5861 lanei
1567 5787 1813 5876 cmetbonalea

266 5910 310 5983 de
337 5912 462 6004 quibus
490 5968 497 5982 .
525 5968 531 5981 .
560 5968 567 5982 .

907 6034 1172 6108 Pornowrczr.

368 6154 463 6228 Villa
489 6155 621 6227 habens
647 6156 683 6226 in
710 6175 747 6226 se
773 6155 1008 6247 parochialem
1033 6155 1214 6227 ecclesiam
1239 6155 1397 6246 ligneam,
1424 6154 1573 6226 Sanctae
1600 6151 1703 6226 Ornoi
1720 6151 1814 6225 dica*

265 6285 347 6370 tam,
374 6278 471 6350 ouius
497 6276 636 6367 patroni
654 6275 696 6346 de
714 6277 819 6348 armis
837 6276 1113 6368 Polnlrozye‚
1131 6275 1292 6348 videlicet
1310 6274 1489 6348 Jobannes
1508 6273 1815 6368 Ozisrowskp,

267 6406 302 6469 et
328 6394 369 6469 'eo
395 6405 533 6471 mortno
559 6395 712 6470 lacobus
739 6383 1288 6490 etZamiuaMed'zigorsky
1315 6395 1477 6470 dedomo
1496 6395 1815 6488 Bippennium.

266 6515 307 6587 ln
332 6535 401 6607 qna
436 6514 536 6611 sunt,
561 6525 597 6591 et
632 6519 669 6590 in
704 6516 787 6592 rilla
821 6518 1017 6593 immediate
1045 6517 1258 6610 subscripta,
1283 6524 1421 6591 centnm
1447 6515 1697 6609 qninqmginta
1722 6514 1817 6619 lausi
