4200 8342
1717 1628 1791 1700 281

788 1861 792 1872 ·
904 1828 1139 1900 Nocznown:

343 1945 438 2018 Villa
455 1946 837 2036 habeusparochialem
854 1950 1033 2021 ecclesiam
1051 1952 1088 2032 in
1105 1969 1143 2021 se
1160 1949 1320 2042 ligneam,
1341 1950 1447 2024 Sanot
1458 2007 1465 2022 .
1476 2006 1501 2022 ..
1520 1951 1666 2024 dicatam
1695 1931 1792 2027 cuius

239 2070 363 2141 haeres
375 2065 534 2159 Spythku
551 2067 575 2137 J
584 2067 844 2140 aroslawsk
854 2091 885 2160 y,
903 2071 1077 2162 palatinus
1091 2070 1396 2161 Sandomiriensis,
1415 2072 1573 2146 dedomo
1600 2074 1680 2146 Lel
1690 2097 1794 2167 ywa.

240 2191 281 2263 In
309 2209 379 2280 qua
404 2192 492 2260 sunt
513 2188 659 2279 triginta
684 2193 758 2260 tres
784 2190 878 2261 lanei
904 2196 940 2261 et
965 2191 1055 2262 duae
1072 2194 1210 2282 virgae,
1236 2193 1280 2264 de
1308 2194 1431 2284 quibus
1458 2194 1605 2266 solvitur
1631 2217 1694 2285 pro
1722 2198 1794 2286 epi-

244 2315 387 2401 scopatu
414 2308 636 2381 cracoviensi
663 2308 800 2404 decima
814 2311 1013 2401 pecunialis,
1041 2310 1084 2382 de
1094 2313 1259 2416 'quolibet
1284 2314 1384 2408 laneo
1412 2335 1598 2404 perunum
1624 2317 1794 2390 lertonem
1889 2336 1891 2340 ·

243 2432 391 2504 lotorum
417 2450 615 2521 grossorum
634 2428 878 2519 Prageusium:
906 2432 987 2503 item
1007 2437 1062 2503 est
1079 2433 1129 2503 ibi
1146 2433 1323 2523 scoltetia,
1350 2434 1483 2506 habens
1502 2456 1605 2525 agros
1623 2439 1793 2527 proprios,

244 2553 286 2624 de
306 2551 553 2642 quibussolvit
572 2550 738 2623 decimam
749 2606 756 2622 .
767 2606 774 2620 .
785 2574 802 2638 .;
824 2552 907 2624 item
926 2554 1072 2625 ecclesia
1088 2559 1124 2624 et
1141 2554 1308 2644 plebanus
1324 2554 1431 2626 habet
1447 2556 1498 2627 ibi
1515 2576 1618 2646 agros
1632 2558 1793 2647 proprios

245 2675 381 2746 liberos.
399 2679 437 2744 et
461 2678 583 2762 prata,
610 2693 674 2762 pro
701 2693 764 2745 suo
791 2693 856 2746 usu
882 2678 920 2745 et
946 2673 1163 2745 necessitate.

342 2793 610 2882 stzuvown,
645 2793 729 2864 villa
763 2795 827 2865 sub
854 2796 1020 2884 parochia
1037 2778 1093 2867 ¹de
1121 2795 1380 2872 Noczkova
1416 2798 1502 2886 sita,
1538 2798 1634 2868 cuius
1659 2798 1792 2870 haeres

242 2916 397 3007 Spythelr
422 2912 599 3005 praelatus
624 2914 648 2984 J
658 2915 956 3007 aroslawsky.
982 2916 1023 2986 In
1051 2937 1120 3006 qua
1140 2920 1230 2990 ¹sunt
1254 2916 1403 2988 sedecim
1429 2917 1521 2988 lanei
1548 2919 1791 3008 cmethonales,

241 3038 284 3109 de
311 3036 435 3127 quibus
462 3035 594 3106 decima
620 3036 766 3107 solvitur
802 3037 993 3127 pecunialis
1019 3058 1083 3127 per
1109 3037 1279 3110 fertonem
1314 3038 1463 3108 latorum
1501 3059 1701 3128 grossorum
1728 3061 1792 3129 pro

239 3161 401 3249 episcopo
436 3156 676 3245 Cracovicnsi3
711 3158 795 3232 item
827 3165 883 3230 est
917 3159 967 3230 ibi
993 3158 1171 3247 scoltetia,
1208 3158 1338 3230 habens
1374 3158 1491 3231 laneos
1527 3158 1712 3250 speciales,
1747 3160 1792 3231 de

100 3269 104 3278 ’
240 3280 364 3371 quibus
391 3279 495 3354 solvit
520 3277 759 3352 decimam...

344 3399 619 3488 Wrnnczvauv,
647 3399 729 3470 villa
750 3400 819 3476 ¹sub
837 3400 1004 3490 parochia
1030 3400 1074 3470 de
1100 3395 1334 3472 Noczlrowa
1361 3400 1428 3470 sita
1437 3351 1453 3488 ,Ι
1473 3361 1568 3472 cuius
1596 3401 1791 3491 proprietas

245 3522 288 3592 ad
315 3519 578 3592 castellanetam
613 3519 926 3593 Sau'domiriensem
952 3540 1016 3610 pro
1044 3526 1200 3611 tempore
1236 3521 1396 3612 pertinet.
1431 3520 1472 3592 In
1500 3541 1568 3611 qua
1594 3525 1675 3592 sunt
1700 3520 1793 3592 lanei

243 3640 485 3730 emethonalcs,
511 3640 555 3710 de
583 3640 706 3731 quihus
733 3641 879 3713 solvitur
906 3641 1039 3712 decima
1058 3695 1172 3711 .....

344 4124 440 4195 Villa
458 4123 596 4220 *habeus
622 4125 659 4196 in
685 4144 722 4197 se
749 4087 982 4216 parochialem
1008 4122 1207 4211 ecclesiam,
1234 4120 1266 4194 S.
1277 4121 1408 4195 Jacubo
1436 4121 1605 4213 Apostolo
1633 4122 1785 4194 dicatam

113 4291 116 4298 -
243 4247 412 4336 ligneam,
439 4245 536 4316 cuius
563 4243 805 4318 serenissimus
830 4244 996 4318 Poloniae
1023 4264 1087 4316 rex
1112 4244 1237 4314 haeres
1263 4250 1299 4315 et
1326 4242 1485 4315 dominus
1512 4248 1595 4333 est,·
1608 4246 1646 4316 et
1672 4242 1792 4316 unicus

241 4367 386 4444 collator
411 4372 449 4444 et
473 4370 662 4455 patronus3
696 4366 782 4438 item
818 4365 962 4437 suntin
989 4364 1109 4438 eadem
1136 4364 1222 4436 villa
1256 4385 1318 4462 sen
1344 4364 1440 4446 lanei¹
1471 4363 1721 4452 emetbonaleS,
1748 4362 1791 4436 de

242 4489 365 4578 quibus
393 4487 538 4577 quilibet
564 4488 700 4562 emetho
727 4487 772 4559 de
798 4488 907 4576 laneo,
934 4492 1075 4564 tenetur
1102 4485 1184 4558 dare
1212 4485 1359 4575 plebano
1377 4487 1413 4557 iu
1432 4483 1544 4558 Gora
1571 4506 1676 4556 unurn
1693 4504 1793 4574 gros·

241 4629 325 4698 sum,
352 4615 387 4678 et
413 4629 475 4680 sex
502 4607 627 4679 choros
653 4608 802 4698 siliginis
829 4615 865 4681 et
892 4629 953 4680 sex
981 4629 1129 4697 avenae3
1154 4608 1237 4679 item
1265 4614 1347 4679 sunt
1365 4608 1413 4679 ibi
1432 4606 1693 4698 quatuordecim
1711 4606 1793 4677 hor-

242 4730 404 4820 tulaniae,
430 4735 468 4800 et
494 4729 669 4819 quaelibet
687 4730 792 4803 solvit
812 4730 1016 4821 plebano-in
1035 4728 1158 4802 Gora
1183 4750 1247 4819 pro
1267 4749 1381 4818 censu,
1408 4728 1467 4818 qui
1486 4732 1628 4798 vocatur
1653 4724 1792 4815 opace,

243 4856 316 4921 tres
341 4872 503 4941 grossos3
531 4851 613 4921 item
640 4850 786 4922 ecclesia
803 4855 840 4922 et
857 4851 1025 4940 plebanus
1051 4851 1159 4922 habet
1184 4870 1248 4940 pro
1275 4848 1356 4919 doto
1383 4868 1486 4937 agros
1513 4848 1683 4937 proprios,
1709 4848 1793 4916 item

241 4992 344 5041 unum
372 4975 521 5059 pratum,
547 4970 631 5042 item
657 4970 817 5059 piscinas,
844 4970 927 5041 item
953 4973 989 5041 et
1014 4969 1196 5070 tabernam
1218 4989 1331 5056 uuam,
1359 4987 1447 5058 quae
1472 4987 1541 5038 non
1559 4966 1665 5037 babet
1681 4985 1793 5054 agros,

243 5092 303 5162 sed
330 5091 510 5162 cervisiam
545 5090 725 5180 propinat,
760 5095 798 5161 et
824 5089 943 5160 vendit
979 5108 1119 5177 carnes,
1156 5108 1244 5179 quac
1277 5086 1380 5159 solvit
1414 5086 1561 5177 plebano
1597 5107 1661 5175 pro
1687 5105 1793 5157 ceusu

242 5211 329 5284 duas
355 5229 499 5301 marcas,
519 5216 561 5284 et
587 5232 693 5281 unum
719 5209 869 5301 lapidem
897 5210 987 5300 sepi,
1013 5212 1050 5281 et
1075 5208 1211 5299 quoties
1237 5212 1368 5279 mactat
1394 5227 1517 5298 pecus,
1544 5210 1683 5279 tenetur
1708 5206 1792 5277 dare
1842 5201 1846 5207 ’

248 5332 397 5422 plebano
423 5336 583 5423 quartam
609 5337 745 5423 partem
780 5349 994 5421 omasorum,
1029 5333 1066 5401 ct
1092 5328 1228 5428 quando
1263 5329 1443 5402 cervisiam
1468 5327 1609 5426 braxat,
1636 5331 1795 5419 quartam

242 5454 465 5544 siliquarum3
500 5452 584 5525 item
609 5456 750 5526 terimur
776 5452 851 5524 siue
877 5451 991 5543 pretio
1018 5471 1083 5542 pro
1110 5451 1257 5541 plebano
1294 5449 1472 5541 quodlibet
1497 5469 1602 5541 pecus
1629 5448 1793 5527 occidere:

243 5573 326 5645 item
352 5553 390 5646 in
416 5571 536 5645 eadem
562 5571 645 5645 villa
671 5573 820 5647 solvitur
846 5571 989 5646 decima·
1005 5558 1235 5663 manipularis
1259 5591 1322 5661 pro
1350 5570 1495 5643 ecclesia
1521 5576 1558 5642 et
1583 5569 1729 5659 plebano
1756 5569 1793 5637 in

241 5693 578 5785 Sandnischou.
642 5744 674 5765 -.

347 5812 461 5886 Nova
486 5813 738 5904 Zaooazmzn,
766 5814 849 5886 villa
874 5811 938 5887 sub
964 5811 1132 5904 parochia
1157 5810 1200 5883 de
1223 5808 1332 5883 Gora
1358 5810 1446 5899 sita,
1473 5808 1570 5879 cuius
1596 5805 1794 5897 proprietas
1870 5906 1880 5916 .

242 5936 286 6008 ad
311 5933 571 6008 serenissimum
592 5934 772 6007 .Poloniae
799 5954 916 6025 regern
950 5932 1111 6024 pertinet
1152 5931 1193 6003 ln
1220 5950 1289 6023 qua
1314 5936 1395 6001 sunt
1421 5928 1490 5999 duo
1516 5925 1608 5998 lanei
1641 5925 1805 6034 emetha-f

243 6056 359 6149 nules,
385 6055 581 6146 dequibus
608 6054 756 6129 solvitur
782 6053 915 6134 decima
940 6051 1140 6142 tertonalis,
1175 6069 1257 6143 pars
1284 6069 1347 6140 pro
1374 6046 1536 6138 episcopo
1563 6044 1794 6137 Gracoviensi,

243 6197 324 6268 pars
351 6197 416 6268 pro
442 6175 590 6268 plebano
616 6176 654 6246 in
681 6173 1033 6264 Sandzischov3
1060 6173 1144 6245 item
1171 6173 1225 6266 est
1250 6168 1300 6240 ibi
1326 6167 1484 6240 scoltetia
1508 6187 1586 6240 una.

308 6309 314 6320 ·
348 6298 536 6380 Auriana
552 6296 805 6386 Znnonmczn,
832 6291 916 6366 villa
942 6293 1007 6366 sub
1048 6290 1192 6364 arochia
1213 6287 1378 6361 ecclesiae
1396 6286 1439 6361 de
1458 6284 1569 6363 Gora
1594 6287 1670 6377 sita,
1697 6287 1795 6382 cuips'

246 6418 442 6509 proprietas
469 6418 514 6490 ad
539 6391 797 6490 serenissimum
824 6414 989 6492 Poloniae
1026 6489 1029 6494 ,
1097 6430 1130 6481 m
1158 6393 1318 6501 pertinet
1343 6408 1385 6482 In
1404 6430 1472 6501 qua
1490 6413 1572 6483 sunt
1597 6408 1689 6480 lanei
1705 6428 1794 6481 cme-

243 6538 419 6628 thonales,
437 6538 481 6610 de
499 6538 624 6629 quibus
636 6535 786 6612 solvitur
803 6534 938 6630 decima
948 6530 1174 6626 manipularis
1187 6517 1314 6622 partim
1331 6530 1546 6622 episcopatui
1559 6527 1795 6620 Gracovicnsi‚

348 6704 397 6748 uu.
410 6702 507 6746 Mada.
521 6704 558 6748 11.
1587 6659 1625 6709 ³6
