4200 8342
368 1824 644 1904 Gnanzrurcza
670 1814 858 1907 Jonnums
878 1888 1074 1905 ........

367 1950 842 2027 Smnnnrsnxa‘........

943 2075 1130 2152 Lauezun.
1368 2147 1372 2154 .

365 2195 538 2286 Oppidum
565 2197 697 2268 habens
724 2198 759 2268 ln
779 2219 816 2269 se
844 2198 1023 2269 eeclesiam
1051 2197 1283 2289 parochialem
1310 2199 1476 2288 ligneam,
1505 2197 1651 2270 Sanctae
1678 2196 1814 2270 Mariae

260 2314 490 2406 Magdalenae
516 2317 683 2408 dicatam,
711 2320 807 2390 culus
825 2321 1022 2411 proprietas
1042 2320 1086 2390 ad
1104 2320 1314 2391 Stanislanm
1342 2318 1663 2411 Thanczinsky
1689 2320 1813 2391 castel-

260 2437 373 2508 lanum
403 2437 701 2530 Woynicziensem
738 2440 900 2530 pertinet.
926 2441 967 2512 In
995 2462 1063 2532 quo
1091 2446 1172 2512 sunt
1198 2441 1288 2511 lanei
1326 2440 1590 2530 oppidanorum,
1619 2441 1814 2532 dequibus

260 2559 406 2631 solvitur
443 2566 479 2630 et
506 2560 711 2634 conducitur
737 2560 870 2633 decima
905 2563 1131 2652 manipularis
1169 2570 1205 2633 et
1232 2561 1407 2652 canapalis
1435 2582 1498 2652 pro
1641 2562 1730 2633 Item
1749 2546 1811 2635 ¹est

259 2679 309 2751 ibi
344 2700 450 2751 unum
485 2680 666 2771 praedium
700 2683 869 2772 militare,
906 2682 951 2754 de
977 2682 1073 2754 cuins
1110 2683 1205 2773 agris
1241 2682 1387 2753 solvitur
1423 2683 1557 2775 decima
1584 2683 1821 2773 manipularis.

261 2801 425 2873 eeclesiae
460 2803 497 2873 in
524 2802 754 2894 Lanczna,
774 2806 888 2875 cuius
924 2804 1022 2909 valor
1048 2804 1253 2875 aesIImatnr
1288 2804 1332 2875 ad
1361 2811 1510 2895 quatuor
1537 2825 1681 2876 mareas.
1721 2804 1811 2875 Item

261 2922 404 2994 ecclesIa
431 2924 538 2996 habet
566 2924 616 2997 ibi
641 2925 802 3018 proprios
828 2946 933 3016 agros
960 2926 1088 2997 liberos
1116 2932 1152 2997 et
1178 2931 1297 3017 prate,
1334 2947 1397 3017 pro
1426 2947 1488 2997 suo
1520 2926 1662 3016 praedm
1690 2933 1726 2997 et
1754 2947 1812 2997 ne-

260 3045 433 3117 cessitate.
926 3076 929 3081 ·
1427 3057 1429 3061 ’
1577 3048 1581 3063 ’

364 3162 625 3259 Omenowsar
654 3184 881 3261 aneununu
905 3241 1099 3258 ........

369 3302 564 3378 Seuerum
584 3362 777 3380 ........
826 3332 829 3337 ·
858 3402 862 3407 .

367 3424 609 3501 Oeennnnnw
627 3485 821 3502 ........

363 3530 658 3624 Iimmrenezow
677 3605 873 3624 ........

877 3820 880 3825 -
917 3775 1155 3850 Brsuumezu.
1263 3788 1267 3796 '

362 3895 535 3989 Oppidum
560 3898 693 3971 habens
718 3892 950 3989 parochialem
978 3899 1157 3970 ecelesiam
1183 3897 1333 3989 ligneam
1360 3897 1396 3966 in
1415 3917 1468 3986 se,
1497 3895 1622 3967 Sancto
1641 3896 1812 3967 Stanislao

264 4017 427 4108 dicatam3
452 4040 516 4110 per
541 4018 652 4091 lelieis
666 4012 864 4093 'memoriae
891 4003 971 4095 Sbi
976 4040 1137 4111 gneum
1165 4018 1373 4090 cardinalem
1402 4023 1437 4088 et
1462 4018 1659 4107 episcopum
1687 4015 1813 4088 Gnaeo-

260 4141 431 4238 viensenr,
468 4144 558 4213 anno
584 4140 724 4213 Domini
754 4140 865 4215 1444.
882 4138 1137 4215 diedoninicn
1163 4145 1244 4211 ante
1271 4138 1398 4210 festum
1425 4138 1552 4208 natalis
1580 4136 1711 4209 Christi
1737 4137 1812 4208 lun-

258 4260 357 4352 data,
385 4260 523 4354 dotata,
560 4261 683 4337 dicata.
717 4244 764 4333 'In
800 4282 868 4354 qno
894 4269 976 4335 sunt
1011 4263 1136 4353 viginti
1172 4262 1262 4332 lanei
1299 4260 1569 4350 oppidanorum,
1605 4259 1648 4330 de
1685 4259 1809 4350 quibus

258 4382 406 4455 solvitur
441 4391 478 4455 et
504 4383 707 4457 conducitur
735 4384 867 4455 decima
902 4385 1126 4474 manipularis
1163 4405 1224 4474 pro
1262 4383 1462 4472 episcopatu
1499 4379 1738 4470 Graeoviensi,
1775 4382 1809 4450 in

258 4504 418 4576 horreum
455 4505 667 4597 episcopale,
703 4513 739 4577 et
765 4507 863 4577 valor
899 4508 973 4578 eius
1010 4507 1214 4578 aestimatur
1249 4504 1292 4576 ad
1315 4503 1500 4576 ¹duodecim
1537 4523 1680 4591 marcas.
1721 4502 1808 4573 Item

260 4626 404 4698 ecclesIa
430 4635 466 4698 et
484 4628 651 4717 plebanus
679 4629 808 4703 habent
835 4629 883 4700 ibi
911 4629 1078 4719 speciales
1105 4649 1207 4719 agros
1235 4627 1395 4717 propn'os
1422 4632 1458 4696 et
1484 4631 1600 4715 prata,
1628 4629 1663 4694 et
1683 4624 1810 4694 'hortos

259 4754 294 4825 et
310 4749 461 4838 piscinas
488 4769 551 4839 pro
580 4771 642 4820 sna
668 4752 894 4840 necessitate,
921 4751 1064 4840 praedio
1091 4756 1127 4821 et
1145 4771 1219 4820 usu
1260 4749 1346 4818 Item
1375 4754 1429 4816 est
1456 4747 1503 4816 ibi
1531 4732 1708 4833 praedium
1738 4745 1809 4833 epi-

259 4868 409 4960 scopale,
437 4870 479 4941 de
499 4871 596 4941 curius
623 4872 718 4960 agris
744 4872 889 4942 solvitur
908 4872 1040 4942 decima
1068 4868 1294 4959 manipularIs
1322 4889 1384 4958 pro
1413 4867 1558 4938 ecclesia
1586 4866 1620 4935 iu
1649 4865 1810 4934 Bisku-

258 4992 406 5082 picze,
443 4998 478 5064 et
505 4993 602 5064 valor
630 4994 704 5063 eius
732 4994 935 5064 aestinmtur
971 4992 1193 5081 ad-quatuor
1219 5010 1363 5060 mareas.
1407 4989 1493 5059 Item
1522 4993 1575 5058 est
1603 4987 1650 5058 ibi
1678 4986 1809 5080 optima

256 5111 406 5202 placina,
433 5133 496 5203 per
532 5111 777 5202 Sbigueum
805 5115 1003 5203 episcopum
1034 5112 1071 5182 in
1097 5111 1236 5181 flumine
1266 5109 1474 5181 Gelezew
1502 5130 1578 5180 cum
1606 5107 1805 5180 molendino

259 5232 456 5325 aedificata,
485 5235 519 5305 in
548 5234 614 5326 qua
641 5232 808 5326 plebanus
836 5235 980 5306 liberam
1008 5234 1116 5305 habet
1141 5231 1364 5304 molitionem.
1442 5313 1444 5317 ,

363 5355 602 5445 annumczn,
638 5357 721 5427 villa
756 5357 854 5427 iuxta
889 5356 1029 5427 fiuvium
1059 5353 1274 5427 'Gelczew
1300 5356 1387 5445 sita,
1415 5352 1512 5425 cuius
1539 5352 1734 5444 proprietas
1761 5353 1804 5423 ad

258 5478 491 5568 episcopatum
520 5478 783 5552 Oracoviensem
811 5478 998 5570 pertinens,
1025 5477 1123 5549 sistit
1144 5479 1208 5555 sub
1236 5477 1399 5568 parochia
1425 5475 1591 5547 eeclesIae
1618 5473 1662 5546 de
1681 5474 1807 5564 oppido

258 5596 545 5690 Biskupieze.
573 5602 612 5672 In
638 5623 709 5704 ¹qua
737 5608 817 5672 sunt
844 5622 966 5673 novem
994 5621 1071 5672 eum
1093 5601 1212 5672 medio
1238 5599 1329 5671 lanei
1358 5576 1599 5686 emethonales,
1618 5597 1701 5667 item
1720 5579 1807 5666 seol-

257 5722 345 5792 tetia
371 5723 503 5793 habens
539 5728 612 5794 tres
640 5724 776 5814 laneOS,
804 5711 908 5795 unam
933 5723 1114 5794 tabernam
1142 5729 1177 5794 et
1203 5743 1314 5814 unam¹
1333 5720 1586 5808 hortulaniam,
1614 5716 1808 5808 dequibus

259 5843 418 5914 omnibus
446 5844 593 5915 solvitur
620 5852 655 5916 et
683 5846 884 5916 conducitur
911 5844 1044 5916 deeIma
1075 5844 1300 5934 manipularis
1328 5865 1391 5933 pro
1419 5842 1622 5932 epIseopatu
1649 5837 1809 5910 Groeovi-
1906 5921 1911 5929 Ι

258 5964 342 6052 ensi,
370 5964 466 6035 euius
494 5965 591 6037 valor
618 5969 822 6039 aestimatur
850 5967 893 6038 ad
921 5967 1037 6038 decem
1066 5957 1209 6038 marcas.

264 6120 272 6131 ,
362 6085 507 6157 Sunozn
545 6089 631 6160 alias
665 6089 897 6180 annzrezn,
923 6090 1006 6161 villa
1042 6088 1106 6161 sub
1142 6086 1311 6177 parochia
1343 6085 1386 6156 de
1418 6084 1701 6175 BIskupie-ze
1729 6082 1806 6172 sita,
1852 6160 1855 6164 ,

258 6207 354 6279 cuins
381 6209 629 6299 proprietatem
648 6210 885 6301 ,Sbigneus
914 6192 1153 6282 Craeoviensis
1180 6209 1361 6299 episeopus
1389 6226 1515 6295 emens,
1543 6225 1605 6276 suo
1632 6206 1807 6295 episcopa-

256 6332 308 6403 tui
336 6336 503 6422 perpetuo
532 6332 698 6404 adiunxit.
738 6334 778 6404 In
807 6355 875 6424 qua
902 6339 983 6405 sunt
999 6338 1086 6406 -oeto
1114 6331 1206 6403 lanei
1234 6330 1485 6419 emethonales,
1512 6328 1596 6399 item
1624 6346 1693 6398 nna
1719 6325 1806 6397 scol-

257 6454 344 6524 tetia
370 6453 503 6525 habens
529 6476 634 6526 unum
662 6455 814 6545 laneum,
842 6456 884 6526 de
913 6455 1037 6546 quibus
1056 6454 1214 6525 omnibns
1233 6452 1380 6523 solvitur
1399 6458 1435 6521 et
1453 6449 1659 6521 conducitur
1676 6446 1808 6519 decima

257 6575 483 6665 manipularis
511 6582 546 6648 et
573 6577 749 6668 cenapoli's
776 6598 840 6668 pro
867 6578 1069 6667 episcopatu
1092 6575 1322 6665 cracoviensi,
1341 6580 1377 6645 et
1395 6572 1494 6645 valor
1511 6572 1585 6644 eius
1604 6569 1807 6642 aestimatur
