4200 8342
1662 1655 1736 1728 263

185 1860 336 1934 taberna
361 1860 493 1931 habens
520 1878 633 1950 agros,
659 1861 702 1930 de
730 1860 855 1950 quibus
882 1859 1040 1932 omnibus
1067 1860 1216 1933 soluitur
1232 1866 1269 1931 et
1287 1860 1491 1933 conducitur
1517 1860 1740 1933 decimama-

186 1972 361 2071 nipularis
384 1986 420 2051 et
446 1980 622 2069 canapalis
649 2000 712 2069 pra
740 1982 886 2052 ecclesia
912 1983 947 2053 iu
974 1980 1221 2071 Dambycza,
1247 1989 1284 2053 et
1310 1982 1408 2053 valor
1434 1982 1508 2052 eius
1535 1983 1741 2053 aestimatur

186 2100 232 2173 ad
258 2108 411 2192 quatuor
445 2090 613 2189 marcas,
631 2106 773 2191 praeter
798 2121 926 2192 paucos
958 2122 1078 2192 agros,
1114 2101 1157 2172 de
1184 2103 1308 2192 quibus
1344 2101 1491 2175 solvitur
1517 2098 1650 2174 decima
1675 2123 1739 2193 pra

186 2221 350 2312 episcopo
377 2220 619 2310 cracoviensi,
646 2222 745 2293 auius
771 2223 870 2294 valor
896 2224 1102 2293 aestimatur
1128 2222 1171 2292 ad
1198 2226 1271 2292 tres
1298 2221 1459 2309 fertones.
1495 2222 1582 2294 ltem
1609 2230 1665 2295 est
1690 2224 1739 2294 ibi
1806 2248 1808 2252 ·

186 2343 381 2415 aratorium
408 2362 513 2413 unum
539 2341 706 2432 lignenm,
742 2341 869 2414 Sancto
896 2342 1068 2414 Stanislao
1100 2343 1250 2434 Martyri
1277 2350 1313 2414 et
1339 2343 1493 2433 pontifici
1521 2343 1740 2417 Gracaviensi

185 2462 349 2554 dicatum
375 2462 421 2535 ad
447 2462 538 2553 quad
564 2436 605 2534 iit
631 2483 818 2534 concursus
844 2465 880 2535 in
907 2470 1056 2553 utroque
1081 2458 1170 2534 festo
1198 2463 1316 2535 Sancti
1342 2463 1526 2551 Stauislai‚
1553 2464 1738 2535 multorum

187 2576 415 2675 populorum,
450 2589 487 2654 et
512 2583 662 2673 plurima
687 2584 774 2655 fiunt
800 2585 849 2656 ibi
876 2585 921 2655 ad
947 2585 1200 2659 invocationem
1236 2584 1352 2655 Sancti
1384 2584 1548 2654 Stauislai
1573 2580 1741 2674 prodigia,

188 2710 226 2777 et
251 2724 373 2777 omues
398 2703 590 2777 oblationes
620 2705 675 2775 ·il›i
710 2704 837 2794 factas,
873 2706 966 2777 tollit
1000 2706 1169 2795 plebanus
1204 2704 1249 2776 de
1274 2704 1538 2796 Dambycza.
1573 2703 1659 2776 Item
1686 2712 1741 2777 est

187 2824 240 2898 ibi
263 2824 426 2897 scoltetia
451 2818 591 2897 ‘habens
631 2846 753 2916 agros,
785 2828 829 2897 dc
857 2827 980 2916 quibus
1006 2847 1072 2915 pro
1099 2826 1231 2897 decima
1267 2825 1449 2897 solvuntur
1484 2826 1601 2897 decem
1627 2827 1741 2915 grossi

188 2944 356 3017 ecclesiae
384 2946 418 3016 in
446 2946 708 3036 Dambycza.

292 3058 579 3156 Nooawczu'uA,
614 3059 697 3140 villa
727 3068 791 3138 sul
818 3060 983 3157 parochia
1009 3066 1052 3138 de
1079 3067 1337 3157 Dambycza
1372 3068 1458 3157 sita,
1494 3068 1590 3139 auius
1617 3066 1740 3139 haeres

189 3182 344 3259 lacobus
370 3185 659 3279 Trzeczeslry
686 3188 729 3258 de
756 3188 857 3259 domo
892 3187 1172 3277 Streparum.
1208 3187 1247 3258 ln
1276 3208 1344 3278 qua
1369 3193 1450 3259 sunt
1476 3188 1566 3260 lanei
1586 3243 1727 3258 ......

186 3307 274 3379 item
300 3298 371 3379 uua
395 3308 542 3379 tabenna
568 3328 636 3379 nou
663 3308 795 3381 habens
822 3329 935 3398 agros,
962 3307 1005 3380 de
1032 3308 1157 3398 quibus
1184 3307 1330 3380 soluitur
1357 3309 1490 3380 decima
1515 3308 1740 3399 manipularis

187 3424 225 3499 et
250 3427 429 3519 canapalis
454 3449 518 3519 pra
545 3430 745 3518 episcopatu
771 3427 1011 3518 Gracovieusi,
1046 3434 1083 3499 et
1108 3428 1206 3500 valor
1232 3429 1305 3499 eius
1333 3428 1377 3500 ad
1404 3428 1581 3500 duodecim
1609 3446 1741 3502 marcas

189 3550 406 3639 aestimatur,
432 3550 514 3620 item
542 3570 611 3620 nou
638 3556 692 3621 est
711 3550 759 3622 ibi
776 3550 964 3640 praedium,
990 3569 1102 3638 neque
1120 3549 1359 3638 luortulaniae3
1386 3549 1469 3621 item
1496 3556 1551 3621 est
1576 3551 1626 3621 ibi
1652 3548 1740 3621 saal·

186 3670 277 3741 tatia
289 3669 434 3741 -haoens
461 3668 548 3741 duos
574 3671 713 3771 laneos,
731 3671 774 3743 de
802 3673 925 3760 quibus
952 3670 1102 3743 soluitur
1120 3669 1253 3741 decima
1271 3670 1496 3760 manipularis
1513 3691 1578 3760 pro
1596 3670 1741 3741 ecclesia

187 3784 518 3882 in'Dambyaza.
650 3788 653 3793 ’

293 3909 534 4000 Ganaowual,
570 3911 653 3984 uilla
690 3911 754 3981 sub
789 3913 955 4002 parochia
990 3911 1033 3982 do
1069 3912 1327 4002 Dambycza
1364 3913 1449 3999 sita,
1485 3913 1581 3984 cuius
1617 3913 1739 3985 haeres

188 4028 368 4104 lohannes
394 4032 696 4122 Padgrodaluy
722 4033 766 4103 de
793 4033 894 4104 domo
921 4029 1192 4103 Griliauum.
1218 4032 1258 4102 ln
1285 4052 1355 4121 qua
1372 4035 1453 4101 sunt
1469 4031 1561 4102 lanei
1588 4032 1739 4103 amatha·

189 4152 306 4241 nales,
333 4152 376 4223 de
404 4154 527 4243 quibus
554 4154 701 4225 solvitur
735 4153 868 4224 decima
894 4153 1084 4242 pecunialis
1111 4174 1176 4244 pra
1203 4155 1364 4243 episcopo
1403 4152 1641 4243 carcaniensi,
1677 4173 1740 4243 per

189 4292 295 4345 uuum
331 4272 498 4344 lantonem
534 4274 685 4345 latorum
719 4295 918 4363 grossorum
954 4274 997 4346 de
1034 4274 1188 4364 quolibet
1222 4274 1342 4361 lane03
1379 4274 1462 4345 item
1497 4275 1547 4346 ibi
1581 4294 1650 4346 nou
1686 4280 1740 4345 est

189 4386 381 4483 praedium,
407 4414 476 4466 uon
502 4399 583 4465 aunt
609 4394 837 4484 hamulaniae,
864 4415 975 4487 nequa
1001 4396 1176 4467 tabernae.
1504 4398 1506 4402 ’

833 4516 1104 4588 Doaaurauow.

273 4630 389 4708 -Villa
414 4636 545 4709 habens
560 4634 607 4707 'in
634 4657 671 4707 se
697 4637 875 4709 eeclesiam
902 4637 1135 4728 parochialem
1161 4637 1328 4727 ligneam,
1355 4637 1482 4709 Sancta
1502 4691 1616 4708 .....
1642 4637 1737 4710 dica·

186 4750 270 4847 mm,
297 4756 395 4828 cuius
420 4757 616 4847 proprietas
634 4779 677 4828 ex
696 4757 882 4830 donatione
909 4758 1044 4829 Nicolai
1071 4759 1206 4829 comitis
1224 4757 1267 4829 de
1291 4758 1479 4848 Bogorya
1505 4756 1549 4828 ad
1576 4759 1736 4829 abbatem

184 4884 225 4951 et
251 4877 501 4950 monasterium
537 4877 877 4969 Koprzywnyazense
904 4879 1066 4970 pertinet.
1102 4879 1142 4950 ln
1169 4898 1237 4969 qua
1264 4884 1345 4949 suut
1380 4878 1471 4948 lanei
1507 4876 1739 4948 amethauales

182 4998 232 5069 dc
261 4997 388 5089 quibas
414 4997 573 5071 amnibus
607 4999 755 5071 soluitur
782 5006 818 5072 et
844 5000 1048 5072 conducitur
1084 4999 1216 5071 decium
1250 4978 1475 5086 manipularis
1502 5003 1538 5067 et
1564 4997 1740 5087 canapalis

180 5138 257 5209 pro
274 5171 390 5189 .....
416 5119 503 5190 Item
526 5118 686 5210 plebania
712 5121 748 5192 iu
766 5118 1044 5192 D'obrzeahaw
1063 5120 1170 5190 habet
1188 5138 1290 5208 agros
1308 5119 1467 5209 proprios
1485 5124 1522 5190 et
1539 5123 1650 5208 prata,
1676 5138 1740 5207 pro

181 5234 257 5311 suo'
280 5238 424 5330 praedio
451 5246 488 5310 et
513 5241 730 5312 necessitate.
1021 5242 1024 5247 ’
1725 5242 1727 5246 ’

296 5358 531 5451 szosznrm,
567 5360 649 5432 villa
676 5362 740 5432 sub
767 5361 931 5451 parochia
958 5361 1000 5433 de
1027 5361 1340 5433 Dobrzeahow
1368 5361 1453 5450 sita,
1481 5360 1577 5432 cuius
1604 5363 1740 5452 propri·

184 5487 267 5555 etas
294 5481 340 5554 ad
365 5483 610 5554 monasterium
638 5481 979 5575 Kaprzywnyczense
1006 5483 1167 5574 pertinet.
1201 5483 1242 5553 lu
1269 5503 1338 5573 qua
1364 5487 1445 5554 suut
1471 5482 1562 5554 lanei
1589 5484 1741 5554 amatho-

179 5596 308 5692 nales,
343 5601 386 5674 de
421 5602 546 5693 quibus
576 5603 722 5677 soluitur
756 5610 793 5675 et
827 5603 1031 5677 conducitur
1066 5605 1199 5675 decima
1234 5604 1459 5694 manipularis
1494 5610 1531 5675 et
1566 5604 1740 5693 canapalis

186 5743 256 5814 pra
274 5776 416 5795 ......

248 5838 251 5843 ’
297 5836 484 5917 Wrszoua
511 5842 598 5917 allas
625 5844 880 5919 Sruoaoaunn
898 5846 1054 5947 Wourn,
1081 5846 1164 5919 villa
1191 5847 1254 5918 sub
1281 5845 1446 5937 parochia
1472 5844 1515 5915 de
1541 5841 1738 5915 Dobrze·

189 5964 316 6037 aluow
342 5966 428 6055 sita,
455 5967 552 6037 onius
578 5967 775 6057 proprietas
801 5967 846 6038 ad
872 5969 1119 6040 monasterium
1145 5966 1485 6057 Kaprzywnyazeuso
1511 5964 1672 6053 pertinet.
1698 5964 1739 6036 In

186 6068 261 6176 ‘qua
287 6091 369 6158 sunt
403 6087 496 6159 lanei
529 6087 781 6177 amethanales,
817 6094 865 6173 et
889 6088 1048 6179 quilibet
1068 6089 1173 6159 solvit
1207 6107 1271 6177 pro
1307 6085 1439 6156 decima
1474 6084 1645 6176 pecuniali
1679 6106 1740 6159 sex

190 6198 333 6295 grossos
358 6202 469 6297 lato's,
504 6214 566 6280 aut
592 6212 671 6281 acto
706 6206 920 6299 communes,
947 6230 1012 6300 pro
1037 6208 1248 6281 manasterio
1279 6205 1630 6296 liaprzywnpczensi3
1656 6208 1741 6277 item

191 6326 352 6399 scoltetia
377 6322 431 6399 est
457 6328 517 6418 ibi,
542 6324 722 6419 quae'pro
749 6328 882 6401 decima
908 6329 1014 6402 solvit
1031 6381 1041 6399 .
1059 6383 1067 6399 .
1138 6328 1274 6418 ,itam
1293 6332 1375 6399 suut
1393 6328 1441 6399 ibi
1452 6327 1547 6401 duae
1564 6328 1741 6411 tabernae,

295 6446 534 6539 Gmamaxa,
558 6449 643 6531 nilla
664 6450 729 6522 sub
746 6449 913 6541 parochia
937 6448 982 6519 de
1007 6448 1285 6523 Dabraechou
1312 6448 1394 6538 sita,
1421 6449 1518 6520 cuius
1544 6449 1739 6539 proprietas

196 6566 250 6641 ad-
263 6569 511 6667 manastcrium
536 6566 879 6662 Koprrynnyczeuse
913 6567 1078 6661 pertinet
1111 6568 1153 6641 lu
1178 6588 1248 6662 qua
1273 6574 1353 6642 suut
1379 6568 1471 6641 lanei
1497 6568 1740 6661 manthanalaa,
