4200 8342
248 1712 254 1718 .
305 1652 380 1725 530

307 1859 576 1931 illustrissimum
604 1856 770 1928 Poloniae
795 1875 913 1946 regem
939 1854 1103 1946 pertinet.
1146 1853 1186 1925 In
1213 1873 1283 1945 qua
1309 1851 1469 1947 undec‘uu
1495 1852 1588 1924 lanei
1616 1828 1852 1943 cmethonales

307 1982 391 2052 item
418 1980 585 2050 tabernae
611 1984 684 2049 tres
702 1977 871 2049 hahentes
898 1997 1020 2067 agros,
1046 1974 1090 2047 de
1109 1975 1233 2065 quihus
1260 1973 1419 2046 omnihus
1437 1972 1586 2045 solvitur
1604 1978 1642 2044 et
1659 1972 1854 2045 conducitur

306 2101 438 2172 decima
464 2099 688 2189 manipularis
715 2103 751 2169 et
768 2097 945 2188 canapulis
971 2116 1034 2186 pro
1062 2095 1220 2168 custodia
1247 2094 1536 2184 sandomiriensi,
1564 2094 1665 2166 cuius
1692 2092 1792 2165 valor
1815 2094 1853 2166 ad

303 2222 421 2317 decem
439 2240 583 2291 marcas.
626 2219 715 2291 Item
742 2224 796 2290 est
813 2217 863 2290 ibi
880 2216 1061 2308 praedium
1085 2216 1213 2321 regale,
1240 2215 1284 2287 de
1301 2215 1399 2288 cuius
1418 2215 1512 2305 agris
1535 2213 1736 2288 decimatur
1753 2215 1852 2287 maui-

304 2342 387 2431 pulo
414 2340 577 2413 ecclesiae
613 2340 649 2411 in
677 2336 893 2430 Gyedlna.
932 2337 1020 2409 Item
1058 2340 1140 2410 sunt
1174 2336 1223 2408 ibi
1250 2335 1340 2409 duae
1365 2335 1584 2408 hortulauiae
1611 2336 1676 2409 sed
1702 2356 1773 2409 nou
1798 2336 1852 2408 ha·

307 2464 391 2534 bont
418 2480 531 2552 agros.

404 2670 414 2687 ,
975 2577 1187 2650 Tsszozow.
1404 2665 1408 2669 ι

410 2701 504 2772 Villa
530 2700 662 2771 hahens
691 2701 727 2769 in
746 2719 784 2770 se
802 2698 982 2770 ecclesiam
999 2697 1233 2788 parochialem
1250 2697 1410 2789 ligneam,
1437 2697 1564 2770 Sancto
1592 2753 1600 2769 .
1619 2753 1627 2768 .
1646 2751 1655 2768 .
1675 2751 1683 2767 .
1701 2697 1852 2790 (1188188,

307 2824 404 2894 cuius
439 2821 636 2912 proprietas
676 2819 720 2890 ad
755 2819 1042 2913 illustrIssimum
1062 2817 1227 2891 Polouiue
1263 2839 1380 2911 regem
1406 2819 1569 2909 pertinet
1613 2819 1656 2890 Iu
1684 2836 1755 2910 qua
1780 2827 1854 2895 aaut

306 2942 432 3033 viginti
458 2943 549 3013 lanei
576 2940 828 3029 cmethonales,
856 2939 899 3011 de
925 2939 1050 3031 quihus
1078 2939 1227 3011 solvitur
1253 2944 1288 3010 et
1314 2938 1517 3011 conducitur
1543 2940 1679 3011 dealma
1705 2941 1855 3031 manipua

305 3065 390 3135 laris
416 3069 452 3134 et
478 3062 653 3152 canapalis
688 3081 751 3152 pro
778 3060 938 3133 custodia
963 3058 1254 3150 Saudomirieusi,
1290 3060 1387 3132 cuins
1414 3060 1512 3162 valor
1547 3059 1593 3132 ad
1619 3061 1747 3152 viginti
1775 3060 1854 3133 duas

306 3205 442 3280 marcas
468 3184 681 3256 aestimatur.
721 3182 810 3254 Item
834 3188 919 3253 sunt
945 3181 994 3253 ihi
1020 3182 1187 3253 tabernae
1212 3180 1386 3271 undecim,
1414 3181 1561 3253 sednon
1589 3181 1723 3255 hahent
1750 3203 1856 3273 agros,

307 3306 389 3376 item
425 3303 644 3376 hortulauiae
679 3301 769 3373 duae
804 3306 903 3391 sunt,
939 3300 1000 3372 sed
1034 3321 1103 3372 non
1131 3301 1261 3372 hahent
1291 3321 1404 3391 agros.
1448 3301 1535 3372 Item
1563 3307 1619 3373 est
1645 3298 1698 3373 ibi
1723 3302 1856 3374 unicum

307 3423 500 3521 praedium,
514 3421 665 3512 regium,
693 3420 736 3492 de
753 3420 851 3492 cuius
869 3419 964 3511 agris
982 3418 1175 3491 decImatur
1192 3419 1358 3491 ecclesiae
1385 3419 1421 3489 iu
1449 3418 1740 3492 Thschczow.
1776 3421 1856 3494 Item

308 3543 476 3633 plebanus
502 3542 610 3614 hahet
636 3542 686 3613 ihi
712 3560 815 3630 agros
842 3540 1010 3632 speciales
1037 3546 1074 3612 et
1100 3546 1220 3631 pratu,
1246 3559 1311 3630 pro
1338 3552 1401 3612 suo
1427 3561 1493 3612 usu
1519 3547 1557 3620 et
1573 3541 1794 3613 necessitate.
1831 3629 1840 3637 ἢ

413 3663 655 3751 Barcanorum,
681 3661 766 3733 villa
783 3661 1032 3752 suh-parochia
1058 3660 1102 3732 de
1120 3659 1398 3733 'Ihschczow
1424 3661 1512 3750 sita,
1547 3661 1647 3733 cuius
1665 3663 1857 3753 proprietas

310 3784 356 3856 ad
385 3782 576 3874 dapiferum
610 3782 925 3855 Saudomiriensem
960 3802 1024 3872 pro
1046 3786 1218 3872 tempore,
1244 3781 1406 3872 pertinet
1449 3783 1491 3853 Iu
1509 3802 1579 3873 qua
1595 3788 1678 3855 suut
1695 3783 1857 3855 tredecim

307 3905 400 3975 lanei
427 3903 679 3992 cmethonales,
715 3903 760 3974 de
786 3903 912 3993 quibus
938 3894 1100 4004 omnihus
1124 3901 1273 3974 solvitur
1299 3908 1336 3974 et
1361 3902 1567 3975 conducitur
1591 3903 1729 3975 decima
1754 3905 1858 3976 mani·

308 4024 441 4114 polaris
468 4031 504 4095 et
528 4023 717 4127 canapalis,
744 4043 808 4113 pro
836 4022 993 4095 custodia
1019 4021 1309 4113 Saudomiriensi,
1336 4022 1433 4094 cuius
1460 4022 1558 4096 valor
1584 4023 1793 4096 aestimatur
1817 4024 1858 4095 ad

308 4145 474 4216 tredecim
501 4165 645 4217 marcas.
689 4143 776 4215 ltem
803 4149 893 4216 suut·
912 4143 961 4216 ibi
987 4144 1154 4225 tahernae
1181 4143 1280 4233 duae,
1307 4143 1369 4215 sed
1386 4150 1456 4215 riou
1473 4142 1606 4216 hahent
1630 4163 1748 4233 agros
1773 4144 1857 4217 Item

309 4265 526 4337 hortulaniae
553 4286 622 4336 nou
640 4269 730 4337 suut
755 4264 844 4336 Item
861 4263 1041 4355 praedium
1059 4269 1115 4335 est
1132 4263 1181 4335 ihi
1208 4263 1352 4335 unicum·
1372 4263 1541 4353 militare,
1568 4262 1700 4356 dequo
1728 4263 1858 4337 decima

249 4406 252 4410 ⁴
310 4366 903 4476 8881881818881818888188188
929 4385 966 4458 in
993 4383 1282 4458 Thschczow.
1417 4414 1423 4420 ’
1463 4398 1467 4406 ’

414 4507 738 4595 Baarnonzrsrn,
774 4506 858 4577 villa
884 4507 949 4577 suh
975 4505 1141 4596 parochia
1167 4505 1210 4577 de
1237 4504 1514 4578 Thschczow
1541 4507 1627 4595 sita,
1655 4508 1756 4579 cuius
1782 4528 1857 4598 pro

313 4629 447 4719 prietas
474 4629 518 4699 ad
546 4627 820 4700 illustrissimum
846 4625 1011 4697 Polouiae
1037 4644 1154 4716 regem
1181 4627 1342 4716 pertinet
1385 4626 1426 4696 Iu
1446 4647 1522 4718 qua
1546 4633 1630 4699 sunt
1655 4627 1749 4700 lanei
1775 4648 1862 4700 cmc·

310 4749 483 4848 thonales,
511 4750 594 4820 Item
613 4748 681 4819 duo
699 4747 791 4819 lanei
809 4746 1035 4845 scoltetiales,
1058 4745 1101 4817 de
1120 4746 1245 4836 quibus
1263 4746 1422 4819 omnihus
1439 4747 1589 4819 solvitur
1606 4754 1644 4820 et
1660 4748 1861 4821 conducitur

312 4871 447 4942 decIma
473 4869 698 4959 manipularis
725 4876 762 4940 et
780 4867 955 4959 canapalis
981 4888 1045 4958 pro
1064 4867 1211 4939 ecclesIa
1236 4868 1273 4938 in
1292 4866 1583 4958 Thschczow,
1610 4875 1648 4941 et
1664 4869 1766 4941 valor
1790 4870 1861 4941 eius

313 4993 519 5063 aestimatur
547 4991 591 5061 ad
618 4991 743 5080 viginti
769 5009 914 5062 marcas.
953 4987 1253 5078 Itemtabernae,
1280 4988 1364 5059 item
1391 4988 1610 5061 hortulauiae
1628 5042 1745 5060 .....

414 5110 585 5201 Gnaeus,
612 5110 696 5182 villa
723 5112 787 5181 sub
813 5110 981 5201 parochia
1006 5108 1049 5179 de
1076 5106 1251 5180 Scucha
1277 5109 1364 5197 sita,
1400 5109 1497 5180 cuius
1523 5109 1709 5181 haeredes:
1737 5109 1860 5182 Petrus

312 5231 511 5302 Szulima
537 5236 574 5302 et
599 5231 853 5318 Szharhek,
879 5235 916 5302 81
943 5228 1136 5300 Stauislaus
1163 5227 1330 5301 dearmis
1358 5213 1579 5320 Szulyma
1618 5229 1659 5300 ln
1687 5251 1758 5321 qua
1783 5238 1863 5302 suut

312 5351 403 5421 lanei
430 5350 677 5439 cmethonales,
705 5351 891 5441 dequibus
915 5349 1066 5423 solvitur
1092 5347 1226 5421 decima
1250 5349 1477 5439 manipularis
1503 5369 1567 5440 pro
1593 5351 1753 5422 custodia
1779 5350 1862 5423 Sau-

314 5470 529 5553 domirieusi,
556 5476 593 5540 et
610 5471 708 5541 valor
735 5471 809 5541 eius
835 5470 1042 5542 aestimatur
1068 5468 1113 5541 ad
1131 5475 1281 5560 quatuor
1306 5489 1451 5542 marcas.
1489 5470 1576 5542 Item
1604 5477 1686 5543 sunt
1714 5471 1764 5556 ihi
1790 5479 1862 5544 tres

311 5593 498 5680 tabernae,
533 5591 617 5662 item
643 5590 871 5662 hortulauiae.
910 5590 1000 5661 Item
1035 5596 1118 5662 suut
1143 5590 1193 5662 ihi
1219 5595 1369 5682 quatuor
1399 5591 1544 5682 praedia
1569 5591 1752 5682 militaria,
1779 5593 1862 5665 item

312 5714 445 5802 aliquot
470 5713 562 5782 lanei
588 5711 823 5783 cmethonales
850 5711 943 5782 ultra
968 5711 1123 5802 priores,
1147 5710 1193 5782 de
1220 5711 1345 5801 quibus
1373 5712 1520 5784 solvitur
1547 5711 1682 5784 decima
1706 5715 1862 5805 manipu-

309 5835 396 5905 laris
423 5855 488 5924 pro
514 5833 667 5905 ecclesia.
685 5832 877 5924 parochiali
911 5833 950 5904 iu
975 5831 1263 5923 Thschczow,
1299 5839 1335 5903 et
1361 5833 1459 5905 valor
1484 5834 1560 5905 eius
1585 5834 1794 5907 aestimatur
1819 5834 1862 5906 ad

997 6072 1178 6147 Goamrn.
1225 6108 1236 6125 r

414 6195 509 6279 Villa
536 6196 667 6267 hahens
693 6195 927 6285 parochialem
953 6194 1141 6267 ecclesiam·
1160 6196 1205 6266 iu.
1223 6215 1261 6267 se
1287 6195 1448 6286 ligneam,
1474 6194 1581 6268 Sanct
1599 6249 1742 6266 ......
1768 6197 1863 6270 dioc·

312 6323 398 6405 tam,
431 6317 528 6387 cuius
556 6316 678 6387 haeres
705 6315 885 6389 Iohannes
916 6298 1145 6407 ¹hasszlry
1170 6315 1214 6388 de
1231 6315 1338 6390 armis
1366 6316 1580 6389 Nalancz.
1619 6317 1661 6389 In
1688 6339 1759 6410 qua
1786 6325 1867 6391 sunt

313 6436 404 6506 lanei
431 6437 682 6525 cmethonales,
719 6436 761 6508 de
789 6438 871 6527 quih
929 6436 1166 6529 'manipularis
1192 6437 1344 6528 decima,
1379 6444 1416 6509 et
1450 6457 1514 6528 per
1540 6443 1690 6529 8881881·
1725 6440 1865 6531 ier-ogas

316 6559 493 6647 canapaHs
530 6559 678 6633 solvitur
714 6558 941 6633 scholastriae
975 6557 1266 6651 Saudoruir'ieusi,
1299 6564 1338 6632 et
1362 6558 1476 6634 18181·ι
1488 6559 1567 6633 rius
1592 6560 1800 6637 munstar
1824 6561 1870 6634 ad
