4200 8342
262 1646 339 1721 444

366 1856 472 1946 stur,
498 1851 582 1925 uilla
607 1847 671 1921 snb
697 1843 863 1937 parochia
890 1843 933 1917 de
959 1842 1210 1917 Pacznnow
1237 1838 1321 1932 sita,
1348 1836 1443 1913 cuius
1470 1830 1643 1911 haeredes
1670 1826 1790 1911 Grati

263 1977 426 2053 Nicolaus
452 1980 490 2046 et
516 1967 751 2043 Skubisclr
777 1965 821 2036 de
847 1967 953 2039 armis
971 2020 1086 2037 .....
1113 1963 1154 2035 ln
1182 1983 1252 2053 qua
1277 1982 1346 2034 nan
1374 1965 1455 2033 sunt
1482 1958 1588 2032 divisi
1616 1956 1704 2029 lanei
1721 1978 1790 2033 cue

262 2096 432 2186 thonales,
459 2093 521 2167 sed
548 2092 669 2182 campi,
695 2091 779 2161 item
805 2087 982 2177 tabernae,
1009 2087 1093 2159 item
1111 2083 1299 2173 hortulani,
1327 2081 1513 2173 dequibus
1538 2080 1790 2171 omnibusprae·

261 2225 317 2291 ter
343 2237 447 2289 unum
467 2235 633 2306 cerepum,
661 2211 720 2303 qui
738 2208 832 2280 cedit
849 2208 1014 2280 ecclcsiae
1039 2208 1076 2279 in
1104 2205 1365 2295 Paczanow,
1392 2204 1542 2276 soluitur
1560 2208 1597 2273 et
1615 2200 1791 2277 conducitur

263 2340 395 2411 decima
429 2334 656 2426 manipularis
693 2338 728 2403 et
754 2329 926 2420 canapalis
963 2350 1026 2420 pro
1055 2328 1200 2400 ecclesia
1236 2328 1271 2399 in
1299 2324 1506 2417 Gnoyna,
1543 2331 1581 2415 et
1607 2322 1704 2395 valor
1734 2326 1788 2399 eius

263 2460 469 2533 aestimatur
495 2458 539 2529 ad
567 2453 760 2547 quindecim
788 2471 931 2523 marcas.
975 2451 1064 2523 Item
1091 2450 1217 2522 Petrus
1249 2453 1286 2523 et
1312 2448 1495 2520 Florianus
1522 2446 1787 2519 Paczanouieurcs

263 2580 395 2653 habent
415 2578 470 2649 ibi
497 2597 652 2667 campum
681 2595 785 2647 unum
813 2574 991 2663 proprium
1018 2577 1055 2642 et
1080 2572 1237 2662 liberum,
1265 2570 1308 2642 de
1336 2592 1403 2661 quo
1431 2570 1627 2642 decimatur
1653 2566 1786 2639 11110111

264 2704 301 2773 in
327 2700 590 2773 Paccauou.

369 2820 537 2911 Gaurus,
572 2818 655 2890 villa
683 2817 747 2890 sub
774 2815 941 2906 parochia
966 2816 1010 2888 de
1037 2812 1226 2907 Gnayno
1254 2813 1341 2902 sita,
1377 2813 1474 2883 cuius
1500 2812 1627 2883 haeres
1654 2806 1784 2883 Prcsltu

263 2941 516 3015 Woisehik.
541 2940 583 3011 In
611 2960 678 3031 qua
705 2944 786 3009 sunt
812 2937 903 3009 lanei
930 2937 1172 3027 cmethonales‚
1200 2937 1284 3008 item
1310 2936 1488 3023 tabernae,
1515 2934 1601 3004 item
1629 2930 1786 3021 hortulani,

264 3064 307 3136 dc
334 3062 459 3154 quibus
486 3061 645 3134 omnibus
672 3060 820 3133 solvitur
847 3065 883 3131 et
910 3058 1115 3130 conducitur
1150 3057 1284 3130 decima
1310 3054 1536 3146 manipularis
1568 3060 1606 3127 et
1631 3052 1787 3145 campdia

264 3184 429 3257 ecclesiae
455 3184 492 3257 in
518 3180 729 3273 Guoyno,
756 3180 854 3252 euius
880 3180 980 3253 valor
1006 3180 1212 3252 aestimatur
1239 3178 1283 3251 ad
1310 3198 1434 3251 novem
1461 3196 1606 3249 marcas.

365 3304 595 3393 Korrmrczu,
622 3302 706 3374 villa
723 3302 787 3373 sub
805 3301 972 3392 parochia
993 3300 1041 3374 de
1070 3298 1260 3393 Gnoyno
1288 3302 1365 3391 sits,
1393 3300 1492 3372 cuius
1518 3292 1643 3371 haeres
1662 3293 1793 3368 Borri-

263 3427 520 3516 kowsky....
547 3423 869 3515 Marchocclry,
897 3423 940 3495 de
958 3424 1055 3495 cuius
1073 3423 1167 3513 agris
1184 3421 1423 3496 tantummodo
1442 3420 1636 3493 decimatur
1654 3416 1797 3491 ecclam

265 3548 299 3618 in
328 3544 528 3637 Gnoyuo.

368 3666 587 3756 Ynnzanum
612 3664 696 3736 villa
722 3666 786 3737 sub
805 3665 970 3756 parochia
997 3665 1040 3738 de
1068 3663 1258 3759 Gnoyno
1285 3665 1363 3755 sita,
1389 3666 1487 3737 cuius
1514 3662 1685 3736 haeredes
1712 3660 1804 3733 llice-

264 3789 340 3860 laus
367 3786 502 3877 Tluk,
541 3786 671 3858 Paulus
710 3786 949 3877 Kuchnya‚
989 3786 1233 3878 Pyetrilra,
1271 3786 1401 3858 Paulus
1441 3774 1611 3875 Mro'sz,
1652 3782 1808 3855 Nicotaus

264 3907 309 3979 W
316 3910 412 4002 yllr,
440 3908 671 3997 Przeczslaus,
690 3906 893 3997 Salienus,
911 3907 1033 3997 Adam,
1060 3906 1263 3999 Stenislaus‚
1291 3904 1440 3979 Thomas
1467 3906 1665 3995 Kiczka,
1692 3902 1811 3975 Petrus

263 4031 401 4120 Mroz;
436 4031 518 4101 item
546 4030 622 4121 agri
649 4028 894 4121 Soszniky,
930 4027 1117 4101 Ghodelr
1144 4028 1271 4101 Petrus
1298 4033 1334 4100 et
1360 4028 1448 4100 alius
1475 4026 1673 4117 Ghodelr,
1702 4022 1821 4099 Done-

263 4152 360 4225 nicus
386 4151 584 4242 Mirosz,
611 4150 1110 4243 Laurentius‚Dzivisius,
1130 4148 1333 4241 Yotlika,
1361 4148 1622 4238 suzislans,
1652 4146 1811 4221 Nicolnus

262 4272 425 4363 Niger,
451 4270 610 4343 Mikul.
645 4271 686 4343 In
714 4292 783 4363 qua
808 4292 879 4344 non
905 4275 987 4342 sunt
1013 4268 1121 4361 aliqui
1138 4252 1237 4343 ¹lanei
1265 4269 1510 4361 cmethonales‚
1536 4269 1623 4343 item
1650 4268 1815 4341 tabernae

263 4415 332 4466 non
359 4398 451 4483 sunt,
477 4382 559 4463 item
584 4390 766 4465 lrortrdani
791 4414 861 4465 non
887 4398 979 4483 sunt,
1005 4392 1067 4464 sed
1090 4392 1233 4483 nobiles,
1261 4391 1304 4465 de
1332 4392 1456 4483 quibus
1483 4390 1645 4491 omnibus
1673 4390 1817 4469 soluitur

203 4534 208 4543 ·
263 4520 300 4585 et
325 4513 529 4589 conducitur
564 4513 697 4584 decima
732 4514 958 4604 manipularis
985 4520 1021 4586 ct
1047 4514 1223 4606 canapalis
1258 4535 1323 4605 pro
1351 4516 1552 4607 episcopatu
1585 4498 1818 4601 cracoviensi,

262 4642 299 4707 ct
325 4634 425 4708 valor
451 4635 526 4707 eius
553 4635 759 4707 aestimatur
785 4634 831 4707 ad
857 4640 931 4707 tres
957 4656 1103 4709 marcas.

367 4754 623 4845 Sammonicus,
663 4755 747 4828 villa
782 4756 846 4829 sub
881 4757 1047 4848 parochia
1082 4758 1125 4829 de
1161 4756 1351 4850 Gnoyno
1387 4759 1474 4849 sita,
1513 4756 1612 4829 cuius
1649 4754 1817 4829 haeredes

261 4878 399 4969 Syscz
410 4878 421 4949 i
432 4896 577 4975 cucur,
595 4881 676 4967 post
693 4898 839 4968 quorum
856 4878 1097 4952 tautummodo
1116 4900 1220 4972 agros
1238 4881 1429 4955 decimatur
1446 4879 1610 4953 ecclesiae
1629 4879 1668 4951 in
1690 4874 1817 4971 Gnoy·

263 5020 325 5070 no.
353 5000 393 5070 lu
412 5021 482 5091 qua
499 5004 581 5072 sunt
606 4999 698 5071 lanei
717 5000 964 5093 cmethonales‚
990 5002 1074 5075 item
1100 5004 1278 5095 sabamae,
1305 5004 1389 5077 item
1408 5002 1593 5093 hortulani,
1621 5002 1667 5073 de
1693 5002 1817 5093 quibus

264 5120 422 5192 amnibus
448 5121 595 5193 solvitur
621 5126 660 5193 et
685 5122 890 5197 conducitur
917 5122 1051 5197 decima
1076 5124 1303 5217 manipularis
1321 5129 1356 5197 et
1374 5124 1548 5216 canapalis
1576 5143 1642 5214 pro
1669 5122 1816 5197 ecclesia

265 5240 303 5311 in
331 5294 516 5312 ......
544 5244 641 5315 cuius
668 5244 766 5318 valor
791 5246 997 5320 aestimatur
1024 5246 1069 5319 ad
1092 5302 1207 5320 .....
1418 5308 1427 5315 .
1483 5316 1485 5321 .

366 5360 559 5453 Suuszow,
598 5362 682 5435 uilla
708 5367 772 5439 sub
798 5368 965 5458 parochia
991 5367 1035 5441 de
1064 5367 1255 5461 Gnoyno
1292 5367 1379 5462 sita,
1420 5368 1520 5441 cuius
1545 5366 1749 5459 proprietas
1774 5362 1887 5437 adu

262 5482 499 5574 praepositum
527 5488 565 5556 et
591 5489 839 5561 monasterium
864 5492 900 5560 in
927 5490 1108 5564 Buszlro
1135 5491 1297 5581 pertinet.
1337 5491 1380 5565 In
1407 5512 1475 5583 qua
1500 5496 1557 5563 est·
1580 5510 1690 5561 unurn
1719 5506 1887 5581 prae—-

262 5604 355 5675 dium
383 5607 419 5676 et
445 5603 537 5676 lanei
565 5606 808 5698 cmethonales‚
835 5610 877 5681 de
897 5612 1022 5702 quibus
1042 5612 1201 5687 omnibus
1220 5614 1413 5687 decimatur
1430 5610 1596 5685 ecclesiae
1620 5611 1659 5683 in
1679 5608 1879 5703 duay-

260 5744 333 5817 no,
360 5731 397 5797 et
424 5726 523 5799 valor
549 5728 594 5801 ad
621 5748 683 5801 sex
709 5750 853 5804 marcas.

358 5846 548 5941 Kosmas,
589 5850 673 5924 villa
699 5854 763 5927 sub
789 5854 955 5945 parochia
994 5852 1039 5929 de
1065 5852 1257 5950 Gnoyno
1294 5856 1382 5947 sita,
1420 5856 1518 5929 cuius
1544 5854 1747 5947 proprietas
1775 5848 1887 5927 ab

256 5970 492 6059 praepositum
519 5964 556 6043 e't
581 5976 829 6049 monasterium
864 5974 900 6048 in
928 5976 1111 6071 Buszko
1143 5972 1306 6070 pertinet
1332 5976 1374 6051 ln
1400 5998 1468 6069 qua
1494 5982 1612 6049 sunta„
1641 5976 1751 6067 lanei,
1776 5964 1887 6047 dol

257 6090 383 6181 quibus
409 6092 569 6166 omnibus
595 6094 785 6170 decimatur
810 6118 875 6188 pro
902 6100 1107 6190 episcopatu
1135 6098 1376 6189 cracoviensi3
1416 6104 1616 6172 esttamen
1653 6098 1704 6171 ibi
1732 6108 1887 6171 unm

257 6232 407 6303 campus,
436 6212 479 6283 de
506 6235 574 6305 quo
602 6216 793 6291 decimatur
820 6240 885 6311 pro
911 6220 1059 6293 ecclesia
1085 6218 1121 6293 in'
1150 6220 1350 6313 Gnoyno.

360 6332 685 6427 Mncznrowrczu,
721 6340 804 6411 villa
829 6342 895 6421 sub
922 6343 1089 6433 parochia
1116 6342 1159 6413 de
1188 6341 1379 6435 Gncyno
1406 6342 1492 6433 sita,
1518 6342 1618 6415 cuius
1645 6340 1887 6439 decredere

256 6502 291 6639 G·
309 6506 478 6527 .......
505 6463 585 6547 post
611 6480 709 6551 quas,
736 6467 773 6532 et
799 6483 918 6537 omnes
944 6484 1051 6556 agros
1078 6464 1331 6555 cmethonales‚¹
1366 6463 1566 6537 decimatur.
1584 6446 1756 6561 mesiae
1776 6458 1887 6535 123

298 6590 455 6659 noyno
585 6608 591 6619 ·
