4200 8342
302 1462 376 1533 398

302 1668 479 1741 humiliter
504 1672 540 1739 et
566 1664 701 1753 devote,
728 1666 896 1753 quatenus
923 1658 1095 1751 quandam
1124 1658 1386 1750 ordinationem,
1414 1648 1700 1751 compositionem
1718 1662 1754 1731 et
1771 1667 1840 1731 con·-

302 1790 453 1863 cordiam
489 1788 581 1859 iuter
617 1806 695 1875 eoa,
730 1805 792 1875 per
829 1791 943 1855 certos
980 1781 1150 1872 arbitroS,
1187 1781 1348 1851 videlicet
1382 1780 1588 1871 magistrum
1615 1778 1783 1853 Jacobum
1807 1780 1843 1851 de

301 1910 476 1983 Sradeh
512 1906 765 1979 ricecustodem
801 1910 837 1975 et
873 1904 1075 1975 crationicum
1112 1902 1276 1973 ecclesiae
1313 1902 1514 1993 collegiatae
1542 1900 1692 1974 Sanctae
1720 1900 1846 1973 Mariae

299 2029 599 2118 Sandomiriensis,
627 2027 802 2098 Andream
829 2027 872 2097 de
900 2026 1183 2115 Trzeszuy-a‚
1211 2022 1420 2095 stanislaum
1448 2023 1491 2094 (le
1518 2022 1720 2115 blydlow
1747 2022 1847 2093 eccle

300 2152 429 2223 siarum
456 2149 702 2241 parochialium
721 2148 886 2237 plebanos
905 2152 942 2217 et
959 2146 1139 2217 Nicolaum
1158 2142 1298 2216 Odolf
1327 2144 1451 2217 laicum
1478 2145 1658 2217 literatum
1687 2143 1731 2215 dc
1760 2142 1847 2213 Sau-

301 2272 502 2346 domiria
537 2272 707 2360 arbitros,
744 2269 972 2339 arbitratores
1009 2272 1045 2337 et
1081 2267 1279 2338 amicabiles
1316 2267 1583 2358 compositores,
1612 2264 1655 2337 de
1687 2270 1725 2336 et
1751 2286 1850 2355 super

300 2393 442 2465 decimis
469 2391 742 2482 nrarripularibus
770 2396 805 2461 et
831 2389 1080 2479 campestribus
1108 2390 1261 2460 liniversi
1287 2390 1388 2479 grani
1415 2394 1451 2459 et
1477 2389 1629 2479 seminia,
1652 2394 1736 2477 post
1753 2406 1851 2477 agros
1970 2432 1990 2477 ὅ

302 2520 339 2587 et
365 2520 525 2585 araturas
561 2514 677 2583 curiae
712 2516 748 2582 et
773 2510 908 2600 praedii
935 2510 970 2580 in
996 2509 1201 2582 liliszow
1229 2516 1265 2582 et
1292 2510 1366 2581 eius
1393 2510 1618 2601 perceptione
1645 2506 1794 2597 factam,
1820 2514 1852 2577 et
1955 2548 1986 2599 „-

302 2656 365 2727 per
392 2656 450 2705 eos
478 2634 702 2723 emulgeatur,
731 2631 944 2721 confirmare,
964 2630 1164 2729 ¹ratificare,
1192 2637 1228 2703 et
1255 2631 1449 2721 approbare
1476 2631 1712 2721 dignaremur.
1752 2626 1852 2701 Gaius
1944 2668 1982 2719 ,ὃ

303 2756 440 2847 quidem
468 2755 674 2826 concordiae
701 2760 736 2826 et
764 2752 1023 2843 compositionis
1060 2760 1161 2824 terror
1188 2753 1230 2825 de
1259 2753 1364 2825 verbo
1392 2752 1607 2825 adverbum
1635 2750 1795 2843 sequitur
1820 2756 1852 2821 et
1929 2774 1979 2839 ,1

303 2885 357 2948 est
383 2878 482 2948 talis:
518 2876 699 2948 Universis
732 2884 768 2947 et
795 2875 939 2965 singulis
966 2881 1037 2946 tam
1065 2876 1307 2964 praesentibus
1334 2895 1437 2965 quam
1463 2873 1591 2946 futuris
1618 2872 1851 2964 praesentiam
1914 2908 1978 2959 ι]

304 2998 461 3070 notitiam
494 2998 683 3069 habituris:
720 2996 792 3068 Nos
819 2997 986 3086 magister
1012 2994 1164 3069 Jacobus
1192 2996 1385 3068 ricecustos
1412 3003 1447 3068 et
1474 2995 1659 3067 canonicus
1688 2992 1849 3065 ecclesiae
1909 3026 1976 3077 3

303 3120 506 3209 collegiatae
532 3118 830 3208 Sandomiriensis,
858 3116 1018 3189 Andreas
1041 3119 1084 3188 de
1104 3118 1375 3209 Trzesznya,
1394 3117 1589 3190 Stauislaus
1608 3116 1652 3187 de
1672 3098 1851 3209 Mydlou·
1887 3141 1979 3197 νε

303 3241 443 3331 plebani
479 3240 719 3329 ecclesiarmu,
746 3246 782 3309 et
808 3238 973 3310 Nicolaus
1000 3236 1141 3309 Odolf
1163 3239 1270 3312 laicus
1297 3220 1457 3311 literatus
1485 3239 1528 3311 de
1555 3236 1983 3315 Sandomiriaea

304 3363 428 3433 arbitri
456 3362 684 3433 arbitratores
711 3360 917 3451 amicabiles,
945 3360 1192 3451 compositores
1219 3361 1421 3453 iudicesque
1448 3362 1534 3441 iuris
1561 3380 1624 3451 per
1651 3364 1985 3451 praesentas-:es

305 3482 541 3573 infrascriptos
577 3482 677 3553 electi
706 3487 741 3554 et
767 3482 935 3573 deputati.
975 3481 1031 3552 Ad
1059 3487 1263 3573 perpetuam
1289 3483 1340 3554 rei
1368 3483 1569 3555 memoriam
1597 3480 1757 3571 cupimus
1782 3478 1986 3555 fore-‚e

305 3608 443 3692 notaui,
471 3602 640 3693 quomodo
677 3602 896 3674 honorabiles
926 3601 1058 3673 domini
1091 3602 1254 3676 Nicolaus
1282 3602 1325 3675 de
1352 3601 1788 3693 Gawluschowycze
1813 3620 1986 3673 entes

305 3746 383 3813 uua,
410 3729 446 3795 et
471 3722 649 3795 Johamres
676 3724 711 3794 in
738 3722 1079 3815 Wyelyawpesz
1106 3725 1264 3815 partibus
1292 3725 1336 3797 ab
1364 3724 1483 3817 altera,
1501 3722 1729 3797 eeclesiarum
1746 3725 1880 3793 recto-
1893 3742 1985 3791 or·

305 3866 370 3935 res,
397 3846 440 3915 de
468 3850 503 3916 ot
529 3866 634 3936 super
659 3844 800 3917 decimis
827 3845 1100 3935 manipularibus
1127 3852 1163 3917 et
1190 3847 1451 3938 campestribus
1471 3868 1514 3918 ex
1533 3844 1688 3919 araturis
1716 3842 1884 3935 pracdi-
1899 3840 1980 3913 ii-

305 3968 416 4039 alibus
443 3968 603 4057 gerierosi
629 3966 764 4039 Nicolai
790 3966 1110 4059 liliszou'szhy
1137 3968 1296 4040 haeredis
1315 3970 1350 4039 in
1377 3969 1593 4061 Klyszow
1620 3964 1873 4058 provenienti-
1888 3960 1975 4031 ii·-

305 4090 388 4179 bus,
415 4110 479 4177 pro
516 4089 639 4178 quibus
675 4087 718 4158 lis
754 4095 789 4159 et
824 4088 973 4159 aratoria
999 4090 1212 4179 quaestionis
1249 4110 1365 4162 coram
1392 4089 1583 4163 venerabili
1613 4088 1690 4159 viro
1718 4084 1903 4159 domiuo
1925 4102 1968 4151 ιο

305 4210 469 4279 canonico
496 4216 533 4278 et
559 4207 697 4279 officiali
724 4207 1003 4301 Sarrdomiriensi,
1030 4210 1121 4281 inter
1147 4211 1241 4301 ipsos
1260 4216 1462 4301 praesentes
1481 4209 1694 4300 vertebatur,
1713 4214 1751 4279 et
1769 4220 1961 4279 uuutsc

306 4350 421 4402 coram
449 4329 636 4400 venerabili
665 4329 802 4401 domino
829 4330 1062 4421 Raphaele
1090 4332 1254 4405 canonico
1286 4337 1321 4404 et
1348 4330 1485 4405 officiali
1513 4331 1736 4405 Gracoriensi
1754 4348 1860 4421 gene-
1891 4342 1949 4385 ἡ

306 4450 389 4539 rali,
416 4451 505 4521 serti
540 4454 700 4540 speratur
727 4458 763 4521 et
789 4453 1018 4543 pervertitur,
1046 4456 1226 4525 eteorum
1253 4453 1432 4526 occasione
1459 4453 1687 4543 omnibusque
1714 4450 1872 4541 amplia-
1927 4480 1939 4493 ·

305 4572 468 4663 tionibus,
482 4572 727 4645 controversiis
746 4578 782 4643 et
800 4573 1037 4664 displicentiis,
1057 4575 1352 4667 qualitercumque
1371 4576 1463 4647 inter
1482 4574 1719 4667 praescriptas
1738 4579 1927 4665 parte&

305 4695 430 4768 exinde
458 4695 633 4767 suscitatis
660 4700 696 4767 et
723 4695 980 4786 quomodolibet
1004 4696 1201 4788 movendis,
1229 4717 1305 4769 cum
1332 4697 1490 4770 omnibus
1518 4695 1747 4786 emergenciis
1775 4693 1915 4766 inei-

305 4818 432 4889 dentiis
459 4822 496 4889 ct
522 4819 694 4909 corrueris,
721 4840 789 4890 non
818 4818 996 4921 compulsi
1012 4838 1076 4890 nec
1103 4819 1222 4909 coacti,
1249 4819 1311 4891 sed
1336 4820 1448 4892 libera
1469 4825 1506 4891 et
1525 4824 1718 4911 spontanea
1737 4816 1895 4891 volun-

305 4946 377 5011 tate
404 4939 543 5030 utendo,
562 4941 597 5011 iu
624 4961 686 5013 nos
713 4940 910 5031 praedictos
937 4940 1097 5032 arbitros,
1125 4941 1354 5014 arbitratores
1381 4947 1417 5014 et
1434 4940 1565 5013 iudices
1584 4940 1681 5031 iuris,
1701 4939 1874 5013 nolentes

308 5061 454 5151 amplius
488 5084 551 5153 per
587 5062 752 5135 infractus
792 5063 904 5135 litium
939 5062 974 5133 in
1011 5082 1117 5135 causa
1146 5062 1344 5137 huiusmodi
1371 5062 1581 5135 decimarum
1607 5060 1773 5153 fatigari,
1800 5056 1868 5131 sed

307 5184 423 5272 pot-ius
453 5184 626 5273 parcendo
661 5185 838 5257 laboribus
864 5184 981 5274 fatigis
1008 5188 1043 5255 et
1070 5185 1231 5275 expensis
1258 5185 1303 5256 ad
1330 5184 1544 5257 amicabilem
1573 5184 1737 5255 unionem
1767 5182 1859 5275 pacis

307 5309 343 5376 et
369 5305 572 5377 concordiae
598 5306 751 5378 volentes
777 5326 997 5399 praeparare,
1024 5326 1141 5379 coram
1168 5314 1263 5379 certo
1291 5306 1428 5379 notario
1456 5304 1680 5398 infrascripto
1700 5324 1854 5407 compro

305 5428 481 5520 miserunt,
509 5432 544 5499 et
569 5450 631 5500 nos
658 5426 877 5500 conformiter
903 5437 940 5500 et
966 5428 1176 5501 unanimiter
1203 5429 1239 5499 iu
1266 5429 1418 5501 arbitros
1445 5434 1480 5500 et
1506 5426 1637 5541 indues
1655 5424 1851 5500 huiusmodi

297 5538 580 5643 'rrorninaverunt
608 5552 869 5642 deputaverunt,
897 5571 937 5623 ac
963 5550 1007 5622 de
1034 5551 1106 5623 alto
1134 5557 1170 5621 et
1195 5551 1298 5623 basso
1325 5550 1515 5641 eligerunt,
1544 5548 1700 5641 dictique
1728 5546 1854 5622 domini

307 5675 611 5767 compromitcntes
638 5672 738 5745 nobis
766 5673 924 5745 omnibus
951 5672 987 5743 in
1014 5673 1161 5744 solidum
1191 5678 1252 5745 aut
1278 5672 1412 5745 duobus
1439 5672 1494 5745 vel
1513 5670 1572 5743 uni
1598 5678 1771 5763 nostrum,
1789 5670 1855 5761 ple·

307 5818 396 5889 riam,
423 5798 567 5871 liberam
594 5795 892 5885 ouruimodamque
918 5798 1145 5886 potestates„
1173 5794 1216 5867 de
1243 5800 1278 5867 et
1304 5814 1409 5885 super
1434 5790 1538 5866 dictis
1565 5792 1727 5885 decimis,
1755 5798 1858 5885 atque

307 5921 452 6013 singulis
479 5926 514 5991 et
540 5920 744 6011 subscriptis
771 5917 932 6009 capitulis
959 5922 995 5989 et
1021 5917 1178 5989 articulis
1205 5914 1401 5988 huiusmodi
1429 5914 1604 6007 negotium
1622 5914 1861 6007 tangentibus,

308 6050 344 6113 et
374 6062 462 6133 quae
496 6044 764 6131 praemissorum
800 6040 979 6112 occasione
1015 6060 1229 6131 quocumque
1256 6034 1612 6129 et'qualitercumque
1640 6036 1676 6109 in
1703 6036 1861 6111 futurum

310 6164 360 6234 uti
391 6168 556 6265 ¹possent,
583 6162 766 6233 sirmmarie
802 6169 838 6232 et
865 6162 907 6232 de
934 6162 1037 6252 plano
1066 6162 1140 6233 sine
1167 6162 1314 6252 strepitu
1342 6166 1378 6232 et
1403 6160 1515 6251 figura
1541 6157 1659 6231 iudicii
1687 6157 1863 6247 audiendi,

309 6284 526 6356 exaurirrarrdi
555 6282 792 6373 cognoscendi,
819 6288 925 6355 testes
952 6283 1159 6375 recipiendi,
1188 6282 1456 6374 pronunciandi,
1483 6279 1665 6371 laudandi,
1693 6280 1863 6351 sententi-

313 6404 403 6477 andi.
430 6406 629 6481 diffiniendi.
656 6405 907 6477 cletermiuaudi
935 6411 970 6476 et
998 6404 1207 6497 declarandi,
1230 6404 1336 6478 verbo
1365 6404 1418 6477 rel
1437 6404 1471 6474 iu
1491 6402 1641 6495 scriptis,
1656 6401 1789 6475 stando
1809 6402 1864 6473 rel
