4200 8342
258 1654 330 1726 '23ss
433 1676 436 1689 ·

254 1861 400 1931 fratrum
437 1859 625 1942 minorum,
661 1853 815 1923 virorum
852 1851 894 1921 de
931 1850 1052 1920 ordine
1089 1848 1207 1920 Sancti
1242 1849 1437 1937 Francisci,
1473 1867 1623 1939 quorum
1659 1847 1802 1919 omnium

254 1980 503 2069 descriptiones
530 1976 565 2045 in
593 1978 750 2062 regestro
779 1970 1069 2042 monasteriorum
1095 1968 1361 2059 descripsimus3
1388 1969 1470 2040 item
1490 1968 1639 2041 eeclesia
1656 1967 1802 2058 praelata

254 2106 290 2171 et
316 2099 483 2188 plebanus
510 2097 585 2166 eins
612 2095 718 2165 habet
745 2094 793 2164 ibi
820 2093 980 2184 proprios
1007 2111 1110 2182 agros
1137 2089 1276 2180 liberos,
1303 2111 1367 2180 pro
1394 2111 1457 2162 suo
1483 2089 1647 2181 praedio,
1675 2095 1801 2179 usuet

256 2219 405 2292 necessit
427 2223 471 2288 te.

361 2339 666 2437 Crunuuowrezn
702 2335 786 2406 villa
819 2336 882 2405 sub
919 2335 1084 2424 parochia
1120 2334 1291 2435 ecclesiae,
1311 2333 1354 2404 de
1381 2331 1577 2422 antiqua
1601 2331 1799 2404 Sandeez

256 2464 333 2551 sita,
362 2461 458 2531 ouius
485 2458 682 2549 proprietas
710 2455 754 2527 ad
772 2455 1017 2526 monasterium
1037 2454 1356 2533 Sanctimonialium
1376 2454 1411 2524 in
1439 2437 1615 2543 antiqua
1630 2452 1800 2524 Sandecr

256 2582 417 2671 pertinet.
451 2580 492 2650 In
529 2599 597 2669 qua
633 2582 713 2648 sunt
747 2576 866 2678 decem
899 2575 991 2646 lanei
1017 2574 1269 2664 emethonales,
1296 2575 1378 2646 item
1405 2574 1592 2663 tabernae,
1620 2573 1705 2644 item
1729 2574 1799 2644 hor·

167 2695 174 2704 “
256 2702 427 2789 tulaniae,
467 2700 510 2771 de
547 2699 672 2789 quibus
714 2698 872 2769 omnibns
913 2696 1062 2767 solvitur
1103 2687 1140 2767 et
1175 2696 1379 2767 conducitur
1414 2694 1549 2790 decima
1584 2693 1799 2784 manipularis

256 2829 292 2894 et
327 2820 502 2911 canapalis
537 2841 600 2911 pro
637 2820 838 2911 episcopatu
874 2816 1113 2909 cracoviensi,
1140 2821 1176 2889 et
1210 2816 1308 2890 valor
1344 2817 1418 2889 eius
1451 2813 1497 2886 ad
1528 2814 1651 2888 decem
1677 2834 1798 2888 marces

257 2945 468 3017 aestimatur.
1186 2921 1189 2926 ⁴
1695 2952 1701 2960 ·

757 3061 1085 3133 Moscuoznuuozn
1121 3069 1305 3132 mr'nruon

358 3186 454 3256 Villa
480 3185 612 3255 habens
639 3184 674 3253 in
702 3203 739 3254 se
767 3182 999 3273 parochialem
1027 3182 1208 3252 ecelesiam
1233 3176 1402 3271 ligneam,
1436 3180 1552 3254 Sanct
1571 3237 1578 3252 .
1594 3235 1625 3250 ..
1654 3180 1799 3268 dicatam,

256 3309 353 3378 cuius
380 3306 575 3395 proprietas
595 3304 638 3374 ad
657 3302 1005 3374 sanctimonialesde
1033 3302 1229 3392 antiqua
1255 3301 1461 3372 Sandeez
1486 3302 1650 3392 pertinet
1677 3299 1802 3389 Inque

257 3450 325 3497 nou
362 3432 443 3497 sunt
479 3426 565 3496 certi
600 3425 692 3495 lanei
727 3444 839 3514 neque
874 3423 1118 3514 dimensurati,
1154 3422 1215 3493 sed
1251 3426 1334 3494 sunt
1363 3422 1478 3512 peties
1513 3442 1688 3513 agrorum.
1731 3418 1804 3493 Jem

257 3547 353 3618 illam
379 3547 415 3616 in
443 3545 510 3617 alio
537 3545 613 3616 loco
641 3544 893 3634 descripsimus

923 3663 1153 3734 Banezrezn.

358 3785 453 3856 Villa
478 3786 610 3856 habens
636 3786 673 3856 in
700 3806 737 3855 se
764 3784 943 3856 eeclesiam
971 3782 1204 3874 parochialem
1230 3783 1398 3874 ligneam,
1426 3781 1539 3855 Sanet
1559 3836 1569 3855 .
1588 3838 1623 3853 ..
1652 3783 1820 3873 dicatam,

258 3910 354 3978 euius
390 3906 587 3996 proprietas
624 3905 668 3977 ad
704 3906 960 3977 serenissimum
997 3904 1163 3976 Poloniae
1198 3925 1315 3994 regem
1351 3905 1514 3995 pertinet.
1557 3904 1598 3974 In
1627 3925 1697 3996 qua
1731 3908 1820 3975 sunt

256 4029 346 4099 lanei
374 4026 626 4115 emethonales,
662 4026 705 4097 de
732 4027 858 4117 quibus
886 4026 1044 4097 omnibus
1072 4026 1219 4096 solvitur
1246 4031 1282 4096 et
1308 4024 1513 4096 conducitur
1538 4023 1675 4095 decima
1700 4023 1819 4095 mani-

256 4150 388 4238 pularis
416 4153 452 4217 et
478 4147 653 4236 canapalis
689 4167 752 4238 pro
789 4148 990 4238 episcopatu
1026 4144 1265 4235 Cracoviensi,
1301 4151 1337 4217 et
1362 4145 1461 4218 valor
1496 4144 1571 4217 eius
1606 4145 1836 4220 aestimatur

258 4270 301 4339 ad
330 4291 390 4339 sex
418 4287 561 4339 mareas.

845 4388 1073 4459 Puwumzuu
1100 4408 1231 4460 scura,

362 4507 534 4597 Oppidum
561 4509 693 4578 habens
720 4508 755 4576 in
782 4527 819 4577 se
838 4507 1017 4578 ecelesiam
1035 4509 1266 4598 parochialem
1293 4508 1461 4598 ligneam,
1488 4507 1636 4579 Sanctae
1655 4506 1823 4597 Virginis

174 4664 176 4669 ·
259 4629 392 4699 blariae
420 4628 605 4699 Nativitati
633 4628 803 4717 dicatam,
830 4630 926 4699 euius
953 4630 1149 4719 proprietas
1167 4629 1211 4700 ad
1229 4630 1487 4701 serenissimum
1510 4628 1678 4700 Poloniae
1695 4648 1817 4719 regern

259 4750 428 4840 pertinet,
456 4749 554 4819 iuxta
582 4748 673 4839 quod
702 4750 812 4819 currit
837 4749 960 4820 fluvius
987 4750 1179 4839 Peprod.
1206 4751 1246 4820 In
1266 4771 1332 4841 que
1355 4771 1424 4821 non
1443 4755 1525 4821 sunt
1550 4749 1629 4839 agri
1656 4747 1812 4820 distincti

259 4876 400 4960 propter
428 4875 618 4940 torrentem
646 4869 786 4939 fluvium
813 4869 1004 4960 Poprod,
1032 4872 1091 4961 qni
1118 4870 1196 4942 illos
1222 4870 1422 4961 frequenter
1448 4871 1613 4959 devoret,
1643 4870 1707 4941 sed
1733 4872 1809 4941 sunt

256 4992 366 5081 peties
394 5011 573 5080 agrorum,
601 4990 788 5061 hincinde
815 4991 850 5061 in
878 4991 963 5062 loeis
990 4993 1115 5080 variis,
1143 5013 1230 5082 quae
1248 4991 1373 5063 fluvius
1391 4990 1554 5083 Peprod
1572 5012 1645 5062 non
1665 4994 1805 5081 occupat

258 5112 524 5200 extirpatorum,
560 5117 596 5182 et
633 5111 860 5182 aestimantur
893 5111 937 5181 ad
964 5133 1069 5182 unum
1104 5112 1242 5183 laneum
1278 5119 1314 5183 et
1341 5118 1413 5183 tres
1449 5113 1583 5201 virgas,
1618 5116 1656 5182 et
1683 5111 1806 5183 decime

259 5231 447 5319 pecunialis
475 5233 509 5300 in
537 5231 618 5301 latis
645 5232 776 5320 grossis
804 5232 951 5303 solvitur
968 5253 1031 5321 pro
1050 5232 1250 5322 episcopatu
1278 5231 1515 5323 Oracoviensi,
1537 5233 1586 5304 de
1613 5254 1686 5305 uno
1712 5234 1805 5304 laneo

218 5403 222 5412 ,
259 5372 318 5420 sex
346 5352 463 5439 scotti,
492 5351 596 5421 etde
624 5352 736 5422 tribus
763 5354 869 5441 virgis
897 5360 970 5424 tres
996 5353 1110 5443 grossi
1137 5354 1285 5424 latorum
1312 5363 1521 5444 grossorum.
1547 5353 1638 5426 Item
1667 5355 1805 5426 ecclesia

261 5476 295 5539 et
322 5471 489 5559 plebanus
525 5472 632 5541 habet
659 5472 706 5541 ibi
734 5493 836 5562 agros
864 5474 1024 5563 proprios
1040 5558 1043 5563 ³
1060 5475 1189 5545 liberos
1217 5479 1252 5544 et
1277 5480 1399 5564 prata3
1436 5475 1518 5546 item
1545 5475 1655 5547 habet
1682 5476 1805 5547 curiam

259 5596 293 5661 et
322 5592 461 5662 hortum
481 5596 517 5661 et
535 5592 744 5681 pomerium3
772 5593 854 5663 item
878 5595 984 5665 habet
1001 5595 1145 5667 liberam
1174 5597 1383 5685 piscaturam
1416 5596 1451 5667 in
1483 5595 1588 5667 fluvio
1614 5595 1806 5687 Poproth,

258 5714 341 5783 item
368 5708 475 5783 habet
501 5712 713 5783 offertorium
733 5717 768 5784 et
787 5714 966 5786 denarium
994 5717 1110 5787 Sancti
1138 5717 1254 5804 Petri3
1280 5717 1365 5787 item
1383 5717 1490 5788 habet
1506 5714 1669 5808 cuschae,
1696 5716 1806 5789 decem

259 5853 437 5904 mensuras
466 5833 613 5923 siliginis
640 5838 676 5903 et
702 5833 818 5904 decem
845 5857 974 5907 arenae
1002 5837 1044 5908 de
1072 5843 1147 5909 toto
1175 5838 1319 5928 oppido:
1355 5839 1438 5909 item
1466 5844 1520 5909 est
1546 5838 1596 5909 ibi
1623 5838 1807 5910 advocatus

262 5956 392 6025 habens
428 5954 514 6027 duos
558 5954 694 6045 laneos,
739 5955 781 6026 de
827 5958 951 6046 quibus
991 5957 1095 6028 solvit
1138 5979 1243 6029 rmum
1277 5959 1443 6031 florenum
1479 5959 1614 6031 ratione
1652 5959 1809 6048 decimae,

260 6075 408 6164 plebano
436 6081 472 6146 et
499 6076 665 6148 ecelesiae
701 6077 736 6147 in
764 6077 792 6146 P
801 6100 865 6167 yur
875 6099 1050 6170 uyezna
1085 6080 1242 6169 sehya:
1279 6082 1361 6151 item
1397 6101 1439 6151 ex
1466 6099 1580 6171 zuppo
1614 6080 1809 6153 Bochnensi

259 6197 404 6267 solvitur
440 6197 586 6285 plebano
622 6219 691 6268 una
727 6219 919 6289 sexagena,
955 6205 992 6270 et
1019 6220 1107 6271 unus
1134 6200 1354 6272 centenarius
1390 6201 1489 6291 salia,
1525 6201 1562 6272 in
1599 6202 1811 6291 quibuslibet

259 6322 407 6404 quatuor
433 6317 646 6407 temporibus
664 6319 764 6407 anni3
779 6321 861 6391 item
880 6319 1034 6410 quolibet
1052 6340 1152 6410 anno,
1168 6320 1286 6393 decem
1306 6323 1406 6394 ulnas
1423 6322 1530 6412 panni
1546 6322 1810 6397 mathelensis„

360 6437 604 6526 DAMBROWA,
639 6438 723 6509 villa
749 6441 813 6512 sub
840 6441 1006 6530 parochia
1033 6440 1076 6513 de
1102 6463 1219 6514 nova
1245 6443 1445 6514 Sandecz
1481 6442 1567 6533 sita,
1603 6445 1704 6517 cuins
1731 6466 1809 6537 pro

259 6554 388 6648 prietes
415 6558 459 6632 ad
485 6558 733 6635 monasterium
760 6561 891 6634 ordinis
918 6563 1270 6657 praemonstratensis
1297 6565 1333 6640 in
1359 6563 1486 6639 Noua
1501 6562 1730 6657 ¹Sandecr,
1758 6564 1812 6642 cni
