4200 8342
315 1642 388 1713 156

313 1854 464 1940 quatuor
499 1846 591 1917 lanei
627 1844 880 1935 cmothouales,
907 1845 950 1916 de
977 1845 1103 1935 quibus
1131 1846 1279 1919 solvitur
1304 1846 1341 1916 et
1367 1841 1570 1917 conducitur
1585 1841 1732 1915 decima
1757 1843 1861 1913 mani-

312 1968 446 2059 pularis
472 1972 508 2038 et
534 1966 709 2055 canapalis
736 1985 801 2057 pro
827 1964 1026 2055 praebenda
1052 1963 1281 2056 CraoovIensi,
1308 1983 1397 2057 quae
1422 1968 1568 2039 vocatur
1592 1960 1863 2052 Ianthkouska,

313 2089 468 2185 exceptis
494 2088 601 2159 cortis
627 2085 786 2177 partubus
813 2087 899 2175 agri,
926 2106 1014 2175 qnae
1031 2091 1201 2159 vocantur
1215 2082 1460 2182 przyorperloy,
1479 2080 1864 2178 qnae-diuersitieantnr

314 2211 354 2290 in
386 2209 472 2281 duas
508 2205 730 2299 praebendas
760 2204 1024 2296 Cracoviensos,
1051 2205 1232 2297 videlieet,
1259 2207 1296 2277 in
1321 2204 1583 2279 Lauthkouska
1601 2210 1645 2277 et
1672 2204 1710 2277 in
1736 2201 1864 2277 (iosth-

315 2331 490 2419 ezyczska,
518 2329 578 2418 ita,
605 2324 698 2419 quod
724 2347 794 2397 una
818 2327 968 2417 percipit
994 2348 1063 2398 nno
1090 2347 1181 2399 anuo
1208 2326 1389 2399 aestivalia
1414 2331 1450 2398 ot
1468 2325 1578 2397 altero
1595 2324 1779 2417 hyemalia
1801 2322 1866 2396 Est

253 2522 266 2537 ,
316 2451 422 2525 etiam
447 2449 485 2520 in
511 2446 630 2520 eadem
658 2447 742 2518 villa
767 2447 915 2519 taberna
940 2448 1072 2519 habens
1100 2468 1214 2538 agnou,
1233 2446 1277 2518 de
1296 2447 1421 2537 quibus
1439 2445 1631 2519 decimatur
1647 2443 1865 2539 praebendae

316 2568 615 2661 Gosthezyezslra3
641 2567 725 2639 item
743 2572 833 2639 sunt
859 2569 947 2639 certi
972 2568 1049 2657 agri
1076 2563 1428 2663 aliasprzymyarty,
1455 2566 1498 2639 de
1524 2565 1649 2661 quibus
1675 2564 1866 2639 decimatur

317 2690 537 2784 praebendae
574 2688 814 2778 Graeotdeusi,
841 2708 931 2779 quae
964 2693 1109 2760 uocatur
1135 2686 1342 2763 Gouowska.
1380 2686 1548 2763 itenere
1573 2686 1623 2759 in.
1636 2668 1761 2763 eudem
1783 2686 1867 2761 villa

319 2812 500 2904 praedium
527 2810 736 2900 coenobiale,
763 2810 846 2880 item
874 2815 945 2880 tres
971 2809 1191 2898 hortulauiae
1216 2810 1386 2883 habentes
1412 2828 1525 2899 agros,
1551 2806 1749 2902 dequibus
1776 2806 1866 2881 deci-

319 2940 435 3005 matur
461 2931 679 3023 praebendae
704 2929 973 3020 Lanthkowska,
1000 2936 1134 3020 partem
1160 2934 1276 3002 autem
1307 2929 1456 3023 aliquam
1482 2928 1631 3019 percipit
1656 2928 1867 3001 coenobium.

319 3053 408 3125 Item
434 3053 470 3123 in
498 3052 618 3123 eadem
637 3050 729 3123 ¹villa
755 3048 1073 3141 Glymunthow
1101 3056 1186 3137 sunt
1209 3050 1295 3123 certi
1321 3050 1397 3140 agri
1419 3047 1662 3139 emethonales,
1680 3047 1866 3143 dequibus

322 3174 512 3245 decimatur
538 3172 700 3263 episcopo
727 3170 957 3243 Gracouiensi.
975 3171 1080 3245 ,Item
1107 3171 1205 3243 iuxta
1231 3170 1375 3243 eandem
1401 3169 1519 3243 villam
1545 3167 1868 3262 Glymnnthou

320 3301 375 3366 est
400 3295 470 3365 alia
497 3293 579 3365 uilla
606 3292 700 3363 dieta
726 3290 912 3380 OstroW,
940 3292 1045 3363 otiam
1072 3291 1115 3363 de
1141 3292 1357 3383 proprietate
1382 3290 1693 3365 sanctimonialium
1711 3290 1757 3362 do
1773 3288 1868 3363 Sta-

319 3435 436 3505 nyan
450 3414 571 3503 thky,
590 3412 655 3484 sub
673 3412 839 3502 parochia
855 3411 898 3482 do
917 3410 1291 3506 Proschowycze.
1317 3412 1358 3485 Iu
1376 3433 1446 3505 qua
1458 3412 1530 3485 etsi
1547 3412 1767 3503 episcopatus
1786 3409 1868 3485 Gra·

319 3535 488 3607 coviensis
515 3533 664 3623 percipit
691 3533 858 3604 decimam
876 3533 1127 3624 manipularem
1144 3539 1227 3624 post
1242 3553 1360 3605 omues
1378 3532 1452 3615 iere
1469 3532 1610 3624 incedas,
1627 3532 1736 3635 habet
1752 3537 1868 3605 umen
1996 3524 2004 3531 ’

318 3655 475 3746 praelata
502 3654 584 3726 villa
610 3652 792 3726 Ostrow
819 3660 934 3725 certas
959 3660 1078 3743 partos
1105 3674 1277 3745 agrorum,
1305 3654 1364 3747 qui
1382 3647 1620 3750 przpmyarloy
1634 3652 1810 3744 dicuntur,
1828 3653 1869 3723 do

320 3777 446 3868 quibus
473 3776 606 3846 decima
637 3775 730 3846 cedit
765 3773 984 3864 praebendae
1010 3774 1233 3847 GraoovIensi
1259 3775 1373 3848 dietae
1399 3755 1677 3864 Lauthkowska,
1703 3778 1741 3847 et
1757 3774 1869 3847 aesti-

320 3902 437 3969 matur
464 3896 562 3968 valor
588 3895 741 3967 decimae
768 3895 883 3986 totius,
911 3915 999 3985 quae
1026 3901 1163 3985 spectat
1188 3896 1234 3967 ad
1259 3894 1451 3987 praefatam
1475 3894 1718 3986 praebendam,
1743 3893 1790 3967 ad
1808 3895 1871 3967 tri·

319 4019 419 4109 ginta
445 4037 589 4088 mareas.
624 4017 714 4088 Item
741 4022 796 4088 est
822 4017 871 4088 ibi
897 4016 1264 4107 unum-molendinum
1291 4036 1396 4108 supra
1420 4015 1562 4089 fluuium
1586 4014 1871 4108 Sraenyawa,

321 4139 453 4211 habens
490 4139 618 4210 multos
652 4144 689 4210 et
722 4138 870 4229 optimos
906 4154 1028 4228 agros,
1064 4137 1107 4208 de
1143 4138 1267 4231 quibus
1303 4136 1436 4209 decima
1470 4137 1617 4217 soluitur
1652 4137 1871 4228 praebendae

320 4259 496 4350 praelatae
523 4258 791 4331 Lanthkouslra.
818 4254 906 4330 Item
924 4259 968 4330 do
996 4258 1170 4350 aliquibus
1188 4259 1297 4331 laneis
1315 4258 1418 4331 villae
1435 4257 1612 4349 praelatae
1629 4257 1723 4335 cedit
1738 4258 1873 4332 decima

313 4367 423 4450 ¹alteri
450 4379 669 4467 praebendae
700 4379 939 4472 cracoviensi,
967 4400 1055 4470 quae
1090 4384 1234 4452 vocatur
1259 4380 1623 4473 Rzemyanuzycuta
1650 4380 1747 4455 cuius
1774 4379 1872 4452 valor

324 4499 528 4569 aestimatur
553 4498 599 4569 ad
626 4552 633 4568 .
661 4552 704 4569 ..
748 4514 752 4523 ·

428 4616 579 4708 Geticus,
606 4619 688 4688 villa
714 4619 778 4689 snb
804 4620 970 4710 parocbia
995 4622 1038 4693 de
1064 4621 1423 4711 Proschowy-cue
1450 4622 1526 4712 situ,
1554 4641 1641 4715 quae
1667 4626 1723 4695 est
1747 4622 1869 4695 uniens

325 4737 450 4809 fundus
477 4737 694 4826 praebendae
722 4739 841 4817 Sancti
868 4739 1024 4831 Aegidii,
1051 4743 1189 4815 ratione
1215 4742 1311 4814 cuins
1339 4739 1537 4814 Goroozska
1561 4741 1698 4843 dIcitur⁸¹
1736 4742 1779 4815 In
1806 4764 1873 4835 qua

322 4864 406 4929 suut
432 4859 582 4949 quinquo
618 4859 708 4929 lanei
739 4861 982 4952 emetboualoS,
1008 4863 1092 4933 item
1120 4868 1174 4935 est
1203 4863 1251 4934 ibi
1277 4883 1346 4933 una
1372 4862 1530 4952 taberna,
1555 4867 1591 4937 et
1616 4868 1690 4935 tres
1715 4863 1872 4943 hortula-

323 4978 402 5050 niae
428 4979 595 5049 babentes
623 5000 736 5070 agros,
763 4981 806 5053 de
834 4983 958 5072 quibus
985 4985 1143 5065 omnibus
1171 4984 1319 5055 soluitur
1345 4988 1382 5057 et
1409 4983 1612 5057 conducitur
1636 4982 1773 5061 decima
1799 5006 1870 5059 ma-

322 5099 491 5189 nipularis
526 5103 562 5170 et
597 5102 771 5192 canapalis
808 5104 1027 5194 praebendae
1062 5104 1285 5176 Gracovionsi
1325 5104 1440 5176 dietae
1468 5101 1680 5195 Goreezska‚
1711 5112 1748 5178 et
1775 5107 1873 5179 valor

324 5220 398 5290 eius
417 5220 619 5291 aestimatur
637 5222 682 5293 ad
700 5277 707 5292 .
727 5277 734 5292 .
754 5277 762 5293 .
789 5224 876 5295 ltenr
895 5229 949 5296 est
966 5225 1014 5296 ibi
1033 5226 1264 5298 molendinum
1282 5247 1388 5297 uuum
1407 5226 1442 5297 in
1461 5224 1599 5299 flumine
1617 5224 1873 5318 Srzenyawo,

324 5341 408 5410 item
444 5349 498 5410 est
525 5341 573 5412 ibi
600 5343 779 5431 praedium
815 5346 1013 5416 carronIcale
1039 5347 1075 5415 iu
1102 5352 1175 5418 tres
1203 5368 1342 5438 campos
1369 5340 1536 5438 divisum,
1563 5347 1606 5419 de
1635 5348 1759 5438 quibus
1787 5347 1871 5421 nulli

325 5462 430 5533 soluit
457 5462 632 5553 decimam,
660 5464 720 5535 sed
748 5486 823 5535 enm
849 5486 912 5555 pro
940 5488 978 5537 so
1005 5467 1097 5538 tollit
1123 5473 1160 5539 et
1184 5469 1221 5538 in
1248 5468 1412 5542 horreum
1438 5489 1539 5541 snum
1564 5468 1669 5543 ducib

429 5581 763 5674 Orrurunowrcuu,
790 5586 874 5657 villa
900 5587 963 5658 sub
981 5588 1148 5677 parocbia
1165 5587 1330 5661 ecelesiae
1349 5591 1392 5662 de
1410 5590 1773 5682 Proschow-ycze
1796 5592 1874 5681 sita,

325 5703 421 5775 cuius
448 5706 648 5796 proprietas
674 5706 717 5775 acl
744 5708 991 5780 monasterium
1019 5708 1242 5800 Thyurczcnso
1264 5711 1425 5801 pertinet
1449 5711 1489 5781 lu
1509 5731 1577 5801 qua
1594 5715 1676 5784 sunt
1693 5710 1875 5797 duodecim

324 5824 415 5896 lanei
451 5827 700 5916 crrrethonoles,
729 5828 811 5898 item
844 5850 912 5898 una
938 5830 1101 5919 taberna,
1130 5830 1211 5901 item
1238 5831 1390 5921 quinque
1416 5830 1653 5923 lrortulauiae,
1680 5831 1874 5925 dequibus

326 5948 484 6017 ouilibus
512 5949 606 6041 eugris
633 5948 735 6019 villae
762 5949 911 6021 solvitur
938 5956 974 6020 et
999 5951 1203 6022 conducitur
1230 5951 1362 6022 decima
1388 5951 1612 6043 manipularis
1638 5957 1676 6025 et
1695 5955 1875 6046 canapalis

325 6088 389 6157 pro
417 6071 625 6141 rnonasterio
653 6069 878 6162 Thynczensi,
905 6071 1000 6142 cuius
1027 6072 1126 6143 valor
1152 6073 1355 6144 aestimatur
1381 6071 1426 6144 ad
1452 6073 1576 6165 vigiuti
1606 6077 1757 6165 quatuor
1783 6096 1875 6149 mar·

327 6209 394 6258 cas.
434 6189 521 6259 Itoni
559 6196 612 6261 est
638 6190 871 6263 molendinum
903 6183 951 6263 ibi
987 6191 1023 6262 ln
1049 6191 1187 6263 flumine
1224 6192 1458 6282 Gzeglecz.
1497 6195 1586 6273 Item
1612 6201 1667 6268 est
1693 6194 1743 6269 ibi
1768 6217 1875 6271 uuum

327 6309 506 6398 praedium
533 6310 731 6381 coenobiale
759 6312 936 6403 optimum,
962 6309 1005 6382 do
1032 6312 1130 6383 cuius
1156 6313 1250 6402 agris
1277 6314 1524 6387 monasterium
1540 6316 1690 6411 percipit
1707 6316 1876 6395 decimum

326 6450 390 6520 pro
418 6451 464 6501 se.

431 6548 663 6645 Lnnouuow,
685 6552 769 6625 villa
794 6553 858 6626 sub
875 6553 1041 6646 parochia
1059 6553 1102 6627 de
1120 6552 1441 6651 Proschowycze
1466 6555 1542 6649 sita
1564 6557 1662 6639 cuius
1678 6556 1876 6635 haereditus
