4200 8342
1659 1652 1732 1725 245

183 1861 230 1934 ad
257 1862 536 1933 sanctimoniales
571 1859 745 1951 praelatas
776 1861 812 1932 in
839 1861 1043 1934 Sandecz
1071 1862 1265 1952 antiqua
1290 1861 1451 1951 pertinet.
1489 1861 1531 1931 In
1559 1880 1627 1950 qua
1654 1866 1734 1930 sunt

181 1983 276 2055 lanei
313 1982 567 2071 cmethonaleS,
595 1982 638 2052 dc
675 1983 798 2072 quihus
836 1983 968 2054 decima
1003 1983 1227 2073 manipularis
1263 1990 1299 2053 et
1325 1983 1501 2072 canapalis
1528 1981 1675 2052 solvitur
1700 1985 1736 2052 et

181 2102 389 2176 conducitur
415 2124 479 2193 pro
505 2103 667 2193 episcopo
695 2102 927 2193 cracoviensi,
953 2109 989 2174 et
1015 2103 1114 2175 valor
1140 2103 1343 2174 aestimatur
1370 2102 1414 2173 ad
1441 2157 1448 2171 .
1477 2158 1484 2172 .
1511 2157 1518 2170 .

289 2223 509 2313 TnzncznsZ,
535 2222 619 2295 villa
645 2224 901 2316 snb-*parochia
927 2222 970 2294 de
997 2223 1254 2315 Szyedlecz
1281 2223 1359 2311 sita,
1386 2223 1482 2295 cuius
1508 2224 1631 2295 haeres
1658 2222 1734 2292 Sta-

182 2345 317 2417 uislaus
343 2342 672 2435 Trzeezeszky·
689 2344 732 2416 de
759 2346 890 2416 armis.
919 2399 926 2413 .
954 2399 961 2413 .
989 2399 997 2414 .
1023 2344 1064 2415 lu
1092 2365 1160 2435 qua
1186 2343 1385 2415 sunt-lanei
1411 2343 1662 2431 emethonales,
1690 2341 1732 2413 de

183 2466 312 2556 quihus
338 2464 473 2537 decima
498 2464 795 2567 manipularis‘et‘
814 2465 989 2555 canapalis
1015 2464 1166 2537 solvitur
1191 2469 1227 2535 et
1253 2464 1458 2536 conducitur
1483 2484 1547 2554 pro
1568 2463 1734 2552 episcopo

183 2586 419 2677 cmcoviensi,
445 2592 482 2659 et
507 2585 605 2657 valor
631 2586 706 2658 eius
733 2586 938 2658 aestimatur
964 2586 1008 2657 ad
1038 2639 1045 2657 .
1072 2640 1080 2654 .
1108 2640 1115 2654 .

279 2706 509 2796 daecanus,
537 2705 619 2778 villa
652 2707 718 2779 suh
745 2705 911 2796 parochia
945 2706 988 2778 de
1023 2705 1279 2797 Sayedlecz
1314 2706 1399 2795 sita,
1437 2706 1536 2777 euius
1569 2703 1736 2777 haeredes

184 2828 339 2901 lacobus
366 2832 403 2898 et
429 2826 628 2899 Stauislaus'
648 2827 782 2899 nobiles
808 2827 853 2899 de
879 2826 980 2899 domo
1008 2881 1015 2896 .
1044 2883 1051 2897 .
1079 2881 1087 2897 .
1113 2826 1153 2897 ln
1181 2846 1250 2917 qua
1276 2819 1358 2899 sunt
1385 2827 1476 2898 lanei
1494 2825 1735 2914 cmetlronales,

184 2949 382 3041 dequibus
409 2947 556 3021 solvitur
583 2953 620 3019 et
646 2947 852 3021 conducitur
885 2947 1017 3019 decima
1052 2947 1279 3037 manipularis
1304 2951 1341 3018 et
1367 2947 1633 3036 canapalispro
1660 2945 1733 3035 epi·

184 3090 291 3161 scopo
318 3067 552 3160 cracoviensi,
578 3069 675 3141 cuius
701 3069 799 3140 valor
826 3069 869 3140 ad
898 3122 905 3138 .
934 3124 941 3139 .
969 3123 976 3138 .
1004 3123 1011 3138 .
1038 3068 1134 3140 Item·
1153 3074 1206 3140 est
1234 3067 1283 3138 ibi
1309 3089 1414 3141 unum
1441 3067 1620 3159 praedium
1647 3065 1736 3137 mili·

184 3197 273 3281 tare,
299 3188 343 3261 de
370 3191 467 3261 cuius
489 3188 588 3280 agris
614 3188 980 3280 decimatur'plehano
1007 3189 1042 3261 in
1071 3188 1334 3281 Szedlyecz.

290 3308 501 3398 Mranovvn,
527 3309 611 3382 villa
637 3311 702 3382 sub
729 3310 896 3411 parochia
921 3309 974 3381 de*
992 3309 1248 3400 Sayedleca
1275 3310 1361 3398 sita,
1388 3310 1484 3382 cuius
1510 3310 1634 3381 haeres
1660 3307 1737 3380 cle-

183 3452 282 3503 mens
308 3429 583 3523 Kornensky
610 3431 653 3503 de
680 3430 787 3503 armis
814 3487 821 3501 .
849 3486 856 3500 .
885 3486 892 3500 .
918 3430 958 3501 In
987 3451 1055 3521 qua
1082 3430 1531 3518 suntlaneicmethonales,
1550 3428 1736 3519 dequibus

183 3552 336 3625 solvitur
360 3557 397 3623 et
423 3551 627 3624 conducitur
652 3551 786 3623 decima
811 3551 1036 3642 manipularis
1064 3556 1100 3623 et
1127 3551 1303 3641 canapalis
1328 3571 1393 3641 pro
1420 3550 1674 3642 praehendario
1702 3551 1737 3620 in

184 3672 497 3766 ldyelschtin,
523 3673 693 3745 etvalor
716 3673 802 3744 eius
829 3672 1035 3744 aestimatur
1061 3672 1105 3744 ad
1132 3702 1175 3742 .·.
1203 3727 1211 3742 .
1238 3696 1266 3762 .;
1292 3673 1375 3744 item
1402 3677 1456 3743 est
1483 3672 1532 3744 ibi
1559 3671 1735 3761 praedium

184 3814 291 3865 unum
318 3793 479 3883 militare,
506 3793 550 3865 de
577 3815 644 3885 quo
671 3792 862 3866 decimatur
889 3792 1036 3883 plebano
1064 3792 1101 3866 iu
1127 3792 1358 3882 Saedlecz,
1385 3791 1482 3864 cuius
1509 3791 1607 3864 valor
1633 3792 1736 3863 aesti-

184 3918 304 3987 matur
329 3912 374 3986 ad
402 3968 410 3984 .
437 3966 480 3985 ..
1545 3930 1547 3935 ·

205 4040 208 4045 '
827 4033 1100 4106 Kauvauvozn.

290 4154 387 4227 Villa
411 4154 543 4226 hahens
570 4154 606 4225 in
633 4173 670 4226 se
696 4153 876 4226 ecclesiam
903 4153 1136 4245 parochialem
1162 4153 1321 4244 ligneam,
1340 4153 1488 4226 Sanctae
1506 4153 1641 4225 Mariae
1656 4154 1736 4225 Vir-

183 4276 258 4368 gini
293 4274 465 4365 dicatam,
499 4274 597 4346 cuius
632 4276 828 4366 proprietas
862 4273 907 4346 ad
941 4274 1187 4348 monasterium
1223 4273 1266 4346 de
1301 4275 1500 4366 antiqua
1533 4272 1737 4346 Sandecz

184 4396 351 4490 pertinet.
377 4397 416 4468 In
445 4417 514 4487 qua
539 4401 622 4468 suut
646 4396 866 4487 vigintiduo
893 4395 983 4467 lanei
1010 4396 1264 4485 cmethonales‚
1291 4401 1327 4467 et
1353 4395 1422 4467 duo
1449 4396 1666 4485 scoltetiales,
1693 4395 1737 4467 de

184 4518 312 4610 quibus
326 4518 496 4613 ‚omnibus
522 4516 670 4589 solvitur
696 4516 829 4588 decima
854 4515 1034 4589 fertonalis
1061 4516 1210 4589 latorum
1233 4535 1432 4607 grossorum
1451 4537 1514 4606 pro
1533 4516 1734 4607 episcopatu

184 4638 428 4728 cracoviensi,
453 4644 491 4709 et
524 4637 733 4729 proveniunt
769 4637 817 4710 ihi
844 4657 905 4709 sex
919 4656 1069 4709 „marcae
1095 4637 1245 4709 latorum
1269 4657 1472 4727 grossorum
1499 4636 1734 4727 Progensinm.

183 4760 273 4833 Item
288 4788 294 4797 ·
308 4765 365 4831 est
398 4759 448 4831 ibi
483 4757 644 4831 scoltetia
678 4759 810 4830 hahens
837 4757 923 4829 duos
950 4752 1087 4848 laneos,
1114 4758 1309 4849 dequibus
1336 4757 1469 4830 decima
1485 4755 1643 4828 'solvitur
1669 4777 1732 4846 pro

184 4880 390 4973 episcopatu
417 4876 658 4968 cracoviensi}
684 4878 768 4950 item
794 4878 902 4950 habet
927 4877 1074 4949 ecclesia
1100 4884 1136 4950 et
1162 4878 1236 4950 eius
1263 4878 1431 4968 plebanus
1455 4877 1615 4967 proprios
1633 4898 1734 4966 agros

185 5001 316 5075 liberos
343 5004 380 5073 et
404 5005 516 5091 prata,
543 5019 607 5090 pro
634 5021 697 5072 suo
723 5020 789 5072 usu
815 5005 850 5070 et
873 4998 1091 5070 necessitat.
1637 5006 1646 5020 ·’

289 5121 478 5212 Zaouuzrl,
531 5121 615 5193 villa
641 5122 705 5193 sub
732 5121 897 5213 parochia
922 5119 1087 5192 ecclesiae
1114 5120 1156 5191 de
1183 5119 1290 5191 Kum
1302 5139 1506 5212 yenycza
1532 5121 1612 5209 sita,
1639 5120 1736 5192 cuins

188 5242 388 5336 proprietas
414 5243 459 5315 ad
486 5241 766 5315 sanctimoniales
791 5241 1047 5313 Sandeczenses
1074 5240 1235 5332 pertinet.
1271 5240 1310 5312 ln
1338 5262 1407 5332 qua
1433 5246 1525 5313 sunt¹
1541 5246 1627 5313 octo·
1646 5241 1738 5313 lanei

187 5363 431 5454 emethonales,
457 5363 541 5435 itam
567 5369 622 5437 est
647 5365 696 5435 ibi
723 5362 883 5435 scoltetia
909 5362 1042 5435 hahens
1070 5368 1175 5434 uuum
1203 5362 1340 5434 laneum
1357 5363 1525 5453 liberum,
1552 5362 1739 5453 dequibus

185 5485 347 5559 omnibus
373 5484 522 5557 solvitur
548 5484 681 5557 decima
705 5483 887 5557 fortunalis
913 5484 1064 5557 latorum
1092 5504 1294 5575 grossorum
1322 5483 1549 5575 Progensium
1576 5505 1639 5575 pro
1662 5484 1738 5576 epi-

184 5626 290 5700 seopo
309 5603 553 5695 Gracoviensi3·
564 5605 647 5678 item
672 5605 722 5678 ihi
740 5625 809 5678 non
828 5610 882 5678 est
899 5605 1090 5696 praedium,
1108 5605 1192 5678 item
1209 5605 1376 5678 tabernae
1404 5659 1412 5676 .
1439 5661 1446 5675 .
1475 5660 1482 5675 .
1510 5659 1535 5696 .,
1554 5605 1638 5676 item
1655 5604 1736 5675 hor·

184 5726 341 5801 talaniae
367 5779 375 5796 .
404 5779 446 5797 ..

843 5846 1092 5920 Pnzncavczn.
1239 5874 1242 5883 ·
1310 5942 1315 5951 Ι

286 5967 385 6039 Villa
420 5967 551 6040 habens
587 5968 624 6040 iu
659 5989 695 6040 se
731 5967 964 6059 parochialem
999 5967 1179 6039 ecclesiam
1214 5968 1383 6058 ligneam,
1411 5964 1535 6038 Sancto
1572 5964 1737 6037 Michaeli

182 6090 355 6178 dicatam,
389 6088 486 6161 cuius
521 6087 719 6180 proprietas
754 6094 790 6161 et
825 6088 1086 6178 iuspatronatus
1122 6088 1167 6160 ad
1203 6088 1439 6178 episcopatum
1475 6085 1737 6160 cracoviensem

180 6210 346 6303 pertinet
371 6207 412 6281 lu
438 6228 509 6302 qua
534 6215 616 6281 sunt
642 6214 703 6282 sex
729 6209 820 6280 lanei
848 6207 1092 6299 emethouales,
1119 6209 1202 6280 item
1228 6214 1301 6279 tres
1317 6207 1547 6280 ‘hortulauiae
1567 6208 1736 6280 habentes

183 6350 307 6423 agros,
327 6329 410 6401 item
437 6348 509 6401 una
532 6330 680 6402 taberna
706 6330 837 6401 habens
864 6349 986 6419 agros,
1014 6328 1058 6399 de
1084 6328 1209 6418 quibus
1236 6329 1395 6401 omuibus
1421 6327 1568 6401 solvitur
1594 6333 1630 6400 et
1656 6341 1737 6400 con·
1868 6366 1872 6381 ι

184 6448 326 6523 ducitur
352 6449 486 6522 decima
511 6449 735 6540 manipularis
762 6455 798 6522 et
823 6448 999 6539 cenapolis
1026 6448 1243 6539 episcopatui
1270 6447 1502 6540 cracoviensi,
1525 6449 1622 6522 cuius
1639 6448 1737 6522 valor

186 6570 389 6649 aestimatur
415 6569 461 6652 ad
488 6589 550 6649 sex
576 6588 721 6650 marus.
748 6570 836 6645 Item
863 6577 918 6647 est
943 6569 993 6646 ihi
1019 6590 1127 6651 unum
1155 6569 1335 6671 praedium
1361 6570 1737 6670 episcopalemque
1854 6570 1870 6641 '.
1919 6624 1924 6629 -
