4200 8342
1694 1673 1769 1745 383
1837 1658 1843 1669 ’

219 1851 358 1939 ducitur
394 1866 527 1938 decima
552 1868 778 1958 manipularis
804 1874 841 1941 et
867 1870 1043 1962 canapalis
1071 1871 1106 1942 in
1131 1870 1354 1967 portulacam,
1395 1877 1457 1949 sed
1484 1877 1661 1970 perceptio
1697 1879 1770 1951 eius

220 1987 485 2076 diversificatum
511 2008 592 2059 uam
609 1994 694 2079 post¹
707 2011 809 2081 agros
828 2011 950 2063 versus
977 1993 1131 2065 Busko
1158 1994 1254 2087 sitos,
1281 2000 1430 2090 percipit
1456 1999 1551 2071 illam
1573 2001 1771 2092 praebenda

220 2108 263 2181 de
289 2107 469 2199 Ghotel,
492 2114 534 2182 at
559 2110 663 2181 valor
684 2111 758 2182 eius
786 2113 988 2184 aestimatur
1015 2114 1060 2186 ad
1087 2115 1280 2205 quindecim
1307 2139 1459 2210 marcas,
1496 2120 1539 2194 de
1565 2122 1660 2211 agris
1687 2142 1770 2194 vero

85 2319 92 2336 f
220 2231 297 2301 sitis
324 2249 445 2302 versus
472 2230 740 2322 Visliciam‚
768 2234 916 2324 percipit
941 2234 1035 2306 illam
1062 2237 1227 2327 cantoria
1256 2243 1293 2310 et
1320 2239 1418 2312 valor
1444 2242 1522 2314 eius
1549 2241 1594 2314 ad
1621 2242 1769 2315 sedecim

221 2372 358 2424 mareas
384 2351 596 2424 aestimatur.
623 2352 710 2425 Item
736 2352 956 2427 hortulaniae
982 2375 1052 2427 non
1080 2362 1170 2429 sunt.

323 2472 610 2562 Lraruanrczm
645 2472 729 2545 villa
754 2475 819 2547 sub
846 2475 1012 2565 parochia
1037 2477 1082 2548 de
1108 2475 1277 2550 Ghotel
1305 2478 1526 2555 Custodia
1553 2482 1638 2573 sita,
1674 2485 1770 2556 cuius

219 2594 344 2666 haeres
372 2592 536 2665 Nicotaus
562 2592 743 2667 Radost
768 2594 812 2667 de
838 2596 1064 2686 Byeehow
1090 2598 1260 2671 subiudex
1278 2599 1570 2673 Sandomiriensis
1597 2603 1640 2675 de
1667 2605 1772 2675 armis

219 2712 444 2805 Powalya
471 2714 513 2785 In
540 2734 609 2805 qua
635 2719 717 2786 sunt
743 2714 924 2789 duodecim
952 2716 1043 2789 lanei
1070 2719 1313 2810 emethonales,
1340 2722 1422 2793 item
1450 2743 1519 2794 una
1537 2725 1686 2796 tnherna
1711 2727 1773 2797 ha-

220 2834 306 2905 hens
332 2855 451 2925 agros,
487 2834 684 2925 dequibus
711 2837 869 2910 omnihus
904 2838 1050 2910 solvitur·
1077 2845 1114 2910 et
1140 2840 1344 2912 conducitur
1378 2842 1512 2914 decima
1547 2845 1772 2935 manipularis

221 2959 258 3027 et
283 2955 548 3047 canapalispro
577 2956 776 3048 praehenda
801 2956 919 3030 Sancti
938 2956 1103 3031 Stanislai
1130 2961 1166 3030 in
1194 2959 1376 3052 Ghotel,
1403 2969 1439 3034 et
1456 2964 1554 3036 valor
1572 2967 1647 3037 eius
1661 2966 1770 3037 aestl-

222 3082 338 3147 matur
363 3075 408 3148 ad
434 3076 583 3150 sedecim
619 3097 760 3151 marcas.
804 3079 893 3151 Item
919 3080 1100 3171 praedium
1135 3101 1205 3153 non
1232 3087 1303 3172 est,
1343 3085 1427 3157 item
1459 3085 1678 3158 hortulaniae
1705 3106 1773 3157 non

222 3202 313 3270 sunt.
1129 3243 1136 3252 -

325 3318 523 3409 women,
558 3320 642 3392 villa
668 3322 733 3394 suh
768 3323 934 3413 parochia
967 3322 1012 3396 de
1045 3323 1226 3396 Buszko
1254 3325 1339 3415 sita,
1375 3327 1472 3399 cuius
1498 3327 1667 3400 haeredes
1694 3327 1771 3400 Gle-

222 3461 318 3513 mens
344 3443 382 3513 et
406 3441 534 3536 Petrus
559 3440 845 3516 Korzensczi
872 3444 916 3517 de
942 3445 1049 3517 armis
1075 3444 1253 3535 Strepe.
1298 3446 1339 3517 lu
1366 3467 1435 3537 qua
1461 3453 1542 3519 sunt
1567 3449 1660 3544 lanei
1684 3468 1772 3522 eme-

223 3562 391 3653 thouales‚
432 3563 477 3635 de
503 3564 628 3654 quihus
654 3566 815 3639 omnihus
849 3566 997 3639 solvitur
1023 3568 1061 3638 et
1087 3566 1293 3638 conducitur
1313 3566 1451 3640 decima
1476 3569 1703 3661 manipularis
1739 3574 1774 3643 et

221 3683 394 3774 canapalis
417 3705 480 3775 pro
507 3686 706 3775 praebenda
723 3686 840 3770 Sancti
857 3686 1022 3760 Stanislai
1048 3687 1085 3757 in
1112 3685 1295 3777 chatel,
1322 3692 1360 3760 et
1385 3690 1484 3761 valor
1509 3691 1584 3761 eius
1610 3692 1772 3764 aestima-

221 3808 280 3876 tur
305 3804 351 3877 ad
383 3811 534 3896 quatuor
559 3827 702 3880 marcas.
728 3808 816 3881 Item
842 3829 912 3881 uon
939 3812 993 3881 est
1018 3807 1209 3898 praedium,
1236 3827 1305 3880 non
1333 3814 1415 3882 sunt
1441 3811 1670 3884 hortulauiae.

848 3928 1142 4001 -Prnnnzrczom

325 4046 497 4142 Oppidum
522 4048 569 4125 in,
587 4069 655 4141 quo
681 4049 891 4141 parochialis
918 4053 955 4121 et
981 4049 1219 4121 conventualis
1255 4049 1417 4139 ecelesia,
1444 4048 1559 4140 lapide
1586 4071 1648 4141 per
1675 4053 1771 4125 Shi-

222 4189 380 4258 gneum
416 4170 625 4243 cardinalem
657 4177 811 4261 murata,
853 4171 976 4244 honori
1012 4169 1129 4241 Sancti
1163 4168 1332 4240 Johanuis
1368 4169 1613 4261 Evangelistae
1650 4173 1775 4264 dicata,

222 4290 355 4362 ordinis
381 4290 484 4363 Beati
510 4290 611 4364 Pauli
646 4293 750 4382 primi
785 4293 992 4380 heremitae;
1034 4291 1130 4362 euius
1166 4290 1239 4361 iam
1252 4297 1455 4382 proventus
1492 4298 1528 4364 et
1554 4293 1712 4365 redditus
1739 4295 1775 4365 in

221 4416 379 4502 regestro
398 4414 686 4486 monasteriorum
704 4413 961 4505 descripsimus
982 4412 1223 4484 hebetantem
1241 4413 1459 4502 parochiales
1481 4413 1592 4504 villas3
1612 4414 1777 4507 oppidum

221 4531 579 4625 Pyandziczow‚
619 4535 737 4609 villas:
776 4536 1068 4626 Koporinya,
1099 4532 1453 4625 Wyercziczow,
1493 4534 1774 4627 Podlausze,

224 4654 442 4747 Brzesze‚
469 4656 756 4750 Parsziwlra‚
782 4657 1013 4749 Kowalye.

862 4779 1155 4851 Wrnaczrczow.

327 4897 420 4971 Villa
447 4899 530 4971 olim
555 4899 752 4972 hominihus
779 4918 956 4990 possessa,
984 4898 1046 4970 sed
1072 4899 1110 4969 in
1136 4901 1358 4987 augmentum
1377 4897 1503 4987 oppido
1522 4897 1772 4990 Pyandzicori-

156 5082 157 5085 a
223 5021 299 5092 ensi
326 5041 403 5092 cum
429 5020 524 5110 agris
552 5020 658 5111 unita,
696 5020 734 5090 iu
761 5041 830 5110 qua
855 5023 910 5091 est
936 5019 1083 5091 ecclesia
1108 5017 1262 5108 pulchra,
1288 5017 1449 5090 tabulatu
1474 5017 1611 5108 lapideo
1639 5019 1770 5110 quadro

223 5139 399 5232 fabricata,
426 5141 618 5231 horrerique
645 5141 777 5213 Beatae
802 5139 939 5212 Mariae
965 5140 1091 5229 dicata,
1118 5157 1160 5210 ac
1184 5139 1396 5210 monasterio
1415 5142 1452 5210 et
1469 5138 1634 5212 eeclesiae
1660 5139 1774 5231 Pyuu·

222 5261 461 5354 driczovieusi‚
487 5283 551 5354 per
577 5261 820 5353 Shigneum
846 5260 1057 5334 cardinalem
1084 5263 1120 5331 et
1145 5258 1344 5350 episcopum
1370 5257 1635 5334 cracoviensem
1661 5263 1775 5334 incor-

223 5389 356 5474 porata
393 5386 490 5458 cuius
516 5389 705 5477 proventus
731 5385 768 5455 in
793 5382 1027 5474 dauipttono
1062 5382 1267 5464 monasterii
1293 5380 1641 5482 Pyandziczorieusis
1669 5403 1777 5456 anno-

224 5505 395 5593 lavimus3
422 5508 521 5579 cuius
547 5511 650 5580 eraut
675 5505 892 5599 parochiales
918 5505 1040 5578 villas:
1076 5502 1436 5595 Wyereziezow,
1463 5503 1777 5598 Parszywale,

226 5620 452 5714 Kowalyc.

889 5747 1116 5824 naturamve.

329 5862 425 5935 Villa
448 5865 683 5955 parochialem
713 5867 893 5944 eeclesiam
918 5859 1035 5960 lapide
1061 5867 1266 5940 fabricatam
1291 5865 1424 5938 habeus
1454 5865 1492 5936 ln
1519 5883 1565 5953 se,
1592 5869 1629 5935 et
1648 5861 1776 5936 Sancto

224 5985 416 6059 Laurentio
451 5988 598 6077 martyri
633 5985 800 6078 umam,
840 5988 938 6062 cuius
972 5990 1096 6062 haeres
1130 5988 1310 6061 Johaunes
1350 5983 1776 6076 Guroszwanczsky

224 6108 353 6182 nobilis
388 6109 433 6181 de
458 6107 562 6181 domo
587 6106 775 6182 Bosuae.
825 6109 867 6194 ln
882 6129 965 6200 :qna
990 6114 1074 6182 suut
1109 6114 1241 6199 septem
1277 6106 1371 6178 lanei
1406 6106 1657 6195 emethouales,
1693 6106 1777 6177 item

223 6232 380 6323 taberna,
405 6231 491 6305 item
517 6230 745 6321 hortatorias,
769 6227 1053 6324 itempraedinm
1078 6250 1184 6302 unum
1210 6227 1371 6320 militare,
1395 6228 1440 6302 de
1467 6228 1592 6320 quibus
1617 6227 1777 6301 omnihus

226 6354 373 6427 solvitur
399 6357 437 6426 et
461 6351 666 6428 conducitur
701 6351 834 6425 decima
860 6349 1086 6460 manipularis
1100 6351 1152 6423 'et'
1175 6348 1351 6441 canapalis
1378 6337 1442 6441 pro
1469 6349 1614 6422 ecclesia
1640 6354 1676 6420 et
1702 6349 1777 6419 eins

226 6473 374 6563 plebano
401 6476 438 6550 iu
464 6476 722 6567 Michalow‚
748 6479 786 6547 et
802 6465 1216 6592 rahueiupffies'timatur
1233 6470 1278 6544 ad
1294 6477 1373 6546 octo
1391 6491 1536 6546 mareas.
1567 6471 1653 6548 Item
1671 6470 1785 6548 hahet¹
