4200 8342
303 1610 377 1690 bill)

300 1823 432 1914 quihus·
450 1820 609 1916 omuibus
635 1820 788 1892 solvitur
805 1818 943 1922 'decima
969 1818 1211 1920 manipularis,
1238 1837 1302 1914 pro
1321 1818 1466 1890 ecclesia
1492 1818 1684 1909 parochiali
1710 1819 1850 1890 eteius

298 1942 447 2033 plebano
473 1941 508 2012 ln
534 1940 859 2032 Pyrzsznicza,
885 1946 921 2012 et
948 1940 984 2011 bi
1003 1960 1122 2014 omnes
1148 1941 1224 2030 agri
1252 1940 1480 2013 aestimantur
1496 1939 1542 2011 ad
1560 1946 1693 2032 septem
1719 1940 1849 2013 laneos.

336 2106 339 2110 -
403 2061 517 2134 Villae
544 2062 776 2155 parochiales:
804 2060 977 2154 Oppidum
1003 2061 1336 2154 Pyrzsznicza‚
1363 2059 1615 2154 Stroyuow.

991 2286 1157 2359 Lussow.

400 2426 495 2498 Villa
529 2427 662 2498 habeus
697 2425 733 2497 in
768 2445 805 2498 se
837 2426 1071 2516 parochialem
1105 2425 1283 2499 ecclesiam
1319 2425 1486 2517 ligneam,
1522 2424 1650 2504 Sancto
1686 2424 1849 2496 Andreae

296 2547 467 2637 Apostolo
493 2547 661 2638 dicatam,
697 2547 794 2618 cuius
820 2547 987 2619 haeredes
1021 2547 1327 2640 Lyssowszky
1353 2546 1401 2618 de¹
1424 2546 1529 2618 armis
1555 2545 1695 2636 Rosa,
1721 2544 1848 2617 Petrus

296 2667 618 2759 Budkowszlry
645 2668 688 2739 de
715 2669 820 2739 armiS
847 2667 1143 2761 Kopaszyna‚
1178 2668 1355 2741 Iohannes
1382 2667 1643 2760 Solyeczlry
1670 2667 1712 2739 de
1740 2667 1848 2738 armis

298 2842 492 2860 ........
530 2791 570 2860 In
598 2811 665 2881 qua
692 2796 773 2861 sunt
800 2791 891 2861 lanei
923 2790 1174 2882 cmethonales,
1211 2791 1295 2863 item
1321 2788 1484 2883 praedia,
1510 2789 1554 2860 de
1581 2803 1727 2879 quorum
1754 2788 1849 2878 agris

296 2911 454 2986 omuibus
481 2910 629 2983 solvitur
654 2918 691 2983 et
717 2911 922 2984 conducitur
949 2911 1082 3012 decima
1108 2912 1333 3005 manipularis
1355 2916 1392 2983 et
1410 2910 1586 3001 canapaIIs
1612 2930 1676 3000 pro
1703 2907 1848 2982 ecelesia

295 3032 331 3102 in
357 3032 522 3124 Lissow,
548 3039 584 3105 et
610 3034 708 3106 valor
734 3033 808 3104 eius
835 3027 1039 3105 aestimatur
1067 3032 1111 3105 ad
1137 3034 1255 3106 decem
1281 3052 1426 3105 marcas.
1458 3031 1546 3104 Item
1573 3021 1849 3122 eeclesiaprae-

293 3153 366 3225 lata
400 3155 509 3227 habet
543 3155 679 3227 laneum
715 3155 751 3226 ln
786 3152 1045 3247 Zdrbanlry.
1086 3154 1174 3227 Item
1209 3156 1317 3228 habet
1351 3154 1456 3226 alium
1493 3172 1651 3244 campum
1686 3172 1848 3243 maguum

226 3353 231 3362 ,
295 3297 475 3367 agrorum,
512 3282 650 3349 euntem
685 3296 748 3367 per
774 3282 944 3367 montem,
981 3297 1090 3367 usque
1125 3276 1170 3348 ad
1197 3276 1328 3349 Brod.
1368 3275 1454 3348 Item
1490 3275 1597 3347 habet
1632 3274 1703 3346 tria
1737 3278 1850 3364 prata,

295 3419 399 3469 unum
413 3403 494 3489 post
510 3396 658 3488 Malek,
677 3396 824 3469 alterum
832 3412 999 3487 magnum
1014 3402 1095 3487 post
1107 3403 1247 3489 pratum
1261 3397 1387 3488 curiae,
1405 3395 1547 3469 tertium
1565 3395 1601 3467 in
1616 3394 1849 3486 Zdrbanhy.

293 3518 383 3590 Item
409 3519 514 3604 habet
540 3539 644 3589 unam
670 3519 903 3589 hortulauiam
930 3517 1059 3590 ibidem
1086 3519 1121 3589 in
1149 3518 1325 3610 Lyssow,
1352 3523 1388 3590 et
1411 3518 1578 3611 piscinam
1596 3524 1677 3608 post
1703 3516 1849 3588 eandem

294 3639 535 3711 hortulauIam.
562 3638 668 3711 euius
695 3645 810 3711 rector
828 3638 1006 3711 Johannes
1034 3639 1197 3711 sacerdos
1215 3641 1409 3712 modernus.
1436 3639 1523 3711 item
1544 3639 1650 3711 hahet
1667 3638 1849 3710 tabernam

294 3760 580 3852 proprietariam,
606 3781 715 3852 prope
742 3761 908 3851 piscinam
936 3782 1033 3834 suam
1060 3761 1225 3849 liberam,
1252 3761 1436 3834 habentem
1463 3781 1585 3852 agros,
1612 3759 1656 3833 de
1683 3780 1752 3852 qua
1778 3759 1850 3829 sin·

246 3867 249 3872 ’
293 3881 384 3969 gulis
411 3882 510 3953 annis
537 3881 686 3954 soletur
712 3882 779 3954 sibi
806 3903 938 3955 census.

399 4001 691 4095 Gunzuncmczn,
726 4004 811 4076 villa
836 4005 901 4078 sub
928 4004 1094 4096 parochia
1124 4004 1289 4078 ecclesiae
1316 4003 1360 4075 de
1386 4003 1576 4096 Lyssou
1599 4003 1676 4075 sita
1711 4000 1752 4073 In
1780 4021 1850 4093 qua

294 4129 375 4195 suut
400 4123 492 4196 lanei
519 4124 770 4214 cmethonales,
797 4124 840 4197 de
867 4126 992 4218 quihus
1019 4126 1167 4198 solvitur
1185 4131 1223 4198 et
1240 4125 1445 4198 conducitur
1462 4124 1596 4208 decima
1621 4122 1848 4214 manipularis

295 4248 331 4313 et
358 4245 533 4334 canapalis
559 4267 624 4335 pro
659 4247 859 4336 episcopatu
893 4243 1133 4337 Gracoviensi,
1160 4253 1197 4319 et
1224 4246 1322 4319 valor
1354 4246 1429 4318 eius
1464 4246 1669 4318 aestimatur
1703 4243 1749 4315 ad
1775 4237 1850 4314 tres'

294 4362 458 4435 fertones.
484 4366 572 4435 Item
591 4373 673 4438 snut
692 4368 741 4438 ibi
769 4368 828 4437 alii
846 4368 939 4439 lanei
959 4368 1194 4466 cmethonales
1220 4372 1256 4439 et
1281 4366 1443 4459 praedia,
1469 4366 1512 4439 de
1539 4366 1664 4459 quihus
1691 4363 1852 4437 omnibns
1894 4362 1902 4372 ’

295 4485 441 4562 solvitur
468 4485 600 4557 decima
627 4487 849 4579 manipularis
876 4488 1040 4559 ecclesiae
1068 4490 1104 4560 in
1120 4479 1326 4579 'Lyssow,
1352 4495 1389 4559 et
1415 4488 1519 4561 valor·
1540 4487 1615 4560 eius
1641 4485 1850 4559 aestimatur

294 4594 482 4677 adderem
508 4627 651 4678 marcae.
686 4609 772 4680 Item
799 4609 835 4679 iu
862 4608 945 4680 villa
975 4608 1304 4681 Obrzelczicze
1331 4615 1412 4681 sunt
1437 4609 1545 4700 aliqui
1570 4609 1662 4680 lanei
1689 4611 1725 4679 et
1750 4607 1848 4698 agri,

165 4721 168 4726 ’
296 4727 339 4798 de
371 4728 497 4818 quibus
533 4729 724 4801 decimatur
750 4750 814 4821 pro
851 4751 970 4804 mensa
1004 4731 1194 4824 episcopali
1230 4729 1469 4823 Cracovieusi,
1496 4731 1593 4803 cuius
1620 4729 1719 4803 valor
1743 4728 1852 4801 aesti-

298 4854 415 4920 matur
441 4848 486 4922 ad
513 4856 585 4923 tres
612 4850 774 4924 fertones.

397 4972 594 5063 Bnunzow,
622 4973 705 5046 villa
731 4973 796 5048 sub
823 4975 989 5066 parocbia
1015 4975 1059 5047 de
1086 4974 1254 5065 Lyssow
1280 4974 1357 5048 sita.
1381 4973 1425 5048 In
1452 4993 1522 5065 qua
1538 4979 1620 5046 sunt
1645 4972 1737 5046 lanei
1755 4991 1849 5045 cme-

294 5094 454 5164 thonales
481 5095 565 5166 item
591 5095 775 5186 tabernae,
813 5096 896 5167 item
923 5088 1168 5186 hortulaniae,
1196 5097 1278 5168 item
1313 5096 1475 5186 praedia,
1510 5095 1552 5168 de
1580 5115 1726 5186 quorum
1753 5094 1850 5184 agris
1917 5075 1922 5084 ’

294 5214 452 5286 omnibns
479 5214 625 5287 solvitur
651 5224 687 5288 et
713 5216 918 5289 conducitur
945 5216 1077 5290 decima
1103 5216 1329 5307 manipularis
1347 5222 1385 5290 et
1402 5217 1586 5309 canapalis,
1613 5237 1677 5306 pro
1704 5213 1850 5286 ecclesia

294 5333 330 5402 in
358 5334 556 5427 Lyssow,
582 5337 679 5409 cuius
706 5337 804 5409 valor
831 5337 875 5410 ad
902 5338 1020 5410 decern
1047 5359 1183 5411 marcas
1209 5339 1425 5412 aestimatur.

399 5454 583 5548 Zanouzu,
609 5457 693 5529 villa
719 5458 783 5530 sub
809 5460 975 5549 parochia
1001 5459 1045 5533 de
1071 5460 1237 5551 Lyssow
1263 5460 1341 5533 sita
1366 5459 1408 5531 In
1435 5480 1504 5552 qua
1530 5464 1613 5532 sunt
1637 5458 1730 5531 lanei
1756 5476 1848 5529 cme—
1943 5475 1952 5494 ‘

293 5573 463 5669 thonales,
490 5577 574 5649 Item
600 5578 765 5670 taberna,
800 5580 884 5652 item
909 5580 1147 5671 hortulaniae,
1178 5581 1262 5653 item
1289 5580 1478 5674 praedium,
1505 5581 1548 5653 de
1576 5599 1722 5673 quorum
1749 5579 1847 5670 agris

294 5700 452 5772 omrribus
480 5699 627 5773 solvitur·
654 5707 690 5773 et
716 5701 918 5774 conducitur
944 5702 1078 5776 decima
1103 5702 1330 5795 manipularis
1357 5710 1394 5776 et
1411 5704 1585 5794 canapalis
1612 5723 1675 5794 pro
1702 5700 1850 5776 ecclesia

293 5818 329 5892 ln
357 5821 554 5915 Lyssow,
581 5823 679 5895 ouius
705 5823 804 5897 valor
829 5824 1034 5897 aestImatur
1061 5823 1106 5895 ad
1133 5824 1251 5896 decern
1278 5843 1420 5897 marcas.

398 5943 742 6035 Gnnraarowrczu,
778 5946 862 6019 villa
898 5946 962 6018 suh
989 5945 1154 6036 parochia
1189 5945 1232 6016 de
1259 5945 1443 6038 Lyssow
1478 5946 1556 6019 sita.
1594 5943 1635 6018 Iu
1663 5964 1731 6037 qua
1766 5949 1850 6015 suut

294 6062 385 6135 lanei
412 6066 664 6157 cmethonales,
691 6067 733 6138 de
761 6067 885 6157 quihus
911 6067 1085 6156 omnibus,
1111 6065 1258 6139 solvitur
1285 6071 1321 6139 et
1347 6066 1552 6140 conducitur
1579 6066 1712 6140 decima
1737 6065 1850 6136 mani-

293 6187 425 6276 putaris
462 6194 498 6259 et
525 6189 700 6278 carrapalis
735 6209 799 6280 pro
827 6188 1027 6278 episcopatu
1063 6185 1302 6280 Gracovieusi,
1339 6195 1375 6261 et
1402 6189 1499 6263 valor
1533 6189 1608 6261 elus
1644 6188 1851 6272 aestimatur

293 6307 336 6376 od
363 6329 466 6379 unam
493 6329 654 6380 marcam.
680 6309 768 6379 Item
796 6313 877 6380 sunt
903 6308 953 6382 ibi
978 6308 1050 6381 tria
1075 6308 1220 6399 praedia
1245 6309 1431 6400 milhmin,
1465 6310 1507 6381 de
1544 6310 1669 6401 quihus
1695 6307 1848 6382 solvitur

293 6425 424 6498 decima
451 6427 675 6518 manipularis
693 6448 756 6518 pro
775 6429 920 6501 ecclesia
941 6430 978 6501 iu
1000 6429 1171 6519 Lissow,
1197 6434 1234 6501 et
1252 6428 1351 6501 valor
1368 6430 1444 6502 eius
1470 6430 1675 6502 aestImatur
1702 6428 1756 6500 ad.
1773 6435 1849 6500 tres

297 6561 440 6619 marcas.
466 6550 551 6621 Item
580 6557 661 6621 sunt
679 6550 728 6622 ihi
747 6550 815 6623 duo
833 6551 946 6641 campi
972 6549 1179 6641 praediales,
1205 6571 1294 6622 unus
1320 6569 1419 6623 secus
1445 6544 1620 6642 stratam,
1637 6572 1725 6642 quae
1751 6549 1851 6622 ducit
