4200 8342
1738 1628 1809 1700 241

257 1822 435 1909 tempore,
462 1819 559 1893 euius
585 1819 747 1893 altarista
783 1821 968 1895 modernus
1004 1824 1241 1897 albenrode
1261 1880 1381 1896 .....
1409 1827 1495 1899 Item
1524 1829 1681 1901 altarista
1707 1834 1811 1928 habet

258 1959 325 2029 pro
353 1940 435 2012 dote
463 1962 583 2033 agrum
611 1953 689 2014 c'um
716 1945 844 2033 pratiS,
873 1945 1019 2017 liberam
1046 1967 1069 2017 a
1094 1968 1217 2037 cerrsu,
1244 1950 1439 2038 proprium,
1462 1951 1527 2021 sed
1554 1952 1597 2022 de
1624 1952 1683 2023 illo
1698 1955 1812 2025 -solvit

257 2058 428 2131 decimam
456 2062 604 2151 plebano
631 2064 666 2133 in
694 2062 892 2152 (lachem
920 2067 1001 2137 item
1021 2067 1127 2140 hahet
1146 2089 1248 2137 unum
1269 2069 1406 2139 hortum
1425 2071 1570 2163 bonum,
1599 2073 1681 2142 item
1709 2075 1812 2144 hahet

257 2199 378 2251 aream
406 2188 443 2252 et
469 2182 608 2281 domum
644 2183 680 2253 in
707 2184 835 2255 circulo
871 2186 988 2275 oppidi
1025 2185 1224 2276 (lachen,
1260 2188 1303 2259 de
1330 2208 1399 2278 quta
1433 2190 1613 2262 solvuntur
1650 2194 1716 2262 sibi
1752 2216 1814 2282 pro

258 2320 368 2373 censu
393 2322 517 2373 rnorem
553 2322 710 2391 marcae,
742 2305 824 2375 item
857 2311 998 2377 tenetur
1033 2306 1179 2396 quilibet
1214 2308 1373 2379 altarista
1407 2310 1562 2407 singulis,
1589 2312 1812 2383 hebdomadis

257 2427 334 2492 tres
361 2422 491 2519 missas·
512 2421 600 2495 feria
625 2406 787 2495 videlieet
814 2434 915 2497 sento
941 2425 984 2497 de
1012 2427 1163 2517 quinque
1191 2427 1407 2518 vulneribus,
1436 2430 1606 2500 sabbatho
1634 2431 1676 2500 de
1704 2432 1811 2502 Beata

257 2538 424 2632 Virgine,
452 2543 508 2614 die
535 2563 616 2617 vero
643 2544 814 2634 dominico
842 2544 884 2617 de
911 2545 1135 2618 Sanctissima
1163 2546 1334 2619 Trinitate
1357 2548 1476 2639 legere
1504 2558 1539 2622 ct
1565 2551 1727 2649 explere,

366 2662 472 2734 Aliud
507 2663 619 2739 altare
646 2672 700 2736 est
727 2664 910 2746 incudem
947 2667 1074 2757 oppido
1108 2667 1290 2741 Cachow
1327 2667 1463 2740 Sanctis
1500 2668 1613 2751 Petro¹
1643 2679 1676 2743 et
1704 2648 1811 2742 Paulo

258 2782 440 2872 Apostolis
455 2782 627 2874 dicatum,
653 2791 689 2855 et
708 2784 798 2875 quod
818 2785 945 2857 Pauus
971 2785 1173 2878 Zlodzey
1193 2789 1318 2863 nobilis
1336 2789 1379 2860 de
1405 2788 1535 2859 familia
1562 2789 1593 2859 h*
1603 2794 1812 2881 yeszoba,
1885 2814 1888 2821 ’

258 2903 385 2975 baeres
412 2903 455 2974 de
483 2904 788 2995 Biskupicze,
821 2906 921 2977 miles
957 2907 1155 2996 hispanicus
1190 2907 1350 2979 fundarit
1385 2915 1421 2979 et
1456 2909 1609 2998 dotavit,
1645 2919 1681 2980 et
1716 2913 1809 2983 dedit

257 3022 419 3113 praelato
455 3023 573 3125 altari·
586 3032 623 3097 (1
649 3025 723 3119 (111(
751 3026 920 3097 altaristis
947 3047 1015 3116 pro.
1038 3036 1212 3117 tempore,
1249 3034 1322 3099 tres
1358 3029 1477 3099 laneos
1514 3049 1590 3099 cum
1617 3032 1709 3101 omni
1737 3033 1810 3102 inre

259 3150 297 3213 et
324 3164 430 3215 censu
449 3145 586 3229 invilla
613 3145 916 3249 Biekupicze3
943 3147 1026 3219 item
1043 3149 1225 3221 tabenram
1254 3149 1289 3218 iu
1317 3149 1601 3237 Bishnpicze
1628 3151 1811 3222 habentem

256 3283 365 3355 agros
391 3271 426 3335 et
454 3271 573 3357 prata,
608 3285 695 3357 quae
722 3266 827 3338 solvit
860 3267 1040 3339 altaristae
1066 3287 1130 3358 pro
1158 3289 1272 3340 amnuo
1309 3289 1413 3340 censu
1449 3275 1526 3339 octo
1554 3290 1702 3358 marcam
1729 3272 1823 3358 item,

259 3382 371 3455 dedit.
396 3383 553 3475 praelato
591 3385 694 3481 altari
730 3386 867 3473 donnum
893 3387 931 3457 in
959 3385 1145 3458 Cachou
1182 3408 1258 3459 curn
1286 3389 1438 3477 pomerio
1466 3396 1502 3459 et
1524 3391 1648 3478 horto,
1684 3390 1718 3459 in
1747 3411 1812 3479 qna

257 3486 421 3573 altarista
448 3510 584 3593 manet;
618 3504 702 3575 item
729 3504 827 3577 dedit
852 3505 1008 3593 praelato
1035 3505 1139 3577 altari
1167 3513 1203 3577 et
1227 3507 1464 3596 incorporavit
1499 3509 1749 3580 braseatorimu
1777 3511 1811 3578 in

257 3624 402 3695 civitate
429 3622 574 3701 Cachow
600 3625 766 3717 liberum,
793 3626 836 3697 (1(
855 3646 923 3715 quo
951 3627 1134 3705 solvuntur
1158 3627 1337 3698 altaristae
1356 3648 1418 3716 pro
1438 3648 1543 3700 censu
1569 3635 1641 3700 tres
1667 3649 1812 3718 marcac,

257 3745 344 3814 item
364 3744 399 3814 in
419 3742 576 3834 praelata
598 3744 681 3832 villa
708 3745 991 3835 Biskupicze
1016 3753 1098 3817 sunt
1116 3747 1239 3841 viginti
1258 3746 1325 3817 duo
1345 3747 1434 3817 lanei
1453 3749 1704 3838 emethanaleS,
1732 3751 1811 3820 item

255 3863 409 3935 taberna
436 3884 504 3936 una
528 3865 661 3937 habens
696 3853 818 3955 agros,
854 3867 937 3937 item
973 3844 1191 3937 hortulaniae
1227 3873 1305 3937 octo
1333 3888 1401 3969 non
1428 3867 1595 3939 habentes
1623 3889 1742 3958 agros,
1770 3870 1811 3939 de

257 3984 387 4075 quibus
414 3984 562 4056 solvitur
588 3984 720 4057 decima
745 3985 972 4075 manipularis
1008 3986 1112 4080 altari
1147 3985 1263 4057 Sancti
1291 3986 1469 4058 Laurentii
1497 3988 1532 4057 in
1559 3988 1703 4058 ecelesia
1730 3987 1813 4058 Gra-

219 4200 224 4206 ·
257 4104 431 4194 coviensi,
467 4105 551 4177 item
586 4111 623 4178 (1
657 4106 833 4196 canapalis
869 4105 1034 4193 solvitur3
1070 4104 1168 4187 a‘alor
1202 4106 1354 4184 decimae
1381 4106 1429 4179 ((1
1457 4106 1635 4187 duodecim
1671 4128 1813 4179 marcas:

262 4226 348 4296 item
376 4225 559 4297 incudem
596 4226 679 4298 villa
713 4226 998 4316 Biskupicze
1034 4234 1089 4297 ((1
1115 4226 1293 4316 praedium
1325 4226 1490 4323 militare,
1527 4227 1574 4298 de.
1605 4248 1672 4318 quo
1704 4238 1739 4299 et
1771 4227 1813 4298 de

258 4345 435 4436 aliquibus
452 4346 546 4437 agris
574 4347 632 4436 qui
659 4368 759 4441 byrrus
786 4324 1025 4436 appellantur,
1053 4367 1139 4436 quos
1167 4347 1284 4449 colunt
1310 4346 1528 4435 emetherius,
1555 4347 1614 4438 qui
1642 4347 1812 4438 quondam

260 4472 363 4537 eram
399 4449 533 4557 curiae,
569 4466 715 4538 soluitur
741 4465 875 4537 decima
908 4452 1127 4557 'praebendae
1153 4465 1356 4555 Sanctorum
1385 4466 1511 4537 Felicis
1538 4475 1578 4536 ot.
1600 4467 1749 4538 Adnncti
1779 4469 1813 4537 in

259 4593 377 4659 castro
396 4585 626 4659 Oracoviensi.
653 4585 805 4659 Tenetur
821 4593 936 4659 aretem
955 4586 1069 4659 dictus
1096 4587 1274 4681 altariata,
1307 4587 1364 4676 qui
1382 4586 1566 4663 modernus
1585 4593 1639 4657 est
1657 4587 1813 4658 Olernens

260 4704 303 4779 de
330 4705 531 4796 Gzchow,
556 4704 703 4799 singulis
737 4707 939 4796 septimanis
966 4707 1053 4785 duas
1089 4707 1229 4796 missae,
1263 4706 1351 4777 feria
1378 4705 1537 4777 videlicet
1572 4706 1722 4795 secunda
1750 4728 1817 4795 pro

261 4824 435 4929 defunctis
468 4824 765 4919 benefactoribm,
801 4824 885 4897 feria
914 4831 1028 4897 antem
1064 4826 1172 4897 tertia
1198 4846 1261 4915 pro
1290 4826 1377 4896 vivis
1405 4832 1440 4911 et
1467 4847 1531 4915 pro
1558 4825 1707 4925 peccatis
1735 4846 1812 4915 per-

261 4952 366 5036 petuo
393 4945 544 5036 explere.

352 5052 356 5059 ¹
934 5063 1151 5140 Rorczrczn.

924 5307 1164 5385 Wnaneczn.

364 5425 460 5500 Villa
486 5427 617 5505 habens
644 5428 679 5501 in
707 5450 744 5501 se
771 5428 1004 5519 parochialem
1032 5426 1212 5499 ecclesiam
1241 5427 1407 5517 ligneam,
1434 5426 1582 5498 Sanctae
1609 5427 1815 5500 Gatheriuno

260 5548 401 5639 Virgini
420 5555 455 5620 et
473 5548 627 5639 Martyri
650 5549 818 5638 dicatam,
847 5548 942 5620 cuius
962 5549 1085 5619 haeres
1113 5546 1238 5617 Petrus
1265 5546 1297 5616 K
1306 5526 1462 5637 mytho
1489 5546 1532 5618 (1(
1559 5549 1666 5617 armis
1692 5547 1815 5617 Srio-

257 5677 428 5765 nyawa.
463 5669 503 5741 In
530 5689 599 5760 qua
625 5678 706 5741 sunt
734 5669 825 5740 lanei
858 5669 1111 5758 crnethonaleS,
1147 5668 1230 5738 item
1258 5667 1441 5756 tabernae,
1478 5666 1560 5737 item
1588 5667 1814 5753 hort-ulauiae,

255 5790 304 5862 de
332 5766 458 5881 quibus
485 5790 632 5863 solvitur
658 5798 694 5862 (1
720 5790 926 5865 conducitur
951 5789 1089 5887 decima
1110 5789 1334 5878 manipularis
1361 5764 1396 5858 et
1423 5786 1597 5876 ca-uapalis
1624 5808 1687 5876 pro
1707 5839 1714 5854 .
1734 5838 1741 5854 .
1760 5840 1768 5854 .
1787 5809 1815 5872 .;

256 5912 346 5981 item
375 5915 428 5981 cst
455 5910 636 6003 ibilunmn
672 5910 850 6000 praedium
886 5909 1053 5997 militare,
1090 5888 1133 5978 de
1161 5909 1257 5979 euius
1293 5908 1386 5995 agris
1423 5906 1556 5976 decima
1590 5905 1814 5994 manipularis

258 6030 427 6102 ecclesiae
453 6035 490 6102 et
515 6030 662 6119 plebano
689 6031 764 6101 eius
793 6032 826 6099 in
846 6029 1114 6119 Wysnycze,
1141 6034 1177 6099 et
1204 6027 1302 6098 valor
1319 6027 1393 6097 eius
1412 6025 1617 6097 aestimatur
1642 6025 1687 6095 ((1
1707 6079 1715 6094 .
1733 6079 1740 6094 .
1760 6080 1767 6094 .
1787 6049 1815 6114 ‚3

259 6151 346 6221 item
375 6150 423 6223 ibi
450 6149 616 6241 plebanus
643 6155 680 6221 et
706 6149 850 6221 ecelesia
885 6148 991 6221 habet
1007 6168 1121 6238 ‚agros
1157 6146 1316 6239 proprios
1344 6151 1378 6215 et
1405 6150 1522 6233 prata,
1562 6164 1624 6235 pro
1651 6166 1714 6214 (11(
1742 6166 1815 6231 usu,
1844 6200 1849 6211 .

261 6269 408 6361 praedio
434 6274 470 6341 (1
496 6270 713 6342 ((((((ἰ1(1(.
1792 6270 1798 6286 ’

275 6458 280 6463 ,
366 6389 607 6476 Donuzrczn,
636 6389 717 6461 villa
743 6391 808 6460 sub
827 6389 991 6480 parochia
1009 6387 1052 6457 de
1069 6386 1356 6478 ,lllysznyeze
1383 6385 1469 6475 situ,
1496 6384 1592 6454 cuius
1619 6384 1814 6472 primniotas

266 6510 308 6583 ad
336 6510 496 6581 abbatem
524 6509 836 6581 Wanchoczeusem
865 6508 1025 6598 pertinet.
1051 6506 1187 6598 Inque
1216 6511 1297 6577 (11111
1324 6504 1413 6577 lanei
1450 6503 1701 6591 eructuantes,
1731 6505 1813 6573 item

367 6675 524 6719 Iolthetle.
537 6677 568 6717 Π.
1607 6651 1644 6698 31
