4200 8342
184 1692 189 1697 ,
274 1611 344 1684 168

269 1818 465 1907 proprietas
492 1817 536 1887 ad
563 1817 725 1888 abbatem
761 1820 796 1887 et
821 1821 1027 1886 conventum
1056 1814 1341 1905 prnicziensem
1367 1813 1530 1904 pertinet.
1574 1812 1616 1883 In
1644 1832 1714 1904 qua
1739 1817 1818 1883 sunt

270 1945 347 2009 octo
374 1938 464 2009 lanei
493 1937 741 2026 cmethonales,
769 1937 851 2006 item
876 1936 1024 2007 taberna
1050 1957 1119 2007 una
1145 1936 1277 2007 babens
1302 1955 1427 2025 agros,
1462 1933 1505 2006 de
1532 1934 1660 2026 quibus
1687 1933 1819 2005 decima

266 2060 441 2148 variatur3
478 2079 557 2129 nam
585 2079 652 2128 uno
680 2079 770 2128 anno
797 2057 978 2147 episcopus
1005 2055 1245 2128 cracoviensis
1281 2056 1375 2146 capit
1409 2054 1578 2127 decimam
1613 2053 1817 2145 hyemalem,

266 2184 301 2248 et
328 2180 496 2268 plebanus
522 2181 558 2249 in
586 2179 819 2269 Xagnicze
845 2178 1065 2267 aestivalem,
1102 2177 1252 2249 secundo
1279 2196 1363 2248 vero
1391 2195 1482 2249 anno
1508 2176 1604 2249 tollit
1630 2176 1816 2267 episcopus

266 2299 465 2370 aestivalem
493 2305 529 2369 et
544 2276 722 2388 ¹plebanus
748 2299 956 2389 hyemalem,
990 2299 1098 2370 tertio
1125 2303 1242 2369 autam
1279 2318 1369 2369 anno
1396 2297 1579 2388 episcopus
1611 2303 1687 2368 tam
1713 2296 1818 2368 aesti-

265 2420 377 2491 valcm
406 2441 508 2510 quam
534 2418 728 2509 hyemalem
754 2441 817 2510 pro
845 2441 883 2491 se
909 2420 1010 2509 tollit,
1037 2420 1207 2510 plebanus
1233 2419 1292 2490 nil.
1330 2417 1442 2490 Valor
1468 2418 1638 2511 hyemalis
1665 2417 1817 2489 decimae

267 2541 310 2610 ad
339 2545 416 2612 octo
443 2560 576 2611 marcas
603 2541 817 2630 aestimatur,
844 2540 1022 2612 aestivalis
1049 2540 1095 2611 ad
1122 2545 1279 2631 quatuor.

369 2661 563 2751 Douvmvr,
599 2661 682 2732 villa
708 2662 771 2732 sub
798 2661 965 2752 parochia
991 2660 1035 2732 de
1068 2661 1336 2751 Xangnicze
1374 2661 1459 2750 sita,
1495 2660 1593 2731 cuius
1620 2660 1817 2751 proprietas
1845 2742 1848 2750 ¹

265 2781 309 2853 ad
335 2783 497 2855 abbatem
533 2789 588 2853 et·
606 2789 811 2854 conventum
839 2782 1123 2872 Thynicziensem
1149 2783 1311 2873 pertinet
1355 2781 1397 2852 In
1424 2801 1493 2873 qua
1519 2803 1588 2853 non
1616 2787 1700 2854 sunt
1725 2782 1816 2853 lanei

266 2903 508 2994 cmethonales,
534 2904 596 2975 sed
622 2903 860 2975 tautummodo
889 2907 965 2975 octo
984 2904 1204 2976 hortulaniae
1230 2905 1400 2976 babentes
1427 2923 1540 2993 agros,
1566 2904 1651 2975 item
1670 2904 1817 2974 taberna

170 3072 173 3081 ·
266 3046 334 3095 una
359 3026 490 3097 habens
522 3045 644 3115 agros,
680 3026 764 3095 item
785 3024 980 3113 ⁸praedium
1017 3025 1216 3096 coenobiale
1242 3026 1389 3115 bonum,
1426 3023 1621 3114 dequibus
1658 3024 1817 3096 omnibus

264 3146 411 3217 solvitur
437 3152 473 3217 et
500 3147 704 3217 conducitur
739 3144 871 3216 decima
897 3145 1122 3235 manipularis
1149 3151 1185 3217 et
1212 3145 1386 3235 canapalis
1413 3142 1578 3216 ecclesiae
1605 3152 1642 3216 et
1669 3144 1816 3235 plebano

265 3266 300 3335 in
328 3265 582 3356 Xaguicze,
610 3271 646 3337 ct
671 3265 769 3336 valor
797 3265 871 3336 eius
898 3265 1104 3336 aestimatur
1130 3265 1176 3337 ad
1201 3285 1263 3337 sex
1289 3285 1433 3337 marcas
1738 3260 1741 3267 ’

367 3385 655 3476 Movuovvvezn,
691 3386 773 3456 villa
809 3388 873 3458 sub
900 3387 1067 3477 parochia
1093 3386 1136 3457 de
1163 3386 1396 3476 Xagnieze
1423 3386 1501 3476 sita,
1529 3385 1626 3457 cuius
1653 3387 1816 3459 haerea..¹

263 3507 585 3599 Przeczyesky
613 3507 656 3578 de
682 3509 789 3594 armis
809 3563 816 3577 .
835 3562 843 3577 .
862 3563 869 3577 .
889 3563 896 3577 .
923 3508 963 3579 In
991 3529 1060 3599 qua
1078 3512 1159 3580 sunt
1177 3508 1269 3578 lanei
1296 3508 1539 3597 cmethonaleS,
1566 3508 1651 3579 item
1669 3496 1817 3579 taberna

265 3650 334 3700 una
360 3630 492 3700 habens
520 3648 642 3719 agroS,
670 3627 712 3699 de
740 3630 864 3719 quibus
892 3629 1051 3701 omnibus
1078 3629 1225 3702 solvitur
1251 3634 1287 3700 et
1313 3629 1516 3700 conducitur
1545 3629 1681 3700 decima
1707 3630 1816 3699 mani-

264 3750 395 3838 pularis
422 3756 459 3820 et
485 3751 658 3840 canapalis
694 3750 860 3821 ecclesiae
888 3755 923 3821 et
949 3751 1099 3840 plebano
1125 3753 1160 3823 in
1188 3751 1506 3842 Xyangnicze,
1542 3756 1579 3821 et
1605 3750 1705 3822 valor
1740 3750 1815 3821 eius

263 3872 468 3943 aestimatur
494 3871 539 3943 ad
566 3872 760 3962 quindecim
787 3892 930 3942 marcas.
957 3873 1051 3945 Item·
1072 3873 1253 3964 praedium
1279 3894 1349 3945 non
1376 3864 1431 3944 est
1457 3873 1516 3945 ibi.

364 3993 677 4084 Zuzrsnnvvvcza,
704 3993 789 4064 villa
816 3992 880 4065 sub
907 3994 1074 4084 parochia
1100 3995 1265 4066 ecclesiae
1292 3993 1337 4065 de
1355 4048 1470 4065 .....
1497 3994 1579 4083 sita,
1606 3994 1705 4065 cuius
1732 3993 1815 4064 hae·

262 4114 363 4187 redes
390 4112 631 4204 Gomolka,
657 4113 832 4186 Martinus
851 4113 1030 4205 Spilak‚
1057 4115 1224 4188 Nicolaus
1243 4112 1683 4206 Grzegoszkowicz,
1709 4112 1815 4189 Nido·

261 4237 336 4307 laus
363 4235 733 4325 Abramkowicz,
760 4236 893 4307 nobiles
920 4235 963 4307 de
990 4237 1096 4308 armis
1116 4291 1229 4309 .....
1256 4243 1337 4328 post
1364 4257 1509 4328 quorum
1536 4255 1639 4326 agros
1667 4240 1705 4305 et
1732 4238 1813 4325 post

264 4356 349 4427 duos
377 4357 577 4428 cmethones
603 4356 732 4427 domini
764 4355 955 4447 Slanka‚
991 4359 1051 4447 qui
1077 4364 1131 4431 est
1158 4360 1263 4432 etiam
1291 4360 1327 4430 in
1353 4364 1453 4450 parte
1479 4357 1680 4448 praedictae
1707 4356 1812 4427 villae

260 4479 394 4568 haeres,
421 4477 569 4548 solvitur
587 4477 719 4549 decima
745 4479 970 4567 manipularis
996 4486 1033 4550 et
1059 4481 1234 4570 canapalis
1261 4481 1408 4571 plebano
1435 4480 1472 4551 in
1499 4477 1750 4569 Xagniczc‚
1776 4482 1814 4549 et

261 4599 359 4671 valor
386 4593 460 4669 ei'us
488 4599 694 4669 aestimatur
720 4599 763 4669 ad
791 4620 852 4670 sex
879 4620 1023 4672 marcas.

363 4719 605 4810 wacaeorum,
641 4719 725 4790 villa
759 4721 823 4791 sub
859 4721 1025 4811 parochia
1059 4723 1226 4795 ecclesiae
1261 4722 1304 4794 de
1331 4722 1566 4813 Xagnicze
1592 4723 1678 4812 sita,
1713 4722 1812 4795 cuius

258 4840 426 4913 haeredes
453 4841 819 4933 Barczkowsczy
846 4843 1001 4932 germani
1029 4842 1072 4913 dc
1099 4845 1206 4915 armis
1225 4897 1418 4914 ........
1445 4843 1486 4914 In
1514 4849 1689 4935 quaeunt
1716 4843 1810 4915 lanei

259 4965 507 5054 cmethonales,
543 4963 586 5035 de
614 4964 738 5055 quibus
765 4964 913 5035 solvitur
940 4969 975 5035 et
1002 4965 1207 5037 conducitur
1233 4965 1366 5037 decima
1391 4966 1617 5056 manipularis
1644 4970 1682 5035 et
1707 4984 1810 5037 cana·

258 5086 345 5174 palis
374 5086 588 5176 episcopatui
615 5083 845 5175 cracoviensi,
873 5091 909 5157 et
935 5086 1032 5158 valor
1060 5088 1135 5158 eius
1162 5087 1368 5158 aestimatur
1389 5066 1439 5157 ¹ad
1458 5140 1570 5157 .....
1613 5086 1702 5157 Item
1729 5090 1810 5179 sunt

258 5206 293 5274 in
321 5206 441 5275 eadem
467 5206 552 5276 villa
578 5206 685 5295 aliqui
712 5206 788 5297 agri
816 5207 998 5298 speciales,
1039 5207 1083 5279 de
1110 5209 1235 5298 quibus
1262 5208 1355 5280 tollit
1382 5208 1550 5279 decimam
1576 5207 1754 5297 plebanus
1772 5206 1809 5278 iu

160 5383 162 5388 .
258 5325 513 5415 Xagnicze‚
542 5326 637 5397 cuius
663 5327 762 5399 valor
789 5328 963 5400 adunam
990 5348 1195 5419 sexagenum
1223 5331 1437 5401 aestimatur.

360 5447 591 5536 Bnaczrrow,
619 5448 703 5518 villa
730 5451 967 5538 superioribus
994 5455 1032 5521 et
1058 5450 1210 5541 antiquis
1237 5451 1452 5542 temporibus
1479 5451 1543 5523 sub
1570 5449 1739 5540 parochia
1765 5448 1809 5523 de

257 5565 510 5658 Xagnieze,
547 5568 721 5640 modernis
748 5576 864 5641 tamen
892 5572 1045 5643 nescitur
1073 5591 1141 5662 qua
1168 5572 1365 5644 conditione
1391 5571 1448 5643 vel
1475 5591 1587 5661 causa,
1614 5571 1679 5643 sub
1704 5590 1811 5663 pare·

256 5690 334 5760 chia
360 5690 402 5762 de
429 5687 608 5781 Usczye
635 5691 711 5780 sita,
739 5697 775 5761 et
794 5692 845 5762 illi
863 5693 962 5764 unita
979 5698 1015 5764 et
1031 5693 1198 5784 subiecta,
1226 5694 1322 5765 cuius
1349 5693 1517 5764 haeredes
1543 5691 1810 5765 Barczlrovv·

256 5833 369 5902 sczy.
414 5813 454 5883 In
482 5833 551 5904 qua
577 5817 659 5884 sunt
685 5811 776 5883 lanei
804 5813 1057 5903 cmethonales,
1094 5814 1175 5885 item
1203 5814 1383 5904 praedium
1406 5814 1578 5905 militare,
1611 5814 1654 5885 dc
1682 5815 1817 5905 quibQ

256 5935 414 6005 omnibus
441 5935 588 6006 solvitur
615 5934 748 6005 decima
775 5935 1000 6025 manipularis
1028 5936 1243 6026 episcopatui
1270 5936 1510 6025 Cracoviensi,
1546 5942 1582 6006 et
1607 5935 1706 6007 valor
1733 5934 1813 6011 eid

256 6053 459 6126 aestimatur
486 6056 531 6126 ad
550 6109 664 6125 .....
691 6056 775 6128 item
802 6060 884 6128 sunt
906 6057 941 6126 in
960 6055 1081 6127 eadem
1107 6054 1191 6126 villa
1217 6057 1356 6147 quidam
1383 6056 1468 6146 agri,
1495 6054 1539 6127 dc
1559 6056 1683 6146 quibus
1702 6054 1810 6129 datur

258 6173 390 6246 decima
416 6177 579 6248 ecclesiae
607 6179 642 6247 in
669 6178 865 6268 Usczye,
893 6177 935 6248 de
953 6176 1128 6249 nonnullis
1147 6178 1252 6248 etiam
1270 6180 1375 6250 certis
1393 6177 1487 6268 agris
1509 6176 1660 6249 solvitur·
1674 6177 1810 6250 decima

259 6295 293 6365 in
321 6295 557 6388 Xagnicze
584 6297 740 6387 plebano.
1401 6377 1404 6383 ,

357 6418 536 6508 lavican,
564 6418 647 6490 villa
672 6420 736 6490 sub
763 6420 929 6510 parocbia
955 6418 1122 6492 ecclesiae
1149 6420 1191 6490 de
1218 6417 1453 6510 Xognicze
1482 6420 1561 6511 sita,
1596 6419 1693 6492 cuius
1720 6438 1805 6511 pro·

256 6537 386 6630 prietas
422 6539 468 6611 ad
494 6538 730 6633 episcopatum
765 6540 1029 6617 &aconensem
1065 6543 1226 6635 pertinet.
1270 6539 1311 6613 Iu
1338 6560 1407 6632 qua
1438 6547 1524 6614 sunt
1556 6524 1679 6614 novem
1713 6541 1807 6615 lanei
