4200 8342
1735 1637 1807 1708 153

258 1843 342 1913 item
356 1840 519 1958 ⁸(prinque
544 1839 764 1912 hortrdaniae
790 1841 957 1912 habentes
985 1860 1106 1930 agros,
1141 1840 1224 1912 item
1253 1846 1402 1931 quatuor
1437 1841 1604 1913 tabernae
1640 1843 1808 1913 habentes
1936 1850 1941 1860 ’

258 1981 378 2052 agros,
413 1961 497 2033 item
532 1960 711 2052 praedium
746 1962 942 2051 episcopale
969 1962 1154 2051 optimum,
1190 1962 1272 2033 item
1299 1962 1371 2032 tria
1407 1962 1605 2034 molendina
1639 1963 1806 2034 habentia

257 2087 377 2173 agros,
414 2081 475 2154 de'
493 2081 617 2174 quibus
633 2081 810 2154 omnibus
847 2082 994 2153 solvitur
1030 2087 1067 2152 et
1102 2082 1305 2153 conducitur
1341 2081 1473 2167 decima
1509 2083 1734 2172 manipularis
1770 2089 1807 2155 et

257 2199 431 2294 canapalls
457 2224 522 2293 pro
549 2202 694 2274 ecclesia
719 2208 755 2274 et
780 2203 930 2292 plebano
957 2203 993 2274 in
1012 2203 1329 2308 Luborz'ycza,
1357 2207 1392 2274 et
1419 2202 1518 2274 valor
1545 2204 1619 2275 eius
1646 2204 1807 2276 aestima·

258 2328 316 2394 tur
342 2323 387 2395 ad
413 2323 538 2414 viginti
572 2343 718 2394 marcas.
756 2323 845 2395 Item
872 2323 1039 2414 plebanus
1075 2325 1181 2395 habet
1208 2324 1369 2414 proprios
1405 2343 1508 2413 agros
1535 2329 1716 2414 etprata,
1743 2345 1807 2414 pro

258 2464 320 2515 suo
345 2443 491 2534 praedio
518 2449 554 2515 et
579 2445 796 2548 necessitate.

359 2563 505 2637 Wonra
539 2563 851 2655 Luaonzrczsnn,
895 2566 978 2637 villa
1012 2566 1078 2637 sub
1113 2565 1279 2655 parochia
1314 2565 1356 2636 dc
1394 2565 1695 2656 Luborzyeza
1729 2569 1807 2660 sita,

258 2684 354 2757 cuius
380 2687 577 2777 proprietas
604 2686 647 2756 ad
666 2686 901 2776 episcopatum
930 2686 1192 2758 cracoviensem
1215 2687 1376 2776 pertinet.
1416 2686 1545 2777 Inque
1572 2693 1654 2758 sunt
1680 2689 1808 2762 duodo-

257 2806 322 2877 cim
349 2803 444 2876 lanei
470 2812 507 2878 et
531 2824 601 2877 una
630 2807 794 2896 taberna,
829 2807 962 2879 habens
989 2827 1110 2896 agros,
1146 2805 1188 2876 do
1217 2807 1341 2896 quibus
1368 2807 1515 2878 solvitur
1541 2813 1577 2878 et
1603 2812 1809 2883 conducitur

261 2924 394 2997 decima
425 2924 652 3016 manipularis
688 2932 724 2997 et
759 2927 932 3017 canapalis
967 2946 1031 3017 pro
1064 2928 1226 3017 episcopo
1262 2925 1499 3017 bracariensi,
1534 2935 1570 2998 et
1603 2929 1700 3002 valor
1736 2934 1809 3004 eius

258 3045 462 3118 aestimatur
488 3046 532 3117 ad
559 3045 739 3118 duodecim
767 3067 909 3119 marcas.
975 3111 979 3116 .

362 3166 595 3239 smrncnow
620 3168 704 3238 villa
722 3169 786 3238 sub
804 3167 971 3257 parochia
997 3167 1040 3237 de
1058 3167 1353 3238 Luborzicza
1380 3169 1465 3257 sita,
1493 3168 1590 3240 cuius
1608 3173 1806 3261 proprietas

256 3287 301 3359 ad
327 3287 524 3378 episcopum
559 3286 822 3360 Gracoriensem
847 3288 1017 3388 pertinet..
1055 3288 1095 3359 ln
1124 3279 1192 3379 qua
1226 3296 1308 3359 sunt
1342 3295 1416 3361 tres
1451 3287 1527 3359 curn
1563 3292 1677 3363 medio
1712 3293 1805 3364 lanei

258 3408 507 3499 emethonales,
540 3408 583 3480 de
611 3410 735 3502 quibus
762 3409 909 3481 solvitur
936 3415 985 3481 et·
999 3409 1203 3481 conducitur
1230 3411 1364 3482 decima
1389 3410 1614 3501 manipularis
1642 3418 1679 3484 et
1704 3434 1808 3486 cana·

170 3523 175 3530 ’
255 3527 345 3620 palis
370 3549 435 3620 pro
462 3529 607 3601 ccclesia
641 3535 678 3600 et
702 3525 849 3621 plebano
886 3531 922 3602 in
948 3530 1302 3622 Lyuborzycna,
1330 3532 1437 3603 cuius
1464 3532 1564 3604 valor
1599 3534 1807 3606 aestimatur

257 3649 304 3721 ad
329 3656 478 3740 quatuor
505 3669 646 3721 marcas.
1360 3743 1362 3748 .

355 3770 627 3861 Kosurnazow,
653 3770 737 3842 villa
755 3772 819 3842 sub
837 3771 1003 3861 parochia
1020 3772 1185 3845 ecclesiae
1204 3773 1247 3844 de
1265 3773 1295 3843 L
1301 3773 1583 3864 yuborzicza
1601 3776 1687 3865 sita,
1707 3777 1804 3848 cuius

116 3913 119 3918 ·
179 3949 185 3954 .
256 3892 453 3983 proprietas
479 3912 543 3982 pro
569 3912 638 3963 una
664 3896 763 3981 parto
790 3891 835 3963 ad
862 3895 1096 3982 episcopatum
1124 3892 1386 3965 Gracoricnsem
1404 3896 1567 3984 pertinet,
1586 3897 1620 3967 in
1641 3918 1710 3986 qua
1728 3905 1808 3968 sunt
1951 3937 1954 3945 .

256 4018 329 4084 tres
364 4033 457 4103 cum,
474 4012 589 4084 medio
624 4011 716 4084 lanei
752 4013 1003 4103 emethonales,
1029 4014 1112 4085 item
1148 4020 1222 4085 tres
1253 4015 1472 4086 lrortulaniae
1499 4016 1667 4088 habentes
1693 4038 1806 4109 agros,

256 4134 337 4206 item
363 4133 519 4224 taberna,
546 4132 590 4205 de
616 4134 741 4225 quibua
768 4133 928 4205 omnibns
953 4134 1102 4205 solvitur
1128 4140 1165 4206 et
1191 4134 1396 4205 conducitur
1421 4136 1554 4206 decima
1578 4139 1804 4227 manipularis

257 4260 293 4326 et
309 4253 486 4347 canapalis
511 4275 576 4346 pro
595 4255 739 4326 ecclesia
764 4255 800 4325 in
818 4255 1131 4347 Laborzycza,
1158 4261 1194 4327 et
1211 4256 1310 4327 valor
1327 4245 1401 4326 eius
1420 4257 1625 4328 aestimatur
1642 4258 1685 4327 ad
1707 4261 1806 4348 quin-

257 4394 323 4467 que
362 4396 506 4449 marcas.
549 4376 639 4448 Item
678 4381 733 4447 est
763 4376 821 4448 ibi
855 4396 946 4448 unus
981 4377 1108 4448 nobilis
1143 4375 1589 4469 Koszmyerzowsky
1624 4380 1805 4463 dedomo

257 4491 528 4588 Griifonum,
556 4496 615 4588 qui
641 4497 748 4580 habet
774 4520 880 4569 unum
906 4499 1085 4588 praedium
1113 4504 1150 4569 et
1166 4519 1270 4570 unam
1287 4500 1478 4589 tabernam,
1496 4500 1681 4571 habentem
1701 4522 1806 4591 agros

256 4619 355 4690 iuxta
388 4623 535 4690 stratam
571 4617 763 4709 publicam3
798 4619 881 4691 item
917 4620 1024 4691 hebet
1049 4625 1087 4690 ot
1113 4619 1328 4690 hortulanias
1356 4624 1392 4689 et
1417 4619 1535 4692 laneos
1563 4622 1806 4713 emethonales,

257 4739 362 4811 etde
388 4739 546 4813 omuibus
573 4739 722 4812 decimat
748 4740 912 4811 ecclesiae
939 4741 975 4811 in
1000 4740 1041 4810 M
1049 4740 1272 4831 islowicc,
1300 4746 1336 4810 et
1360 4741 1470 4812 valor·
1485 4741 1529 4811 ad
1556 4747 1689 4831 septem
1712 4764 1805 4814 mar-

257 4879 314 4931 cas
342 4862 556 4932 aestimatur.

359 4978 655 5071 Mnaazowrczn,
680 4979 765 5052 villa
792 4982 855 5053 sub
882 4981 1047 5072 parochia
1073 4981 1237 5052 ecclesiae
1265 4982 1308 5052 de
1334 4980 1632 5071 Luborrycna
1658 4982 1735 5052 sita.
1763 4983 1804 5054 ln

257 5120 324 5192 qua
350 5085 608 5193 sunt'quatuor
633 5100 725 5173 lanei
752 5102 997 5193 emethonales,
1025 5107 1061 5173 et
1087 5124 1156 5173 una
1181 5103 1330 5173 taberna
1356 5102 1489 5172 hahens
1507 5122 1638 5192 agarna,
1659 5123 1805 5192 quorum

249 5223 449 5314 ¹proprietas
485 5223 529 5295 ad
565 5222 800 5314 episcopatum
836 5221 1100 5296 Gracoviensem
1136 5223 1306 5312 portinet;
1342 5223 1426 5294 item
1453 5223 1495 5294 de
1523 5226 1681 5296 omnihus
1710 5227 1804 5312 agris

135 5389 138 5400 ·
254 5343 431 5433 praefatae
457 5343 561 5416 villae
587 5344 870 5435 emethonalibus,
896 5344 1131 5434 praedialibus
1158 5350 1194 5415 et
1218 5343 1463 5434 tabernatoris,
1492 5346 1640 5416 solvitur
1666 5352 1701 5415 ot
1720 5368 1801 5417 con-

256 5465 395 5538 ducitur
427 5466 560 5539 decima
593 5466 817 5557 manipularis
844 5472 879 5538 et
905 5465 1081 5557 cenapolis
1107 5483 1171 5555 pro
1198 5466 1349 5556 capitulo
1377 5465 1615 5557 cracoviensi,
1642 5469 1697 5537 cui
1720 5460 1805 5539 'ean-

256 5587 332 5659 dem
372 5567 539 5659 decimam
578 5586 755 5659 Johannes
794 5586 1101 5679 chszow-sky
1134 5587 1316 5678 episcopus
1358 5584 1596 5659 Oracovionsis
1634 5594 1802 5680 perpetuo

255 5707 406 5799 donarit,
433 5714 470 5779 et
495 5705 595 5780 ralor
620 5707 695 5779 eius
720 5709 924 5780 aestimatur
951 5707 995 5780 ad
1022 5763 1029 5779 .
1057 5761 1065 5778 .
1093 5763 1101 5779 .

464 5851 467 5856 ⁴
898 5821 1165 5901 Pouruunrnr.

358 5948 453 6025 Villa
486 5950 618 6022 habeus
651 5947 884 6040 parochialem
919 5949 1107 6021 ecclesiam
1133 5949 1170 6020 in
1196 5967 1234 6020 se
1261 5947 1428 6039 ligneam,
1455 5947 1582 6018 Sancto
1610 5946 1802 6019 Adalberto
1834 5991 1836 5996 ,

256 6073 421 6165 dicatam,
447 6069 545 6143 cuius
580 6071 777 6162 proprietas
804 6069 848 6140 ad
876 6070 1154 6142 sanctimoniales
1180 6070 1217 6140 in
1244 6069 1614 6160 Zwyerzynyecz
1640 6069 1802 6158 pertinet.

255 6195 295 6266 ln
322 6215 391 6285 qua
415 6198 498 6265 sunt
533 6196 609 6264 octo
637 6191 728 6262 lanei
756 6191 1017 6281 emethonales,·
1031 6192 1116 6262 item
1143 6210 1211 6261 una
1237 6190 1385 6260 taberna
1409 6188 1540 6260 habens
1568 6210 1691 6279 agroS,
1718 6188 1802 6261 item

254 6315 412 6388 scoltetia
445 6313 576 6386 habens
604 6314 689 6384 duos
715 6312 835 6383 lancos
861 6329 924 6403 pro
952 6331 1014 6382 suo
1040 6311 1203 6401 praedio,
1230 6311 1314 6382 item
1339 6311 1518 6401 praedium
1545 6331 1651 6382 anum
1678 6329 1803 6382 coeno-

254 6434 367 6528 biale,
389 6436 473 6508 item
506 6433 726 6507 hortulaniae
754 6454 814 6504 sex
840 6433 1009 6503 habentes
1037 6452 1159 6522 agros,
1186 6430 1229 6503 de
1256 6433 1380 6522 quibus
1407 6432 1564 6505 omnibus
1591 6432 1739 6504 solvitur
1764 6436 1802 6503 et

254 6555 455 6630 conducitur
490 6555 623 6629 decima
655 6553 879 6646 manipularis
915 6560 951 6627 et
987 6553 1160 6643 canapalis
1195 6551 1360 6626 ecclesiae
1387 6558 1424 6625 et
1449 6551 1732 6643 ipsiusprebano
1759 6552 1796 6626 in
1880 6526 1889 6552 x

357 6725 404 6770 mh
419 6725 515 6769 marm.
533 6722 566 6766 11.
1262 6740 1265 6744 -
1597 6700 1635 6752 20
