4200 8342
926 1799 1160 1869 Tuaumru'a.

360 1923 472 2010 Villa,
507 1922 639 1991 habens
677 1920 712 1989 in
741 1940 778 1989 se
809 1919 1042 2009 parochialem
1079 1919 1257 1991 eeclesiam
1295 1919 1463 2009 ligneam,
1499 1917 1648 1990 Sanctae
1674 1918 1802 1989 blariac

256 2044 442 2115 Nativitati
478 2043 645 2129 dicatum,
682 2041 784 2112 cuius
821 2041 943 2110 haeres
980 2039 1275 2111 Shrzelowsk
1285 2063 1308 2130 y
1346 2039 1525 2112 lohannes
1561 2038 1604 2109 de
1631 2040 1737 2109 armis
1770 2046 1803 2110 et
1853 2050 1860 2069 “

257 2165 386 2235 familia
413 2162 730 2252 Bippennium.
757 2161 797 2230 In
826 2181 894 2249 qua
920 2167 1002 2230 sunt
1028 2145 1121 2230 lanei
1148 2161 1401 2250 cmethonaleS,
1429 2159 1471 2230 de
1498 2159 1624 2249 quibus
1650 2159 1817 2230 omuibus·

255 2284 405 2356 solvitur
423 2290 458 2354 et
477 2283 681 2354 conducitur
700 2281 833 2351 decima
851 2280 1076 2370 manipularis
1096 2287 1132 2351 et
1150 2281 1325 2370 canapalis
1345 2301 1408 2370 pro
1427 2279 1572 2351 ecclesia
1598 2279 1635 2349 in
1653 2278 1803 2368 hlothr-

256 2426 374 2475 czow
411 2411 447 2474 et
474 2403 669 2493 percipiunt
704 2423 780 2472 cam
817 2423 880 2491 pro
908 2423 945 2471 se
972 2401 1110 2491 plebani
1147 2401 1239 2472 iuter
1274 2421 1312 2471 se
1348 2400 1547 2473 alternatim
1581 2420 1645 2491 per
1681 2421 1802 2487 aunos;

256 2526 353 2596 cuius
380 2525 479 2595 ralor
506 2524 711 2595 aestimatur
745 2521 789 2593 ad
817 2522 967 2613 quinque
994 2542 1150 2593 marcas:
1185 2523 1267 2593 item
1295 2544 1364 2593 nou
1391 2527 1446 2593 est
1471 2521 1521 2593 ibi
1546 2520 1729 2610 praedium
1746 2521 1804 2591 ali·

257 2645 361 2733 quod;
388 2646 471 2714 item
498 2643 644 2714 ecclesia
670 2649 707 2714 et
733 2643 901 2733 plebanus
928 2644 1035 2714 habet
1061 2643 1110 2714 ibi
1138 2642 1436 2734 speciales'agros
1462 2646 1499 2713 et
1525 2646 1630 2732 prata
1654 2663 1721 2732 pro
1746 2663 1804 2715 suo

258 2786 334 2854 usu,
361 2765 504 2854 praedio
531 2770 566 2835 ct
593 2764 810 2851 necessitate
838 2764 920 2835 item
948 2765 1118 2854 plebanus
1145 2764 1252 2834 habet
1278 2783 1380 2834 unam
1407 2763 1603 2853 tabernam,
1629 2782 1720 2853 quae
1745 2783 1805 2852 pro

257 2907 362 2956 censu
390 2885 494 2956 solvit
520 2886 667 2976 plebano
683 2938 690 2953 .
712 2938 772 2953 ...

359 3006 674 3094 strsnzrscaow,
702 3004 787 3076 villa
813 3004 877 3075 sub
904 3005 1071 3094 parochia
1096 3004 1139 3075 de
1167 3005 1422 3075 Tharnaua
1448 3003 1534 3093 sita,
1561 3003 1659 3075 cuius
1686 2990 1805 3075 haeres

256 3126 346 3197 idem
374 3125 704 3216 Skrzelou'sky
731 3123 774 3196 de
802 3124 903 3197 domo
931 3125 1253 3215 Bippennium.
1280 3126 1320 3196 In
1343 3130 1512 3215 quasuut
1536 3124 1631 3195 lanei
1658 3125 1806 3196 cmetho

258 3247 364 3335 nelca,
392 3248 434 3316 de
462 3247 588 3336 quibus
615 3246 774 3316 omnibus
801 3244 949 3317 solvitur·
968 3251 1003 3316 et
1023 3245 1229 3343 conducitur
1243 3244 1388 3316 decima
1410 3244 1637 3335 manipularis
1655 3248 1692 3316 et
1709 3265 1806 3315 cana·

257 3368 345 3456 palis
381 3388 446 3454 pro
473 3366 619 3437 ecclesia
655 3367 690 3436 iu
725 3365 1025 3456 bisthyczoW,
1060 3372 1097 3437 et
1131 3366 1270 3456 plebani
1306 3365 1505 3436 alternatim
1540 3364 1636 3436 illam
1672 3385 1737 3455 pro
1771 3386 1806 3436 se

257 3486 442 3574 accipiunt,
469 3486 568 3558 cuius
595 3487 694 3559 ralor
721 3486 926 3557 aestimatur
952 3486 997 3557 ad
1024 3487 1175 3576 quinque
1202 3507 1345 3557 marcas.

361 3606 597 3695 Szrroczrrow,
624 3607 710 3677 uilla
728 3608 792 3679 sub
811 3607 977 3697 parochia
1003 3607 1046 3678 de
1074 3607 1329 3687 Tharnaua
1355 3607 1433 3696 sita,
1461 3605 1558 3678 cuius
1576 3605 1670 3677 idern
1688 3606 1807 3677 haeres

255 3727 434 3798 lohannes
462 3727 801 3819 Slrrzelowshy.
828 3728 867 3797 ln
896 3749 964 3818 qua
990 3734 1073 3799 sunt
1098 3727 1190 3798 lanei
1217 3727 1460 3817 emethouales,
1488 3726 1531 3798 de
1555 3727 1684 3818 quibus
1703 3726 1807 3801 omni-

256 3849 321 3918 bus
349 3847 496 3918 solvitur
522 3853 559 3919 et
586 3849 790 3920 conducitur
817 3849 950 3919 decima
975 3848 1201 3938 manipularis
1228 3854 1264 3919 et
1290 3824 1465 3939 canapalis
1492 3847 1659 3919 ecclesiae
1683 3853 1720 3919 ct
1737 3847 1807 3919 eius

256 3969 404 4057 plebano
432 3969 468 4039 in
495 3968 800 4060 bisthyczow,
828 3969 1026 4040 alternatim
1054 3991 1117 4059 pro
1140 3975 1299 4060 utroque,
1325 3975 1361 4040 et
1379 3969 1478 4040 valor
1504 3969 1579 4039 cius
1606 3968 1807 4039 aestimatur

256 4087 301 4157 ad
330 4088 527 4177 quindecim
554 4110 699 4159 marcas.

365 4208 486 4279 Noun
511 4208 666 4299 Wrmz,
693 4210 776 4280 villa
803 4211 867 4281 sub
895 4210 1060 4300 parochia
1086 4210 1128 4281 de
1157 4210 1415 4281 Tharnawa
1430 4210 1525 4299 sita,
1562 4209 1662 4303 cuius
1689 4211 1808 4283 haeres

160 4394 164 4399 .
257 4328 382 4398 Petrus
410 4330 740 4421 Rosznyczshy
767 4330 944 4401 de'armis
970 4330 1197 4420 Vulpium.
1224 4330 1265 4400 ln
1291 4352 1361 4420 qua
1387 4336 1468 4401 sunt
1493 4330 1585 4402 lanei
1613 4332 1807 4403 cmethona·

258 4450 329 4536 lec,
356 4449 399 4518 (le
428 4450 552 4538 quibus
580 4451 740 4523 omnibus
768 4450 914 4521 solvitur
942 4458 977 4521 et
1005 4451 1209 4523 conducitur
1237 4451 1369 4522 decima
1396 4451 1622 4541 manipularis
1648 4457 1687 4523 ct
1712 4472 1809 4523 caua-

257 4569 347 4658 palis
374 4591 438 4658 pro
462 4570 610 4641 'ecclesia
645 4572 783 4642 eteius
811 4571 967 4662 plebanis
995 4573 1030 4641 iu
1058 4572 1361 4663 Msthyczorr,
1397 4571 1626 4663 permodum
1661 4573 1809 4645 alterna-

257 4691 374 4777 tionis;
401 4691 498 4761 euius
526 4690 623 4762 valor
649 4692 855 4763 aestimatur
882 4691 926 4763 ad
954 4698 1026 4763 tres
1053 4714 1205 4781 marcae,
1232 4692 1417 4782 aliquando
1450 4692 1495 4767 ad
1522 4699 1682 4783 quatuor.
1725 4693 1810 4765 Sunt

256 4818 373 4881 autem
412 4812 460 4881 ibi
497 4812 563 4882 duo
601 4812 693 4883 lanei
734 4813 987 4902 cmethonales,
1026 4814 1069 4884 de
1105 4813 1230 4903 quibus
1267 4813 1401 4885 decima
1440 4814 1534 4886 cedit
1570 4815 1738 4886 ecclesiae
1776 4814 1809 4885 in

256 4932 456 5003 Kossou.

356 5108 599 5189 concordia
633 5113 865 5191 occasione
898 5112 1092 5192 decimas
1125 5133 1181 5192 ox
1213 5112 1368 5191 allodio
1400 5110 1525 5193 villae
1558 5110 1711 5192 Orlow

866 5252 1190 5353 ‚provenientia

362 5416 401 5485 ln
423 5415 569 5486 Nomine
588 5416 726 5487 Douriui
745 5417 867 5488 herren.
886 5418 959 5489 Nos
978 5417 1145 5489 Albertus
1163 5418 1229 5489 Ilei
1246 5419 1361 5508 gratia
1379 5420 1562 5511 episcopus
1580 5421 1811 5492 cracoviensis

258 5537 356 5625 regui
381 5536 546 5607 l’oloniae
575 5538 811 5628 cancellarius,
839 5540 1071 5629 significamus
1098 5546 1218 5610 tenore
1246 5541 1481 5630 praesentium
1510 5542 1636 5633 quibus
1662 5544 1825 5634 expedit,=

259 5658 432 5727 universis
450 5662 521 5727 tam
539 5659 781 5748 praesentibus
801 5681 903 5749 quam
921 5660 1056 5750 bituris,
1075 5661 1234 5732 notitiam
1253 5662 1486 5749 praesentium
1509 5662 1696 5739 habituris
1725 5664 1815 5754 Quo

258 5779 360 5850 modo
380 5780 444 5849 sub
463 5800 553 5849 arrno
568 5778 707 5850 Domini
727 5782 822 5851 1416
838 5781 1025 5851 indictione
1045 5803 1146 5870 noua,
1165 5781 1247 5852 sedo
1264 5782 1456 5871 apostolica
1470 5790 1626 5875 vacante,
1645 5784 1681 5857 in
1696 5792 1816 5857 nostra

259 5900 355 5970 curia
376 5901 597 5988 cracoviensi,
620 5901 708 5970 hora
726 5901 918 5990 tertiarum,
937 5901 991 5972 rel
1011 5903 1119 5991 quasi,
1138 5903 1193 5972 die
1212 5909 1311 5973 sexta
1328 5903 1457 5975 mensis
1475 5904 1671 5996 Februarii,
1699 5927 1815 5979 corana

259 6019 359 6089 nobis
377 6022 606 6109 personaliter
624 6021 820 6111 constituti,
856 6023 1072 6113 venerabiles
1100 6029 1136 6093 et
1158 6024 1380 6097 honorabiles
1399 6024 1475 6115 riri,
1494 6024 1644 6097 Domini
1663 6024 1815 6117 Michael

259 6141 479 6229 praepositus
498 6148 686 6213 coureutus
705 6148 741 6211 et
760 6143 962 6213 monasterii
981 6143 1243 6215 miechoriensis
1262 6144 1394 6221 ordinis
1421 6144 1455 6245 S.
1480 6145 1672 6236 Augustini
1697 6147 1817 6221 Domi·

261 6260 329 6330 uici
348 6260 523 6349 sepulchri
541 6260 849 6351 llio-osolpnitani
868 6284 910 6333 es
930 6284 1008 6351 urin,
1027 6270 1062 6333 et
1081 6263 1251 6335 Norncrza
1269 6265 1311 6335 de
1331 6258 1510 6339 Chrzelow
1528 6272 1647 6339 custos
1674 6267 1709 6340 S.
1735 6268 1815 6341 blo-

260 6380 349 6451 riaui
383 6390 421 6452 ct
438 6380 624 6453 canonieus
651 6383 881 6455 cracoviensis
916 6385 1076 6474 partibus
1103 6405 1145 6457 ex
1172 6386 1301 6475 altera,
1328 6386 1404 6457 sani
1431 6393 1549 6459 mente
1574 6394 1612 6461 ct
1638 6396 1814 6481 compotes

259 6502 408 6579 rationis
434 6503 627 6575 animorum
656 6523 814 6595 suonun,
853 6505 944 6576 bona
979 6507 1187 6602 praehabita
1214 6504 1463 6583 deliberatione
1489 6514 1613 6600 sponte
1640 6530 1683 6584 ac
1708 6510 1816 6585 libere
