4200 8342
263 1663 337 1734 472

263 1873 423 1964 pertinet,
451 1871 547 1941 cuius
575 1870 696 1941 661666
724 1876 893 1961 patronus
920 1874 956 1941 et
982 1871 1130 1944 collator
1157 1870 1265 1944 abbas
1293 1878 1330 1944 61
1357 1878 1548 1946 conventus
1562 1873 1810 1948 Wancnoczeu-

263 1997 319 2066 sis.
346 1994 386 2065 In
414 2013 482 2083 quo
510 1997 592 2063 sunt
618 1991 709 2063 lanei
737 1991 1004 2083 oppidanorum,
1040 1993 1083 2064 de
1112 1993 1237 2084 quibus
1264 1995 1423 2067 omnibus
1450 1997 1601 2069 solvitur
1628 2002 1664 2069 61
1691 1998 1813 2070 condu-

262 2119 351 2190 citur
378 2115 512 2187 decima
539 2113 765 2205 manipularis
792 2119 828 2185 et
855 2115 960 2186 etiarn
988 2115 1164 2206 canapalis
1204 2137 1268 2207 pro
1295 2119 1506 2192 monasterio
1533 2117 1814 2213 Wanchoczcnsi,

261 2246 298 2313 et
324 2238 423 2311 valor
458 2237 532 2308 eius
568 2236 774 2308 aestimatur
810 2235 854 2307 ad
881 2236 997 2309 decem
1026 2251 1186 2309 marcas'
1214 2238 1304 2310 Erat
1334 2239 1370 2310 id
1398 2239 1561 2331 oppidum
1590 2241 1674 2313 olim
1702 2262 1815 2314 mona-

262 2360 362 2434 sterii
389 2358 432 2430 de
459 2356 811 2450 Ozirwyenslro,
839 2357 900 2430 sed
927 2380 990 2449 per
1017 2361 1322 2433 commutationem
1345 2362 1441 2433 veuit
1459 2358 1701 2455 cum'aliquot
1718 2363 1816 2455 111116,

262 2485 298 2555 16
326 2486 455 2554 sortem
483 2480 686 2552 monasterii
713 2479 1013 2554 Wanchoczensis.
1049 2481 1138 2554 Item
1165 2481 1345 2572 praedium
1373 2484 1588 2577 coenobiale¹
1602 2506 1674 2557 uon
1702 2491 1756 2557 est
1781 2486 1816 2558 iu

264 2604 384 2677 eodem
411 2602 547 2694 oppido,
575 2622 686 2695 neque
713 2602 954 2675 molendinum.
981 2603 1068 2676 Item
1087 2604 1255 2695 plebanus
1272 2605 1380 2679 habet
1401 2626 1505 2697 agros
1522 2594 1634 2691 bonos
1653 2614 1692 2680 61
1708 2612 1816 2700 prata

263 2749 327 2819 pro
354 2746 417 2799 suo
442 2723 596 2815 praedio.
1067 2760 1069 2765 ·

365 2847 503 2938 16666,
532 2845 615 2918 villa
641 2844 706 2918 sub
734 2846 900 2936 parochia
926 2846 969 2918 de
996 2846 1261 2940 Wazsnyow
1288 2848 1374 2940 sita,
1414 2848 1512 2923 cuius
1538 2851 1741 2942 proprietas
1775 2850 1818 2923 ad

262 2970 510 3044 monasterium
536 2967 685 3041 Sanctae
712 2966 833 3040 Crucis
860 2967 993 3040 Calvi
1020 2971 1192 3043 montis
1219 2970 1315 3044 venit
1340 2990 1404 3062 per
1431 2973 1738 3045 commutationem
1756 2994 1816 3064 pro

264 3091 346 3166 villa
372 3091 602 3181 Muiszek‚
630 3110 706 3162 curn
734 3091 945 3163 monasterio
973 3090 1017 3163 de
1044 3090 1394 3166 Wauchoczsko
1421 3092 1559 3166 factam.
1586 3095 1627 3166 ln
1653 3100 1817 3186 quaeunt

206 3285 208 3288 ⁴
262 3220 340 3288 octo
367 3213 458 3286 lanei
485 3211 736 3303 cmethonales,
772 3212 967 3304 dequibus
1004 3214 1086 3285 olim
1122 3214 1323 3286 solvebatur
1358 3215 1491 3287 decima
1527 3216 1758 3308 manipularis
1782 3223 1816 3289 61

263 3337 437 3431 canapalis
465 3334 673 3407 monasterio
701 3335 736 3406 in
763 3333 1125 3427 Wanchoczslro‚
1161 3356 1252 3408 nunc
1278 3358 1361 3410 vero
1389 3337 1509 3429 rigore
1536 3340 1815 3412 commutationis

262 3458 458 3552 praelatae,
482 3457 633 3561 ‘solvitur
660 3457 869 3529 monasterio
891 3456 1044 3531 Sanctae
1072 3456 1211 3549 Crucis,
1251 3462 1288 3530 61
1313 3458 1412 3530 16161
1437 3459 1512 3531 cius
1539 3461 1750 3533 aestimatur
1774 3460 1814 3533 ad

263 3582 381 3655 decem
407 3598 550 3653 marcas.
594 3579 682 3653 Item
710 3600 779 3651 nou
806 3583 859 3651 est
888 3578 937 3651 ibi
963 3579 1162 3672 praedium,
1188 3601 1259 3653 nou
1286 3584 1368 3653 sunt
1393 3580 1570 3674 tabernae,
1598 3582 1812 3674 666661161-

264 3703 426 3776 tulaniae.
1101 3700 1104 3705 ’

366 3822 724 3912 Ζ6166616661616,
751 3821 834 3895 villa
861 3822 926 3894 sub
944 3822 1110 3913 parochia
1137 3822 1179 3895 de
1207 3823 1474 3917 Wasznyow
1503 3825 1581 3916 sita,
1609 3827 1711 3899 cuins
1738 3846 1811 3918 pro·

262 3950 394 4043 6116166
422 3945 466 4018 ad
492 3943 727 4037 praebendam
753 3942 1069 4018 Sardoniciensem
1096 3944 1223 4017 dictam
1250 3946 1551 4039 Zayanczlrowslra
1578 3948 1744 4039 pertinet.
1777 3948 1811 4020 ln

263 4093 332 4163 qua
358 4074 441 4143 sunt
466 4088 527 4140 sex
555 4088 631 4141 curn
658 4065 773 4139 medio
797 4066 890 4139 lanei
918 4066 1167 4160 cmethonales,
1195 4068 1238 4140 do
1266 4070 1392 4160 quibus
1419 4069 1579 4142 omnibus
1607 4070 1759 4142 solvitur
1782 4075 1813 4142 et

182 4184 186 4191 ’
262 4192 466 4265 conducitur
501 4188 634 4262 decima
668 4186 893 4279 manipularis
930 4193 966 4259 et
991 4189 1168 4280 canapalis
1204 4211 1268 4282 pro
1295 4190 1506 4264 6666616116
1533 4190 1812 4281 Wanchoczensl,

263 4323 300 4387 et
326 4315 425 4387 valor
450 4313 526 4384 eius
551 4310 596 4382 ad
623 4314 756 4402 septem
784 4330 918 4383 marcas
946 4311 1159 4384 aestimatur.
1195 4312 1284 4384 Item
1310 4319 1365 4386 est
1391 4314 1440 4387 ibi
1467 4312 1651 4405 praedium
1679 4314 1812 4387 canoni·

264 4436 356 4526 cale,
395 4434 439 4507 de
466 4454 533 4525 quo
560 4431 753 4504 decimatur
779 4432 946 4505 ecclesiae
973 4433 1009 4504 iu
1045 4433 1330 4527 Wasznyom‚
1366 4442 1403 4507 et
1429 4435 1528 4509 valor
1555 4436 1632 4508 6166
1659 4436 1705 4509 ad
1732 4435 1811 4508 duas

263 4578 407 4631 1661666.

309 4748 312 4753 .
374 4678 698 4768 Pnusruowrczu,
739 4677 822 4749 villa
860 4675 924 4749 sub
963 4674 1131 4769 parochia
1170 4678 1213 4750 de
1248 4677 1516 4771 Was'znyom
1551 4679 1630 4767 sita
1675 4681 1717 4752 ln
1753 4700 1813 4773 qua

261 4802 461 4898 praebenda
487 4799 777 4873 Sandomiriensis
796 4798 1101 4892 Zayauczkouska
1127 4799 1233 4874 habet
1250 4806 1400 4893 quatuor
1426 4801 1545 4874 laneos
1568 4802 1810 4892 cmethonales,

261 4927 304 5001 de
331 4925 456 5020 quibus
483 4922 630 4996 soluitur
657 4928 693 4994 et
718 4922 924 4996 conducitur
950 4921 1085 4994 decima
1108 4918 1332 5013 manipularis
1359 4927 1395 4995 ct
1421 4922 1597 5016 6666116116
1625 4944 1692 5016 pro
1711 4924 1811 4997 eccle

262 5049 315 5120 sia
340 5045 531 5139 parochiali
559 5045 594 5115 in
630 5042 875 5117 Kouinska
901 5042 1076 5134 Wolya,
1103 5044 1139 5115 in
1166 5048 1264 5119 terra
1289 5043 1512 5136 Lublineusi,
1551 5048 1588 5117 et
1614 5045 1715 5118 valor
1743 5045 1810 5118 eius

260 5168 305 5240 ad
332 5172 480 5260 quatuor
506 5186 640 5239 marcas
667 5165 881 5237 aestimatur.
908 5164 996 5235 Item
1023 5163 1193 5237 medietas
1211 5158 1397 5258 'praelatae
1424 5164 1544 5258 villae,
1571 5166 1607 5237 16
1637 5186 1709 5257 qua
1736 5171 1810 5239 sunt

261 5290 353 5361 lanei
379 5288 614 5362 cmethonales
641 5288 793 5379 pertinet
819 5287 864 5359 ad
890 5287 1140 5360 monasterium
1166 5286 1457 5379 Wanchoozense,
1484 5286 1527 5361 de
1555 5288 1685 5380 quibus
1714 5288 1810 5363 solui·

261 5415 319 5483 tur
345 5414 382 5483 et
408 5408 613 5482 conducitur
639 5407 773 5481 decima
798 5407 1024 5499 manipularis
1052 5413 1089 5480 61
1116 5406 1292 5500 canapalls
1318 5430 1382 5501 pro
1408 5409 1622 5482 monasterio
1641 5408 1810 5484 Wancho

260 5532 383 5625 czensi·²
411 5536 448 5603 61
474 5530 572 5602 valor
598 5531 672 5603 eius
698 5528 744 5602 ad
771 5534 921 5620 quatuor
947 5549 1091 5602 marcas.
1118 5529 1205 5602 Item
1232 5530 1412 5622 praedium
1439 5532 1476 5604 iu
1502 5530 1586 5604 villa
1613 5530 1748 5605 eadem.

362 5652 553 5746 Pononru,
580 5653 665 5725 villa
691 5651 756 5726 sub
783 5653 950 5744 parochia
975 5651 1019 5724 de
1044 5650 1310 5746 Wasznyow
1337 5654 1406 5727 sita
1437 5654 1472 5725 16
1499 5652 1669 5727 suburbio
1698 5651 1812 5748 oppidi

258 5778 540 5875 Wasznyon,
566 5776 664 5849 611166
690 5774 885 5868 proprietas
904 5774 948 5848 ad
965 5774 1200 5866 praebendam
1228 5774 1543 5849 Sandomiriensem
1560 5775 1811 5871 2666661161-

259 5900 325 5973 slra
349 5898 511 5993 pertinet.
555 5900 597 5971 ln
622 5918 693 5991 qua
718 5903 801 5972 sunt
827 5903 900 5971 1166
926 5896 1018 5971 lanei
1046 5898 1295 5990 cmethonales,
1322 5899 1365 5971 de
1393 5899 1518 5991 quibus
1543 5896 1682 5973 decima
1709 5896 1811 5972 mani·

258 6022 391 6114 puluris
417 6026 455 6095 et
481 6020 658 6113 canapaIIs
685 6020 836 6093 solvitur
861 6023 898 6093 et
925 6019 1132 6093 conducitur
1158 6040 1222 6113 pro
1242 6075 1436 6093 ........
1471 6018 1560 6097 Item
1586 6041 1659 6095 non
1686 6026 1744 6095 est
1768 6017 1811 6093 iul

143 6136 147 6141 ’
257 6143 448 6236 praedium,
475 6163 544 6215 non
572 6147 654 6215 sunt
679 6142 908 6234 hortulaniae,
934 6162 1046 6235 neque
1074 6144 1252 6217 tabernae.

359 6265 715 6355 Woczncnowrozu,
742 6265 825 6337 villa
851 6266 914 6338 snb
941 6265 1109 6357 parochia
1136 6264 1179 6337 de
1206 6263 1473 6358 Wasznyow
1500 6262 1578 6355 sita,
1606 6264 1708 6338 cuius
1735 6264 1810 6337 1166

255 6387 385 6461 redes...
402 6385 520 6480 Glab
548 6390 583 6459 61
600 6385 799 6458 Zalrlilra
818 6385 1186 6481 Gzyayanczslry.
1213 6386 1254 6459 In
1273 6408 1342 6479 qua
1361 6392 1443 6460 sunt
1460 6386 1553 6460 lanei
1571 6386 1811 6475 cmethonales,

257 6508 300 6583 de
318 6509 444 6609 quibus
461 6509 713 6591 monasterium
727 6507 1006 6591 Wanchoczouae
1022 6508 1131 6595 1161161
1148 6528 1254 6589 nnuru
1273 6509 1420 6603 laneum,
1438 6515 1475 6584 61
1490 6508 1621 6623 milites
1639 6506 1811 6607 praefati-7
