4200 8342
261 1613 307 1684 96

260 1817 364 1889 solvit
390 1822 426 1889 et
453 1818 613 1891 conducit
640 1816 806 1888 decimam
831 1816 1082 1906 manipularem
1110 1821 1146 1887 st
1164 1813 1363 1903 canapalcm
1381 1833 1444 1903 pro
1461 1811 1671 1885 monastario
1690 1809 1804 1882 Sancti

259 1937 430 2023 Andreae,
458 1945 494 2008 et
519 1938 618 2009 valor
645 1938 719 2007 sius
747 1936 952 2009 aestimatur
969 1934 1014 2006 ad
1032 1935 1197 2006 tredecim
1224 1953 1370 2022 marcas3
1396 1933 1510 2007 altera
1531 1952 1614 2004 vero
1641 1931 1805 2003 medietas

258 2057 361 2127 solvit
388 2078 462 2128 eam
490 2079 554 2147 pro
581 2057 726 2128 ecclesia
751 2057 943 2148 parochiali
969 2057 1006 2127 iu
1041 2055 1361 2146 Zarnowyecz.
1396 2053 1473 2125 Est
1499 2057 1623 2126 autem.
1641 2055 1678 2124 in
1705 2072 1805 2142 prae·
1874 2048 1878 2057 ’

259 2177 361 2248 dictis
387 2177 498 2249 laneis
525 2177 670 2248 ecclesia
697 2175 822 2248 Sancto
850 2176 1041 2248 Adalbcrto
1067 2176 1194 2266 dicata,
1220 2176 1280 2246 ubi
1304 2175 1385 2246 olim
1410 2173 1684 2264 fuit-antiquum
1710 2173 1805 2263 oppi-

258 2296 339 2366 dum
364 2297 688 2388 zarnowyecz,
711 2317 804 2389 ¹quae
831 2302 886 2369 est
911 2298 1038 2369 matrix
1065 2297 1168 2368 huius
1195 2295 1361 2367 ecclesIac
1388 2294 1611 2385 parochialis,
1638 2298 1805 2383 quaeest

258 2418 293 2486 in
321 2417 458 2507 oppido,
486 2424 522 2490 et
548 2424 731 2508 utramque
767 2439 856 2489 uuus
891 2418 1060 2509 plebanus
1096 2417 1197 2507 regit3
1224 2422 1260 2488 et
1286 2415 1432 2507 siugulis
1468 2415 1590 2486 diebus
1625 2402 1806 2486 dominicis
1874 2470 1877 2477 .

258 2536 523 2608 administratur
548 2559 611 2628 per
637 2538 821 2628 plebanum
848 2543 910 2609 aut
936 2539 1009 2609 eius
1036 2537 1185 2609 vicarios
1212 2532 1255 2608 de
1281 2535 1600 2626 Zarnowyecz.

361 2656 608 2748 Koarcaaur,
636 2658 720 2729 rilla
745 2659 809 2730 sub
827 2659 993 2749 parochia
1016 2657 1059 2729 de
1075 2657 1348 2747 Zarnowyecz
1375 2657 1461 2746 sita,
1488 2655 1586 2727 cuius
1611 2655 1805 2745 proprietas

258 2776 303 2847 ad
330 2778 585 2849 serenissimum
620 2778 785 2851 Polouiae
811 2799 928 2869 regem
960 2778 1130 2869 pertinet,
1166 2777 1202 2850 iu
1230 2798 1298 2866 qua
1324 2782 1408 2848 sunt
1433 2781 1566 2867 septem
1591 2795 1669 2846 cum
1695 2774 1806 2846 medio

258 2899 349 2969 lanei
375 2899 628 2989 cmcthouales,
664 2898 707 2970 dc
740 2901 865 2990 quibus
900 2899 1047 2971 solvitur
1082 2897 1216 2969 decima
1249 2896 1475 2990 manipularis
1501 2900 1537 2969 et
1561 2916 1625 2986 per
1660 2903 1808 2986 quatuor

259 3021 396 3109 ierugas
432 3020 607 3110 canapalis
643 3041 706 3111 pro
743 3021 908 3093 coenobio
926 3018 969 3091 S.
996 3019 1177 3108 Andreae,
1212 3025 1249 3089 ct
1284 3018 1382 3090 valor
1416 3018 1491 3090 eius
1526 3017 1731 3089 assumatur
1766 3017 1807 3088 ad

259 3139 438 3210 duodecim
465 3160 614 3229 marcas3
641 3141 724 3212 item
742 3162 811 3212 non
831 3147 886 3213 est
903 3141 952 3211 ibi
970 3140 1226 3229 molendinum,
1251 3159 1321 3210 non
1339 3143 1422 3210 suut
1440 3136 1670 3227 hortulauiae,
1697 3157 1807 3227 nequa

258 3261 434 3331 tabernae.
470 3260 558 3332 Itom
585 3266 640 3332 est
667 3261 715 3332 ibi
742 3261 922 3350 praedium
950 3261 1118 3349 optimum
1149 3259 1302 3351 regium,
1339 3259 1382 3329 dc
1409 3258 1506 3329 cuius
1533 3258 1628 3347 agris
1663 3258 1809 3330 solvitur

258 3380 392 3451 decima
426 3380 651 3470 manipularis
683 3381 720 3450 in
751 3376 959 3475 pouitdwam
993 3400 1058 3470 pro
1091 3380 1302 3452 monasterio
1338 3365 1656 3450 Sanctimouiarlium
1692 3377 1808 3450 Sancti

258 3499 420 3570 Andreae
447 3500 483 3569 iu
510 3499 748 3571 Oracovia.

362 3618 618 3709 warmacan,
654 3620 739 3690 villa
764 3622 829 3692 sub
864 3621 1029 3710 parochia
1065 3621 1229 3692 ecclcsiae
1256 3619 1299 3692 de
1325 3619 1436 3691 laneis
1471 3618 1588 3691 Sancti
1625 3618 1808 3691 Adalberti

258 3741 345 3829 sita,
381 3739 478 3810 cuius
512 3740 711 3828 proprietas
746 3739 791 3810 ad
826 3741 1084 3812 serenissimum
1118 3739 1284 3813 Polouiac
1318 3761 1437 3830 regam
1471 3741 1641 3831 pertinet,
1678 3741 1809 3830 inqua

259 3865 341 3930 sunt
367 3865 499 3950 septem
526 3879 603 3930 cum
629 3858 742 3932 medio
769 3862 861 3933 lanei
887 3863 1140 3952 cmethouales,
1177 3861 1220 3934 de
1247 3862 1372 3954 quibus
1403 3862 1563 3935 omuibus
1598 3860 1748 3933 solvitur
1773 3865 1809 3932 et

259 3980 463 4053 conducitur
490 3978 624 4052 decima
648 3982 874 4072 manipularis
900 3989 937 4055 ct
961 4003 1025 4074 per
1051 3990 1201 4073 quatuor
1227 3984 1366 4072 ierugas
1393 3983 1567 4073 canapaIis
1594 3982 1806 4053 monasterio

232 4099 569 4173 -sauctImonialium
595 4099 713 4174 Sancti
731 4103 892 4175 Andreae
919 4104 955 4174 iu
983 4101 1226 4194 Gracouia,
1254 4108 1290 4175 et
1315 4103 1415 4175 valor
1440 4103 1515 4174 eius
1533 4103 1739 4174 aestimatur
1764 4102 1807 4173 ad

259 4230 389 4313 septem
409 4242 551 4293 marcas.
578 4223 665 4294 Item
683 4230 738 4294 cst
755 4224 803 4295 ibi
822 4246 892 4295 una
908 4225 1072 4314 taberna,
1098 4224 1230 4296 habeus
1257 4244 1370 4315 agros
1397 4223 1440 4296 de
1467 4224 1591 4314 quibus
1618 4223 1809 4296 decimatur

258 4365 321 4433 pro
349 4343 558 4414 monasterio
586 4342 741 4433 praefato
760 4342 1035 4439 inpendiosum,
1062 4347 1145 4417 item
1172 4366 1241 4417 uou
1267 4353 1350 4417 s'unt
1376 4346 1425 4417 ibi
1451 4345 1671 4416 hortulaniac
1697 4364 1808 4435 neque

257 4463 499 4536 molendinum.
535 4465 623 4536 Item
650 4471 704 4536 ast
730 4465 779 4535 ibi
806 4465 985 4555 praedium
1011 4466 1160 4556 regium,
1187 4467 1229 4537 de
1257 4466 1353 4537 cuius
1381 4466 1475 4556 agria
1502 4464 1650 4537 solvitur
1677 4465 1808 4536 decima

259 4584 483 4675 manipularis
519 4606 583 4675 pro
621 4585 722 4657 altari
758 4584 791 4656 S.
818 4586 989 4658 Vladislai
1025 4588 1062 4659 iu
1089 4588 1232 4659 ecclesia
1267 4585 1506 4675 Oracoriensi,
1541 4592 1577 4657 et
1601 4587 1677 4657 eius
1712 4586 1810 4657 valor

258 4708 462 4779 aestimatur
489 4707 533 4778 ad
561 4712 634 4778 tres
661 4727 804 4779 marcas

361 4828 599 4917 Doaaauow,
634 4829 717 4900 villa
753 4830 817 4900 sub
852 4830 1018 4919 parocbia
1052 4829 1218 4901 ecclesiae
1245 4828 1289 4900 dc
1315 4829 1622 4919 Zarnowyecz
1658 4828 1744 4918 sita,
1771 4827 1806 4898 iu

258 4955 433 5039 quaeunt
459 4948 639 5021 duodecim
665 4950 758 5021 lanei
785 4951 1027 5041 cmethonales,
1055 4949 1240 5041 dequibus
1268 4950 1426 5021 omuibus
1452 4949 1601 5021 solvitur
1626 4954 1662 5020 et
1680 4949 1808 5020 condu-

258 5073 347 5141 citur
373 5069 506 5141 decima
541 5071 766 5162 manipularis
793 5077 829 5142 et
855 5092 918 5161 per
945 5077 1095 5162 quatuor
1130 5073 1268 5161 ierugas
1304 5069 1480 5160 cauapalis
1506 5091 1570 5160 pro
1597 5068 1808 5144 monasterio

258 5192 374 5263 Sancti
410 5190 571 5263 Andreae
603 5192 639 5262 iu
667 5190 912 5283 Cracoria,
948 5199 984 5263 et
1009 5192 1107 5265 valor
1143 5192 1217 5263 eius
1244 5192 1287 5262 ad
1314 5211 1393 5280 sex,
1429 5191 1616 5283 aliquando
1652 5211 1736 5262 vero
1763 5188 1807 5260 ad

258 5312 436 5383 duodecim
464 5333 598 5383 marcas
622 5313 835 5384 aestimatur.
862 5314 949 5384 Item
969 5320 1023 5385 est
1040 5315 1089 5385 ibi
1108 5334 1178 5385 una
1194 5314 1342 5384 taberna
1358 5314 1395 5382 e't
1413 5319 1563 5402 quatuor
1580 5312 1808 5399 lrortulaniae,

258 5435 426 5505 babentes
453 5432 564 5523 agros,
592 5432 634 5505 de
661 5435 784 5524 quibus
812 5435 958 5506 solvitur
985 5435 1117 5506 decima
1142 5434 1369 5524 manipularis
1386 5454 1451 5524 pro
1470 5434 1681 5506 monasterio
1709 5452 1808 5522 prae·

256 5554 328 5625 fato
356 5555 390 5624 in
415 5551 645 5649 prodituram
671 5576 740 5625 nou
768 5556 816 5626 ibi
842 5556 1085 5626 molendInum.
1112 5556 1198 5626 Item
1218 5560 1299 5626 sunt
1315 5555 1365 5635 ibi
1383 5555 1451 5627 duo
1469 5554 1615 5645 praedia
1632 5554 1807 5640 militaria,
1865 5590 1880 5600 ·

258 5682 294 5747 ct
322 5674 500 5765 quodlibet
526 5676 662 5747 nonnisi
688 5697 795 5748 unum
821 5676 957 5748 laneum
985 5678 1156 5767 continet,
1193 5676 1235 5749 dc
1263 5677 1387 5766 quibus
1414 5676 1607 5747 decImatur
1643 5676 1808 5747 ecclesiae

257 5796 447 5888 parochiali
474 5797 509 5867 in
536 5797 852 5890 Zarnowyecz.

361 5916 564 6009 Horonrn,
591 5919 674 5990 villa
699 5920 763 5990 sub
781 5919 946 6008 parochia
973 5918 1016 5991 ds
1043 5920 1345 6010 Zarnowyecz
1371 5919 1463 6008 sita,¹
1486 5918 1583 5989 cuius
1609 5919 1806 6009 proprietas

257 6039 301 6113 ad
320 6041 577 6111 serenissimum
603 6039 769 6112 Poloniac
796 6061 913 6130 regem
931 6041 1092 6131 pertinet,
1119 6040 1155 6111 in
1174 6061 1242 6130 qua
1259 6039 1418 6140 undecim
1444 6040 1536 6110 lanei
1563 6040 1807 6130 cmethouales,

256 6163 298 6236 dc
327 6162 452 6253 quibus
479 6163 637 6234 omuibus
665 6163 813 6235 solvitur
839 6161 972 6233 decima
998 6162 1225 6251 manipularis
1243 6168 1280 6233 et
1296 6182 1360 6253 per
1378 6168 1528 6251 quatuor
1545 6162 1686 6251 ierugas
1705 6180 1808 6233 cana-

256 6284 345 6375 palis
372 6303 436 6374 pro
464 6285 673 6354 monasterio
701 6283 1021 6355 sanctimonialium
1048 6280 1165 6352 Sancti
1191 6281 1372 6371 Andreae,
1409 6286 1445 6352 et
1471 6281 1572 6353 valor
1598 6282 1673 6352 eius
1700 6283 1805 6353 aesti-

256 6414 372 6478 matur
398 6405 443 6477 ad
462 6405 577 6476 decem
603 6425 746 6476 marcas.
775 6405 862 6476 [tem
881 6411 935 6475 est
953 6404 1002 6477 ibi
1020 6424 1125 6475 uuum
1144 6403 1323 6493 praedium
1341 6403 1484 6492 regium,
1511 6408 1548 6474 et
1565 6424 1635 6472 uua
1652 6404 1809 6493 taberna,

255 6528 388 6629 habens
416 6547 537 6621 agros,
565 6525 607 6598 de
635 6527 759 6616 quibus
787 6525 979 6597 decimatur
1005 6547 1070 6616 pro
1096 6525 1308 6597 monasterio
1344 6523 1501 6616 praefato
1527 6526 1562 6596 iu
1589 6518 1823 6619 annitamur,
