4200 8342
313 1591 389 1674 210
447 1635 454 1646 ⁴

307 1795 515 1904 3311133331
531 1828 595 1900 333
614 1802 826 1880 monasterio
844 1803 1157 1880 sanctimonialium
1175 1802 1294 1879 Sancti
1312 1800 1474 1879 Andreae
1493 1805 1530 1879 in
1548 1803 1664 1880 Grac
1675 1829 1695 1880 o
1707 1803 1799 1897 313,
1827 1811 1863 1880 31

309 1931 408 2002 33133
432 1932 507 2002 3133
534 1930 740 2001 aestimatur
766 1930 811 2001 ad
839 1983 953 2001 .....

410 2053 639 2140 1133333333,
666 2051 749 2123 villa
775 2052 839 2122 sub
857 2051 1022 2141 parocbia
1048 2050 1091 2122 13
1118 2049 1424 2141 Zarnowyecz
1453 2051 1537 2140 sita,
1565 2052 1664 2124 cuius
1690 2052 1859 2132 haeredes

307 2173 558 2262 Przedborius,
585 2170 1108 2262 81133333,131333331131333
1135 2170 1184 2243 de
1197 2171 1429 2262 Syethcza
1455 2172 1499 2243 13
1516 2173 1623 2250 armis
1650 2168 1858 2244 Gelitbo-

306 2316 414 2365 num.
454 2294 495 2364 Iu
521 2314 590 2383 qua
616 2299 698 2364 sunt
724 2292 904 2363 duodecim
935 2293 1027 2363 lanei
1055 2292 1307 2381 emetbonales,
1344 2294 1431 2363 item
1456 2313 1526 2364 333
1551 2293 1699 2365 taberna
1725 2294 1857 2366 babens

306 2435 423 2505 agros,
451 2405 531 2486 item
559 2413 778 2485 13313133133
806 2418 954 2503 quatuor
981 2414 1149 2486 habentes
1168 2432 1286 2502 agros,
1313 2413 1397 2484 item
1424 2413 1492 2485 duo
1511 2413 1656 2505 praedia
1681 2413 1858 2503 militaria,

305 2544 344 2607 ot
370 2534 549 2626 quodlibet
583 2534 763 2625 praedium
791 2534 929 2605 nonnisi
956 2555 1060 2606 unum
1093 2535 1229 2606 laneum
1256 2534 1425 2625 continet,
1453 2534 1557 2607 3113
1584 2535 1748 2608 universa
1775 2535 1858 2607 31113

305 2657 454 2730 33131133
487 2661 523 2726 31
549 2655 753 2728 conducitur
779 2654 912 2726 decima
938 2654 1166 2745 manipularis
1196 2661 1232 2726 et
1258 2655 1434 2746 canapalis
1461 2675 1524 2745 pro
1551 2654 1696 2728 ecclesia
1722 2662 1758 2727 31
1784 2656 1858 2745 ple-

304 2778 395 2848 bano
422 2778 497 2848 eius
522 2778 559 2848 in
576 2776 897 2867 Zarnowyecz,
924 2776 1077 2848 3133133
1103 2775 1250 2850 313331
1277 2775 1456 2849 duodecim
1483 2796 1616 2848 marcas
1643 2777 1855 2849 aestimatur.

408 2897 610 2989 Houonrn,
637 2897 720 2969 31113
751 2898 816 2969 331
834 2897 999 2987 parocbia
1025 2898 1068 2968 13
1095 2897 1398 2989 Zaruowyooz
1425 2897 1510 2988 sita,
1537 2898 1634 2970 cuius
1661 2899 1857 2990 proprietas

301 3021 345 3091 ad
363 3020 620 3092 serenissimum
636 3016 802 3089 Poloniae
820 3039 936 3108 regem
955 3019 1115 3109 partinet.
1153 3019 1277 3109 inqua
1299 3025 1381 3092 3331
1399 3019 1563 3092 undecim
1584 3020 1676 3092 lanei
1703 3021 1856 3090 31331113-

302 3142 415 3232 33133,
447 3142 530 3211 item
556 3141 702 3213 taberna
728 3160 797 3210 una
832 3139 963 3212 habens
990 3160 1112 3230 agros,
1146 3140 1231 3211 item
1266 3140 1445 3231 praedium
1482 3141 1615 3230 regium
1651 3162 1775 3230 unum,
1812 3142 1855 3213 de

302 3262 426 3352 quibus
452 3261 601 3334 33131133
635 3261 769 3353 decima
795 3261 1021 3350 manipularis
1056 3267 1093 3332 et
1119 3261 1294 3351 cauapalis
1325 3282 1389 3350 pro
1417 3262 1626 3334 monasterio
1653 3262 1854 3333 monialium

303 3381 421 3453 Sancti
447 3381 590 3453 Andrae
617 3383 652 3452 in
672 3380 916 3471 cracovia,
943 3382 1041 3452 cuius
1068 3381 1167 3454 valor
1194 3382 1398 3454 aestimatur
1424 3382 1469 3453 31
1488 3381 1605 3454 decem
1632 3403 1776 3454 marcas.

406 3501 684 3592 Mnnrscruczn,
719 3502 802 3574 villa
837 3503 901 3573 sub
927 3502 1094 3592 parochia
1120 3502 1164 3573 de
1189 3502 1499 3593 Zarnowyocz
1527 3504 1612 3594 sita,
1647 3504 1744 3574 cuius
1761 3525 1852 3595 ¹pro-

303 3625 436 3713 prietas
462 3628 499 3695 31
524 3623 713 3695 dominium
739 3621 784 3694 ad
806 3623 1065 3694 serenissimum
1092 3621 1257 3694 Poloniae
1284 3643 1401 3714 regem
1428 3623 1589 3714 pertinet
1628 3624 1668 3695 13
1687 3632 1855 3714 quaeunt
1885 3683 1894 3696 .

304 3744 421 3816 decem
449 3745 540 3815 13331
566 3742 817 3834 cmothonales,
843 3737 927 3816 it'em
954 3744 1102 3817 taberna
1127 3764 1196 3814 una
1222 3743 1354 3815 habens
1380 3765 1497 3835 agros,
1524 3745 1608 3816 item
1633 3744 1854 3817 hortulaniae

302 3866 390 3936 duae
416 3866 584 3937 habentes
610 3886 731 3956 agros,
762 3866 846 3936 item
869 3864 1104 3937 molendinum
1126 3886 1232 3938 uuum
1256 3865 1389 3938 babens
1415 3886 1536 3957 agros,
1561 3867 1646 3938 item
1672 3866 1853 3957 praedium

299 4008 403 4058 unum
430 3988 578 4077 regium,
605 3986 791 4077 dequibus
819 3986 977 4058 omnibus
1004 3987 1153 4058 33131133
1178 3992 1215 4058 31
1232 3987 1437 4060 3331331133
1464 3987 1597 4059 decima
1622 3987 1849 4078 manipularis

300 4115 336 4179 et
361 4109 538 4198 canapalis
564 4128 628 4197 pro
646 4108 857 4181 monasterio
884 4108 1198 4179 sanctimonialium
1225 4107 1344 4179 Sancti
1362 4106 1524 4188 Andreae
1550 4109 1586 4178 in
1614 4106 1851 4198 Graecula,

299 4229 451 4300 3133133
477 4230 552 4299 eius
579 4230 783 4300 aestimatur
801 4228 846 4300 ad
865 4228 1047 4300 duodecim
1066 4249 1210 4300 marcas.
1251 4229 1339 4301 ltom
1357 4229 1400 4300 13
1418 4228 1563 4326 praedio
1589 4228 1692 4300 datur
1719 4229 1852 4312 1331333

300 4347 344 4418 31
371 4348 549 4419 ecclesiam
573 4349 609 4418 in
635 4348 960 4440 Zarnowyecz,
987 4349 1148 4421 similiter
1174 4350 1217 4420 de
1243 4350 1399 4422 taberna.

960 4468 1185 4543 Gnouonow.
1722 4533 1726 4542 .

403 4589 576 4680 Oppidum
602 4590 735 4662 habeus
762 4591 798 4661 in
816 4610 853 4662 se
872 4590 1052 4662 ecelesiam
1079 4590 1313 4682 parochialem
1339 4591 1466 4664 Sancto
1489 4591 1634 4666 Nicolao
1652 4591 1850 4666 (1331333331
1874 4620 1877 4626 ·

298 4711 448 4783 dicatam
474 4714 572 4784 cuins
599 4712 742 4803 chorus,
769 4711 848 4804 albo
866 4711 981 4803 lapide
1008 4717 1165 4784 muratus
1192 4717 1264 4804 est,
1292 4733 1417 4804 corpus
1444 4734 1527 4786 vero
1554 4713 1724 4805 ligneum,
1751 4716 1849 4787 cuius

296 4835 420 4905 haeres
447 4853 511 4923 pro
529 4832 653 4904 maiori
671 4837 772 4923 parte
790 4831 983 4906 Stanislaus
1009 4833 1361 4924 Kromolowsky
1388 4834 1514 4933 nobilis
1531 4834 1575 4905 de
1594 4834 1699 4907 armis
1727 4834 1848 4909 Gril-

295 4953 422 5026 fonum.
468 4955 509 5025 In
536 4976 604 5044 quo
640 4961 722 5026 sunt
757 4954 849 5026 lanei
883 4956 1150 5046 oppidanorum,
1186 4956 1231 5026 ad
1266 4955 1459 5047 praelatum
1491 4955 1847 5050 Kromolowsky

296 5078 529 5166 pertinentes,
556 5076 599 5147 de
617 5076 742 5167 quibus
769 5075 918 5147 solvitur
935 5083 972 5148 31
990 5077 1195 5164 conducitur
1221 5076 1354 5148 decima
1371 5077 1598 5167 manipularis
1617 5057 1654 5151 et
1671 5079 1848 5169 canapalis

295 5217 360 5285 pro
394 5198 597 5287 episcopatu
633 5196 871 5288 cracoviensi,
907 5203 944 5268 et
969 5199 1068 5271 valor
1104 5199 1178 5270 eius
1213 5198 1417 5270 aestimatur
1452 5197 1496 5269 31
1533 5204 1663 5289 septem
1700 5221 1847 5273 marcas.

295 5314 442 5388 Praeter
468 5324 584 5388 autem
609 5317 674 5389 hos
702 5317 839 5408 133333,
875 5325 930 5391 331
956 5320 1005 5390 ibi
1032 5339 1122 5391 unus
1148 5320 1268 5390 laneus
1296 5320 1486 5410 praepositi
1512 5326 1550 5392 ot
1575 5321 1776 5400 monasterii
1805 5321 1848 5394 de

296 5435 420 5508 Mstb
431 5459 510 5528 33,
536 5443 572 5509 31
589 5459 658 5510 333
675 5439 892 5529 hortularia,
919 5439 963 5511 13
981 5440 1107 5532 quibus
1135 5439 1282 5512 solvitur
1308 5439 1441 5512 decima
1457 5440 1681 5531 manipularis
1699 5441 1848 5531 plebano

297 5558 332 5628 in
361 5555 628 5630 Cromolow.
673 5560 760 5630 Item
795 5567 850 5633 est
886 5561 934 5632 ibi
969 5561 1169 5652 praedium·
1185 5560 1353 5652 militare,
1391 5560 1529 5653 dequo
1564 5545 1757 5636 decimatur
1783 5583 1875 5666 pru...

296 5680 444 5769 plebano
480 5682 515 5750 in
543 5680 802 5753 Oromolow.
842 5682 930 5753 Item
957 5684 1176 5774 praepositus
1211 5689 1248 5754 et
1278 5689 1469 5756 conventus
1504 5684 1706 5757 monasterii
1737 5663 1866 5758 Meto·¹
1934 5779 1936 5785 Α

294 5802 422 5874 3133313
450 5802 557 5873 13131
582 5823 646 5892 333
664 5823 734 5874 333
750 5802 938 5876 medietate
963 5805 1243 5895 iuspatronatus,
1269 5825 1333 5894 pro
1351 5804 1464 5876 altera
1488 5825 1572 5877 vero
1591 5804 1722 5877 haeres.
1757 5806 1845 5884 Item

294 5921 461 6011 plebanus
487 5924 595 5996 habet
621 5924 670 5996 ibi
697 5945 801 6014 agros
828 5931 865 5996 et
890 5931 1010 6016 prata,
1038 5947 1102 6017 pro
1130 5946 1192 5999 suo
1219 5945 1286 5997 usu
1312 5931 1348 5997 et
1374 5926 1591 5998 necessitate.

334 6119 338 6126 ,
400 6043 671 6135 1133333333,
708 6045 792 6117 villo
836 6046 900 6118 sub
935 6047 1102 6137 parochia
1136 6045 1180 6119 de
1215 6045 1468 6118 Gromolow
1503 6048 1588 6138 sita,
1633 6048 1730 6120 cuins
1765 6070 1847 6140 pro·

292 6163 423 6252 3313133
450 6164 495 6235 31
513 6166 761 6237 monasterium
787 6165 1001 6239 Matoviense
1026 6167 1187 6258 pertinet
1226 6165 1267 6238 In
1293 6188 1361 6258 qua
1386 6173 1467 6239 sunt
1485 6188 1609 6240 uorem
1635 6168 1728 6240 lanei
1754 6190 1846 6242 crue·

220 6351 223 6357 .
291 6284 468 6375 tbonnles,
504 6285 548 6357 de
582 6287 708 6376 quibus
742 6287 877 6359 decima
910 6288 1137 6379 manipularis
1172 6295 1209 6361 31
1242 6289 1420 6381 canapalis
1454 6289 1600 6362 solvitur
1631 6292 1844 6363 monasterio

251 6467 264 6490 ,
291 6403 517 6497 Mataviensi,
547 6412 584 6477 31
601 6406 700 6479 valor
725 6408 801 6479 eius
819 6408 1024 6481 aestimatur
1051 6409 1232 6482 addenem
1250 6430 1402 6498 marcas3
1429 6411 1511 6482 item
1530 6411 1729 6501 praedium,
1758 6413 1843 6483 item

291 6521 474 6620 numne,
500 6526 584 6599 item
611 6525 841 6622 hortulaniae,
866 6529 951 6602 item
977 6530 1210 6606 molendinum
1236 6583 1353 6602 .....
