4200 8342
1722 1632 1795 1711 ano
1876 1575 1880 1588 ’

234 1870 244 1934 '.
350 1831 494 1928 Dounn,
509 1833 670 1911 villasnb
692 1838 856 1930 parochia
869 1838 1040 1914 Pilczensi
1054 1841 1133 1931 sita,
1160 1841 1256 1914 cuins
1275 1840 1398 1914 haeres
1412 1838 1591 1914 lohannes
1617 1843 1797 1936 Pilyecz-

247 1958 329 2049 sky
357 1957 399 2030 de
427 1958 534 2030 armis
566 2013 790 2031 .........
839 1963 879 2034 ln
907 1984 976 2054 qua
1002 1970 1084 2036 suut
1110 1962 1205 2034 lanei·
1239 1964 1490 2055 ometlmnales,
1525 1965 1609 2035 item
1637 1966 1795 2056 taberna,

246 2080 330 2150 item
357 2079 584 2171 hortulaniae,
612 2079 655 2152 de
682 2082 806 2172 quibus
833 2083 991 2156 omnibus
1018 2085 1166 2157 solvitur
1192 2089 1229 2155 et
1250 2085 1455 2156 conducitur
1481 2085 1615 2157 decima
1640 2087 1797 2175 manipu-

238 2199 330 2270 laris
357 2190 595 2292 etcanapalis
621 2203 786 2274 ecclesiae
822 2203 858 2274 iu
884 2203 1210 2297 Zara-cuyccz,
1245 2212 1282 2276 et
1308 2207 1406 2278 valor
1432 2206 1507 2278 cius
1543 2206 1586 2277 ad
1613 2206 1795 2277 duodecim

246 2340 380 2393 marcas
405 2322 620 2395 aestimatur.

347 2440 522 2530 Kaurrn,
548 2443 632 2516 villa
657 2446 722 2516 sub
748 2445 922 2542 parochio
940 2445 983 2517 de
1010 2445 1211 2536 Uuyeow
1237 2447 1315 2536 sita,
1343 2446 1440 2518 cuius
1468 2446 1637 2518 haeredes
1663 2447 1797 2521 nobiles

247 2563 290 2635 de
317 2565 425 2636 armis
449 2563 628 2656 Kozlya
645 2563 765 2655 rogi.
810 2565 850 2638 In
877 2587 947 2657 qua
980 2572 1064 2640 sunt
1089 2567 1180 2638 lanei
1216 2567 1469 2657 emethouales,
1505 2567 1590 2638 item
1621 2567 1796 2657 tabernac,

246 2686 329 2757 item
354 2685 591 2778 hortulaniac,
627 2686 670 2758 de
697 2686 823 2777 quibus
846 2681 1008 2760 omnibus
1035 2687 1185 2760 soluitur
1219 2688 1352 2759 decima
1378 2687 1604 2778 manipularis
1632 2688 1797 2760 ecclesiae

246 2806 281 2876 in
308 2805 628 2898 Zarnouyccz.
673 2806 761 2880 Item
787 2807 956 2899 plebanus
982 2807 1025 2881 de
1051 2808 1355 2900 Zarnou·yecz
1390 2808 1499 2881 habet
1525 2830 1630 2896 uuum
1656 2811 1797 2882 hortum

248 2927 340 2998 inter
364 2928 488 3004 hortos
514 2928 634 3019 oppidi
665 2927 993 3020 Zarnowyecz,
1030 2930 1065 3001 in
1093 2930 1167 3002 loco
1195 2927 1446 3019 Morawka,
1483 2930 1621 3021 deaque
1649 2927 1798 3003 solvitur
1845 2990 1847 2994 .

247 3048 314 3117 sibi
340 3067 404 3137 pro
431 3068 535 3122 censu
562 3070 677 3124 annno
705 3070 775 3122 uua
799 3069 927 3122 marca.

377 3169 638 3259 Manuszrczn,
673 3170 758 3242 uilla
792 3171 857 3244 sub
892 3171 1058 3262 parochia
1092 3171 1135 3243 de
1153 3170 1295 3243 'Sancto
1331 3170 1524 3246 Adulberto
1560 3172 1596 3242 in
1631 3170 1797 3244 suburbio

248 3289 688 3381 oppidiZaruowyecz
714 3291 791 3383 sita,
812 3292 909 3363 cuins
927 3293 1091 3364 haeres...
1118 3292 1441 3382 Sczekoczsky
1467 3291 1799 3364 dearmisOdro-

248 3411 441 3483 wansch.
467 3412 508 3482 In
526 3429 595 3503 qua
612 3417 694 3483 sunt
711 3411 804 3483 lanei
829 3412 1086 3504 cmetlmuuleu,¹
1099 3413 1142 3483 do
1170 3412 1294 3503 quibus
1320 3413 1469 3485 solvitur
1496 3418 1533 3484 et
1555 3411 1797 3486 conducitur...

349 3531 663 3623 anuonowrczn,
699 3531 784 3604 uilla
810 3534 875 3604 snb
902 3532 1068 3624 parochia
1103 3533 1268 3606 ecclesiae
1295 3532 1413 3606 Sancti
1441 3532 1625 3605 Adalberti
1652 3535 1689 3606 in
1716 3535 1797 3606 sub-

210 3701 221 3720 .
248 3652 348 3724 urbio
374 3652 681 3745 Zarnow-yecz
707 3652 794 3743 sita,
830 3653 929 3725 cuius
954 3654 1151 3744 proprietas
1177 3637 1214 3725 et
1240 3653 1430 3730 dominium
1466 3654 1511 3726 ad
1537 3654 1795 3726 serenissimum

248 3772 411 3845 Poloniae
437 3795 558 3865 regern
581 3774 744 3866 pertinet.
770 3774 811 3846 In
830 3781 997 3866 quaeunt
1015 3795 1138 3847 novem
1157 3774 1513 3865 lanei'curcthonalas,
1539 3776 1622 3846 item
1650 3776 1798 3846 taberna

248 3915 318 3966 nna
342 3896 475 3968 habens
501 3917 623 3988 agros,
654 3898 742 3970 item
768 3896 989 3984 hortulaniae
1014 3917 1085 3968 uon
1112 3902 1210 3987 sunt,
1242 3895 1285 3967 de
1313 3897 1438 3986 quibus
1465 3896 1624 3967 omnibus
1651 3895 1799 3968 soluitur

249 4021 285 4086 et
311 4016 513 4089 conducitur
539 4018 672 4090 decima
706 4017 932 4107 manipularis
958 4022 996 4088 et
1022 4016 1198 4107 canapalis
1234 4036 1297 4106 pro
1334 4016 1545 4087 monasterio
1580 4015 1699 4087 Sancti
1727 4016 1798 4085 An-

248 4135 352 4207 dreae
386 4137 423 4208 in
450 4136 696 4230 cracovia,
732 4143 771 4212 ct
804 4139 902 4211 valor
937 4139 1012 4212 uiua
1047 4137 1270 4210 aestimatur·
1288 4137 1333 4209 ad
1369 4135 1485 4208 decem
1521 4155 1666 4208 marcas.
1710 4136 1798 4208 Item

249 4258 428 4347 praedium
454 4280 524 4333 nou
550 4266 605 4333 ent
626 4260 689 4333 ibi.

352 4378 597 4472 Wrnznrezn,
624 4382 708 4454 villa
733 4382 798 4455 sub
824 4380 991 4472 parochia
1016 4379 1135 4453 Sancti
1161 4378 1345 4454 Adalbe'rti
1371 4379 1415 4450 in·
1434 4378 1604 4452 suburbio
1627 4377 1746 4452 Zarn
1759 4402 1797 4451 o·

248 4521 398 4592 wyecz
424 4502 503 4594 sita,
529 4503 627 4576 cuius
654 4505 850 4595 proprietas
876 4502 921 4575 ad
949 4502 1208 4574 serenissimum
1235 4501 1401 4574 Poloniac
1428 4522 1544 4592 regem
1571 4502 1729 4592 pertinet.
1757 4503 1797 4572 In

248 4643 318 4712 qna
343 4629 426 4696 sunt
450 4623 542 4700 lanei
569 4623 811 4716 umethonales,
833 4624 881 4701 ‚de
909 4625 1046 4720 quibus.
1062 4623 1209 4702 solvitur
1235 4623 1369 4696 decima
1390 4622 1617 4712 manipularis
1643 4644 1707 4713 pro
1726 4644 1799 4692 mo-

248 4745 401 4818 nasterio
426 4745 626 4818 monialium
641 4744 771 4818 Sancti
797 4745 960 4818 Andreae
987 4748 1022 4818 in
1049 4745 1296 4836 cracovia,
1323 4749 1360 4815 et
1385 4743 1484 4816 valor
1501 4744 1576 4815 cius
1594 4744 1800 4814 aestimatur

248 4863 292 4937 ad
312 4919 425 4938 .....
450 4865 540 4940 Item
558 4873 622 4943 ‚est
646 4867 683 4939 in
709 4866 828 4940 eodem
858 4867 941 4939 villa
966 4867 1159 4958 praedium·
1173 4866 1317 4955 regium,
1344 4865 1388 4935 de
1406 4864 1504 4935 cuius
1521 4865 1623 4954 agris
1651 4862 1799 4935 solvitur

246 4985 378 5059 decima
403 4989 628 5080 manipularis
654 4989 759 5064 altari
784 4988 904 5062 Sancti
930 4988 1102 5062 Vladislai
1129 4989 1165 5058 in
1191 4985 1339 5058 ecclesia
1364 4982 1604 5075 (lracoviensi,
1632 4990 1668 5056 et
1696 4983 1794 5056 valor

247 5105 323 5180 eius
347 5110 550 5183 aestimatur
575 5110 622 5182 nd
647 5115 729 5192 tres,
746 5129 891 5182 marcas.
1700 5167 1702 5172 ,
1744 5161 1746 5166 -

352 5228 511 5322 Wonrn,
539 5231 623 5302 villa
649 5233 714 5304 surb
740 5232 907 5322 parochia
932 5230 1098 5301 ecclesiae
1124 5228 1168 5300 de
1185 5227 1312 5299 Sancto
1339 5225 1531 5299 Adalberto
1559 5225 1611 5297 de
1637 5219 1800 5336 laneis,

250 5347 323 5424 sive
340 5345 567 5426 de'suburbio
586 5352 706 5444 oppidi
722 5352 841 5424 Zarn
852 5372 1027 5442 owyecz
1045 5351 1130 5441 sita,
1149 5350 1245 5421 cuius
1263 5349 1460 5440 proprietas
1479 5347 1523 5419 ad
1542 5337 1799 5419 serenissimum

249 5470 413 5545 Polouiae
447 5494 565 5566 regem
600 5475 761 5566 pmtiuet.
810 5473 850 5545 lu
886 5493 955 5564 qua
989 5476 1072 5546 sunt
1097 5471 1188 5543 lanei
1223 5469 1477 5560 amethonales,
1512 5470 1595 5541 item
1623 5470 1800 5557 talemne,

249 5591 332 5664 item
358 5594 595 5687 hortulanine,
622 5595 808 5688 dequibus
835 5595 994 5667 omnibus
1021 5594 1170 5666 solvitur
1197 5598 1233 5664 ct
1259 5592 1467 5665 conducitur
1494 5591 1627 5661 decima
1644 5590 1800 5678 manipu-

161 5801 166 5811 ·
249 5712 334 5786 laris
361 5721 398 5787 et
422 5716 599 5808 canapalis
625 5737 689 5809 pro
715 5717 927 5789 munasterio
952 5715 1153 5788 monialium
1172 5714 1291 5787 Sancti
1311 5712 1475 5785 Andreae
1501 5713 1537 5783 iu
1563 5710 1800 5799 Gracoviu,

250 5842 287 5906 et
312 5837 410 5909 valor
435 5838 511 5910 eius
536 5838 743 5911 aestimatur
768 5837 812 5909 ad
840 5891 1008 5909 .......
1557 5885 1565 5897 ·

353 5956 601 6051 Konzrcznnr,
628 5961 713 6033 villa
731 5961 795 6031 sub
813 5960 980 6050 parochia
1001 5958 1119 6029 Sancti
1137 5957 1320 6029 Adalberti
1347 5955 1391 6025 de
1416 5953 1571 6024 laneis
1597 5951 1676 6040 sita,
1703 5948 1800 6022 cuius

248 6080 446 6170 proprietas
480 6080 526 6154 ud
560 6081 818 6153 serenissimum
853 6078 1019 6153 Poluniao
1054 6099 1170 6168 regem
1206 6076 1367 6166 pertinet
1416 6073 1456 6143 ln
1492 6091 1561 6163 qua
1595 6076 1677 6142 sunt
1707 6069 1799 6160 lanei

249 6200 503 6288 cmethonoles,
529 6203 613 6275 item
640 6200 824 6292 tabernae,
863 6200 946 6271 item
973 6199 1210 6286 hurtrrlaniae,
1245 6197 1288 6266 de
1316 6194 1440 6285 quibus
1467 6193 1625 6266 omnibus
1652 6192 1801 6265 solvitur

249 6328 286 6392 et
303 6324 508 6398 conducitur
533 6324 666 6397 decima
677 6319 909 6412 manipularis
928 6325 964 6391 et
981 6319 1158 6409 canapalis
1176 6338 1240 6407 pro
1259 6315 1471 6408 monasterio
1494 6314 1611 6387 Sancti
1630 6311 1794 6385 Andreae

249 6441 286 6512 in
312 6443 548 6519 Graconia.
588 6446 676 6518 Item
702 6449 758 6517 est
783 6443 833 6516 ibi
859 6441 1038 6533 praedium
1064 6439 1211 6529 regium,
1238 6438 1281 6510 de
1298 6438 1397 6512 cuius
1424 6438 1518 6528 agris
1545 6433 1735 6518 decimatur
1761 6436 1799 6505 iu
1840 6509 1844 6518 ,

353 6731 574 6794 τιμωρῆσαι,
1420 6797 1422 6802 Ι
1596 6705 1634 6759 ¹²
