4200 8342
1740 1621 1813 1691 scr
1871 1598 1873 1603 ’

286 1870 331 1911 .„
349 1892 352 1897 ,
370 1820 622 1911 annszvczs,
650 1820 735 1894 villa
760 1823 825 1893 snb
852 1821 1020 1913 parochia
1046 1820 1089 1894 de
1116 1822 1470 1914 Woyczeszkov
1497 1825 1582 1915 sita,
1610 1826 1707 1899 cuius
1733 1827 1815 1898 hae·
1847 1821 1852 1833 ’

271 1962 328 2015 res
354 1942 534 2045 lohannes
561 1940 851 2035 Goszsczsky
877 1942 921 2014 de
946 1944 1054 2015 armis
1079 1944 1276 2036 Dolyvva.
1303 1946 1346 2018 In
1362 1966 1431 2035 qua
1450 1950 1532 2017 sunt
1553 1946 1644 2018 lanei
1663 1948 1815 2020 emetha-

266 2063 372 2153 nnles,
399 2063 443 2135 dc
469 2063 595 2153 quibus
621 2063 769 2136 solvitur
795 2069 831 2136 et
858 2064 1063 2137 conducitur
1089 2065 1222 2163 decima
1250 2065 1475 2156 manipularis
1493 2071 1529 2138 et
1547 2067 1722 2158 canapalis
1749 2089 1813 2158 pro

265 2185 467 2277 episcopatu
495 2183 725 2275 Gracoviensi,
750 2184 849 2257 cuius
873 2185 975 2271 valor
999 2186 1205 2258 aestimatur
1231 2187 1275 2258 ad
1302 2191 1450 2279 quatuor
1477 2207 1620 2260 marcas.
1645 2189 1733 2260 Item
1758 2194 1815 2260 est

264 2306 316 2379 ibi
340 2325 447 2377 nuum
473 2305 672 2397 praedium,
707 2303 752 2379 de
778 2326 848 2396 quo
875 2294 1067 2379 decimatur
1093 2306 1259 2379 ecclesiae
1286 2308 1323 2378 in
1349 2307 1690 2399 Woczeszkovv,
1705 2310 1813 2384 cuius

265 2426 363 2501 valor
389 2427 594 2499 aestimatur
620 2427 778 2503 adduas
805 2446 949 2501 marcas.

246 2542 255 2551 ”
307 2546 500 2620 ·-PAavs
526 2549 789 2640 Rsnonzvscn,
817 2550 900 2622 villa
918 2550 982 2622 sub
1000 2550 1165 2641 parochia
1188 2550 1230 2622 de
1257 2550 1586 2623 Woczeszkov
1606 2551 1685 2640 sita,
1712 2552 1810 2624 cuius

263 2670 387 2744 haeres
413 2670 578 2743 Nicolans
604 2671 902 2765 Snobyeszkp
929 2672 971 2743 de
989 2673 1096 2743 armis
1122 2670 1312 2762 Janyna.
1338 2672 1379 2743 In
1403 2692 1471 2763 qua
1497 2676 1579 2743 sunt
1604 2670 1696 2743 lanei
1724 2693 1813 2745 cvne-

263 2790 442 2883 tlronales,
469 2791 512 2864 de
540 2791 664 2883 quibus
691 2793 839 2867 solvitur
864 2800 901 2865 et
928 2792 1133 2866 conducitur
1160 2792 1293 2864 decima
1320 2792 1546 2882 manipularis
1573 2797 1610 2863 et
1636 2795 1813 2884 canapalis

263 2934 328 3006 pro
355 2913 556 3005 episcopatu
582 2913 813 3006 Gracoviensi,
840 2915 939 2987 cuius
955 2915 1056 2986 valor
1082 2915 1287 3001 aestimatur
1309 2913 1356 2986 ad
1383 2917 1530 3004 quatuor
1557 2932 1699 2986 marcas
1725 2916 1812 2987 Item

263 3037 313 3109 ibi
340 3035 601 3131 praedium...
620 3038 739 3126 ,item
766 3033 983 3108 camelae...

319 3156 514 3231 WonvA
544 3158 852 3248 BvsnnzvczsnA,
890 3157 976 3229 villa
1010 3156 1075 3228 sub
1111 3157 1277 3247 parochia
1312 3155 1355 3226 de
1381 3154 1700 3227 Woczeszkow
1734 3158 1811 3246 situ,

264 3280 360 3353 cuins
386 3280 509 3371 haeres
535 3278 670 3369 praefat
634 3300 713 3352 aus
655 3278 917 3352 tJohannes
950 3268 1190 3369 Gosczsk'y
1224 3279 1267 3348 de
1295 3279 1401 3349 armis
1437 3276 1633 3368 Dolyvva.
1675 3277 1717 3347 ln
1745 3299 1834 3368 qna·
1930 3375 1932 3384 Ι

190 3474 197 3485 ,
263 3392 345 3505 sn'l‘it
370 3400 462 3472 lanei
487 3399 731 3491 cmetlronales,
759 3400 801 3471 de
828 3400 953 3493 quibus
980 3398 1128 3473 solvitur
1144 3402 1182 3471 et
1198 3398 1402 3487 conducitur
1429 3398 1562 3470 decima
1588 3418 1653 3488 pro
1679 3399 1812 3488 episco—
1859 3462 1862 3472 .

204 3530 215 3539 “’
261 3524 346 3613 patu
373 3520 610 3611 cracoviensi,
648 3526 684 3593 et
708 3523 807 3594 valor
833 3522 908 3593 eius
944 3519 1335 3610 adpuatuormarcas}
1359 3519 1481 3591 -Hanc
1507 3519 1622 3600 etiarn¹
1644 3520 1811 3593 decimam

263 3642 495 3734 Sbigneus
530 3642 713 3733 episcopus
740 3641 981 3715 Gracovieusis
1017 3662 1102 3715 suae
1138 3661 1278 3713 mensae
1305 3641 1573 3733 appropriavit,
1597 3639 1744 3712 ecclesia
1769 3640 1813 3712 de

262 3762 608 3857 Thuchovyecz
636 3763 713 3835 aliis
741 3744 882 3835 decimis
900 3783 1040 3834 mensae
1068 3762 1274 3854 episcopalis
1300 3767 1511 3834 contestata
1535 3762 1625 3833 Item
1643 3761 1693 3834 ibi
1710 3775 1811 3852 prae-

262 3883 876 3975 oium...,item·mesooaa..‚.

290 4028 312 4045 ··
366 4005 531 4096 Gamow,
558 4005 642 4077 villa
668 4007 732 4078 sub
759 4000 927 4096 parocluia
953 4005 996 4076 de
1015 4004 1339 4076 Woczeszk'ow
1366 4004 1444 4093 sita,
1472 4003 1579 4074 cuius
1595 4003 1719 4074 haeres
1745 4002 1811 4073 Pe·

260 4134 337 4201 trus
364 4126 535 4199 Czolek
562 4127 833 4218 Byelynsky
861 4127 903 4198 de
930 4126 1035 4198 armis
1064 4125 1329 4198 Taurorum.
1358 4126 1398 4195 lu
1417 4144 1485 4216 qua
1502 4129 1590 4196 sunt
1610 4124 1703 4195 lanei
1721 4145 1810 4195 cmc·

259 4249 428 4338 thonales,
470 4248 512 4320 de
540 4250 665 4339 quibus
692 4249 839 4321 solvitur
866 4254 902 4320 et
928 4246 1133 4339 conducitur
1159 4248 1294 4318 decima
1319 4245 1545 4336 manipularis
1572 4251 1609 4316 et
1635 4246 1810 4335 canapalis

240 4391 324 4462 pre
350 4371 549 4462 episcopatu
577 4370 809 4460 cracoviensi,
837 4377 873 4443 et
892 4369 990 4442 valor
1007 4358 1145 4447 eiusad
1164 4368 1298 4460 septem
1316 4387 1452 4440 marcas
1470 4366 1686 4441 aestimatur.
1713 4365 1811 4441 Hauc

260 4492 365 4565 etiam
390 4493 630 4583 appropriavit
656 4491 887 4583 Sbigneus
920 4490 1106 4563 cardinalis
1133 4496 1170 4562 et
1196 4478 1377 4583 episcopus
1404 4488 1645 4561 Gracoviensis
1672 4508 1810 4559 mensae

237 4712 240 4719 ι
256 4612 457 4790 ¹otriuvcopali,
484 4612 630 4684 ecclesia
649 4615 684 4685 iu
703 4611 991 4704 Thuchovye
1003 4634 1053 4683 cs
1077 4616 1289 4715 contestata.
1316 4612 1403 4684 Item
1423 4611 1473 4683 ibi
1490 4611 1709 4701 praedium...,
1727 4609 1810 4681 item
1942 4623 1944 4626 ’

258 5173 264 5182 ,
275 5053 368 5191 ξ
380 5116 510 5188 vrrg1m
535 5102 572 5169 et
596 5020 743 5186 martyri
769 5094 980 5167 dicrum...

905 5318 1158 5391 onrnswrn.
1243 5331 1245 5335 ·

178 5454 207 5563 '3¹
228 5495 298 5560 ι,,,.
360 5459 455 5532 Villa
480 5447 613 5532 liabens
640 5461 675 5531 in
703 5480 741 5531 se
768 5457 1002 5549 parochialem
1030 5457 1219 5545 ecclesiam,
1238 5456 1355 5529 latere
1374 5462 1471 5529 cocto
1498 5478 1562 5547 per
1591 5457 1808 5529 reverendis-

227 5556 381 5654 ¹''Ri‘ovum
408 5570 490 5654 olim
517 5587 652 5672 patrem
688 5581 934 5671 Sbigneum
966 5579 1165 5671 episcopum
1201 5578 1463 5651 (macoviensem
1498 5578 1729 5673 pulcherrime
1756 5577 1806 5650 la-

254 5702 444 5794 bricatam,
481 5708 517 5775 et
544 5704 580 5773 in
601 5682 779 5775 ‘omnibus
802 5701 958 5791 partibus
993 5700 1066 5772 suis
1101 5678 1371 5790 testudinatam,
1406 5676 1522 5790 quam¹
1545 5720 1582 5770 se
1619 5698 1807 5772 devoverat

255 5826 357 5894 muro
392 5823 658 5913 fabricaturum,
695 5826 724 5893 si
761 5825 796 5893 in
832 5823 1070 5913 pontificatum
1116 5820 1396 5909 Oracoviensem,
1441 5825 1545 5910 prout
1579 5826 1616 5892 et
1640 5820 1806 5911 contigit,

259 5942 384 6014 fnisset
417 5949 615 6035 promotus,
643 5965 792 6034 arguens
819 5945 854 6015 in
882 5943 986 6016 corde
1006 5930 1076 6014 ¹s'uo
1103 5946 1298 6013 transactos
1334 5941 1581 6014 cracovienses
1616 5941 1807 6033 pontifices„

256 6063 347 6155 quod
383 6065 495 6137 locum
530 6071 601 6137 tam
637 6067 808 6155 insignem
848 6066 946 6138 Petri
980 6064 1103 6136 militis
1137 6063 1426 6153 resuscitatione,
1462 6084 1525 6155 per
1560 6063 1805 6135 Beatissimum

256 6186 466 6258 stanislaum
492 6192 573 6277 post
599 6187 786 6260 triennium
813 6186 920 6278 facta,
948 6192 984 6259 et
1001 6186 1071 6259 illis
1098 6205 1307 6276 magnopere
1327 6206 1547 6275 succensens,
1574 6185 1667 6277 quod
1694 6186 1806 6257 locum

254 6307 351 6379 illum
378 6328 476 6379 muro
504 6330 573 6379 non
600 6316 793 6399 ornassent,
820 6307 882 6381 sed
909 6313 1007 6381 tanto
1035 6312 1210 6399 tempore,
1238 6327 1282 6378 ex
1309 6328 1377 6399 quo
1405 6308 1476 6378 illic
1493 6307 1680 6379 suscitatio
1707 6305 1806 6378 Petri

252 6449 315 6519 per
342 6428 441 6501 Beat
415 6431 587 6502 tissimum
605 6429 814 6503 Stanislaum
830 6428 925 6503 facta
942 6434 1005 6521 est,
1033 6428 1292 6520 corruptibilem
1312 6429 1491 6500 materiam
1518 6429 1666 6521 ligneam
1695 6429 1803 6500 eccle-

256 6550 354 6623 siam
369 6551 499 6624 habere
525 6553 776 6643 permisissent
803 6551 1009 6644 Antiquitas
1035 6556 1153 6626 autem
1179 6551 1326 6626 ecclesia
1349 6549 1508 6705 praelata
1535 6550 1650 6623 dicata
1675 6550 1751 6624 suit
1768 6556 1805 6622 et

357 6714 562 6761 meumes
1610 6702 1643 6749 Η
