4200 8342
1661 1627 1897 1725 uas

258 1825 457 1914 proprietas
484 1825 529 1896 ad
555 1826 803 1898 monasterium
830 1826 1053 1916 Thynczense
1079 1829 1242 1918 pertinet.
1272 1830 1313 1900 Iu
1341 1849 1409 1919 qua
1435 1818 1516 1902 suut
1542 1830 1635 1902 lanei
1661 1832 1813 1904 emetha·

257 1946 365 2035 naleS,
392 1947 435 2017 de
463 1947 587 2037 quibus
616 1946 763 2018 solvitur
789 1946 922 2018 decima
948 1950 1137 2040 pecunialis
1164 1949 1252 2024 duae
1279 1971 1472 2040 senagenae
1498 1937 1648 2035 latorum
1673 1973 1813 2042 grosso-

259 2087 336 2138 rum
363 2087 428 2157 pro
455 2065 674 2157 manipulari,
701 2066 920 2157 praebendae
947 2067 1178 2160 Cracoviensi,
1197 2091 1285 2160 quae
1303 2071 1706 2149 vocaturZakrzowska.
1723 2072 1812 2143 Item

259 2186 352 2258 dicta
378 2187 463 2260 villa
489 2187 774 2259 Brunaczow
800 2187 835 2258 in
862 2187 938 2261 toto
966 2196 1020 2260 est
1046 2189 1193 2279 deserta,
1220 2190 1282 2262 sed
1307 2212 1411 2281 agros
1439 2191 1512 2262 eius
1539 2180 1656 2264 colunt
1680 2192 1813 2269 incolae

258 2315 296 2379 et
322 2308 522 2381 emethones
548 2307 592 2379 de
618 2307 935 2399 Radzeschow,
962 2315 998 2380 et
1025 2310 1150 2401 sylvas,
1176 2316 1279 2401 prata
1305 2316 1342 2383 et
1368 2311 1492 2383 rubeta
1517 2311 1621 2398 villae
1639 2312 1812 2393 Brona·

258 2449 386 2501 czou
413 2428 829 2519 sibiappropriavernnt.
1448 2457 1463 2505 ·.

596 2548 934 2623 Rauzascnowsua
961 2570 1023 2622 seu
1049 2550 1294 2648 Bnuunwsna
1321 2550 1476 2624 Wonra

277 2729 290 2744 .
372 2670 467 2741 Villa
501 2669 632 2741 habens
668 2670 704 2739 iu
740 2690 777 2741 se
813 2670 1045 2760 parochialem
1082 2670 1260 2742 ecclesiam
1295 2671 1464 2761 ligneam,
1492 2668 1638 2756 Sanctae
1675 2671 1811 2743 Mariae

256 2791 447 2863 Nativitati
482 2790 649 2880 dicatam,
677 2788 773 2862 cuius
805 2791 1001 2882 proprietas
1029 2790 1074 2862 ad
1100 2792 1346 2892 monasterium
1372 2791 1614 2881 Thynczcense
1639 2793 1813 2882 pertinet:

255 2913 295 2984 iu
322 2934 391 3003 qua
417 2917 499 2984 sunt
526 2910 793 3002 quatuordecem
819 2912 913 2992 lanei
940 2911 1184 3001 cmethonales,
1212 2912 1254 2985 de
1282 2913 1407 3002 quibus
1424 2912 1573 2984 solvitur
1591 2912 1724 2985 decima

415 3013 416 3016 ¹
916 3032 1165 3105 Poowmnow.
1810 3106 1812 3109 .

363 3153 457 3224 Villa
493 3149 723 3242 coenobialis,
750 3173 793 3224 ex
829 3153 973 3243 antiquo
1008 3154 1142 3224 habens
1176 3153 1410 3243 parochialem
1447 3153 1626 3225 ecclesiam
1652 3152 1810 3242 ligneam,

257 3273 384 3346 Sancto
413 3328 420 3345 .
449 3328 456 3343 .
484 3328 492 3343 .
520 3274 678 3364 dicatam,
706 3275 803 3345 cuius
829 3273 1030 3346 haereditas
1057 3274 1102 3346 ad
1128 3273 1375 3346 monasterium
1403 3273 1627 3365 Th5nczense
1653 3275 1811 3364 pertinet.

256 3395 296 3465 In
325 3416 394 3485 qua
421 3398 503 3465 suut
527 3393 645 3466 decem
671 3395 772 3485 lanei,
799 3394 854 3466 vel
881 3395 996 3484 potius
1024 3395 1101 3484 agri
1128 3394 1359 3469 emethouales
1386 3394 1596 3483 indistincti„
1615 3393 1658 3465 de
1684 3394 1809 3485 quibus

257 3516 406 3588 solvitur
432 3516 564 3587 decima
589 3515 814 3604 manipularis
841 3521 878 3585 et
905 3514 1082 3605 cenapolis
1108 3536 1172 3605 pro
1199 3514 1303 3586 altari
1321 3514 1526 3586 Sanctorum
1544 3514 1640 3602 Petri
1658 3518 1695 3585 et
1711 3512 1811 3584 Pauli

259 3639 292 3706 in
319 3635 465 3707 ecclesia
492 3635 721 3724 Gracoviensi,
748 3640 784 3705 et
811 3635 909 3705 valor
935 3635 1010 3707 eius
1036 3636 1241 3707 aestimatur
1267 3634 1314 3706 ad
1340 3640 1413 3705 tres
1435 3655 1578 3705 marcas.
1604 3635 1691 3705 Item
1710 3654 1811 3724 prae·

258 3754 351 3827 dium
379 3763 433 3827 est
459 3756 519 3846 ibi,
546 3755 588 3827 de
616 3777 684 3845 quo
711 3756 903 3827 decimatur
921 3755 1086 3828 ecclesiae
1104 3756 1140 3827 in
1158 3755 1463 3847 Pogwisdonu3
1489 3755 1573 3827 item
1591 3754 1809 3827 hortulaniae

258 3883 292 3947 et
316 3878 485 3948 tabernae
511 3895 580 3946 nou
607 3882 697 3947 sunt.
723 3875 812 3947 Item
838 3874 984 3946 ecclesia
1010 3880 1046 3945 et
1072 3876 1239 3965 plebanus
1264 3876 1379 3946 habet
1397 3875 1446 3947 ibi
1473 3895 1576 3964 agros
1595 3875 1755 3966 proprios
1774 3879 1810 3944 et

258 4004 368 4088 prata,
396 4018 460 4087 pro
487 4016 549 4068 sno
576 4017 642 4073 usu
669 4002 705 4067 et
731 3996 947 4068 necessitate.
972 3996 1062 4067 Item
1081 3997 1116 4065 in
1141 3995 1269 4066 Wola
1294 3995 1630 4079 Nieszkowska
1656 3994 1699 4066 de
1717 3995 1810 4085 agris

256 4117 491 4207 praedIalibus
518 4122 554 4187 et
580 4116 622 4188 de
649 4116 743 4206 agris
770 4117 915 4206 scolteti,
943 4117 1131 4206 inquibus
1158 4136 1249 4188 nunc
1275 4117 1388 4187 coloni
1418 4114 1591 4205 resident,
1619 4097 1811 4187 decimatur

257 4238 368 4311 eidem
396 4238 561 4309 ecclesiae
588 4238 623 4309 iu
650 4222 948 4327 Poguizdow,
972 4243 1007 4308 et
1032 4237 1130 4309 valor
1157 4236 1309 4309 decimae
1335 4234 1515 4328 praefatae
1542 4237 1746 4308 aestimatur
1764 4234 1809 4305 ad

258 4359 409 4449 quinque
436 4377 580 4430 marcas.

491 4548 494 4554 .
947 4477 1141 4552 Jnauoua¹
1202 4556 1204 4560 Α
1488 4543 1490 4551 .

360 4599 455 4672 Villa
480 4599 612 4671 habens
639 4600 675 4670 in
703 4620 740 4670 se
766 4599 999 4689 parochialem
1026 4600 1205 4673 ecclesiam
1232 4601 1390 4696 ligneam,
1418 4598 1550 4673 Sanct.
1578 4654 1586 4671 .
1613 4655 1622 4672 .
1649 4598 1809 4691 dicatam,

258 4721 355 4793 cuius
372 4721 516 4791 haeres.
535 4774 543 4789 .
562 4773 569 4788 .
587 4719 761 4792 Slauka
786 4720 829 4790 de
848 4721 954 4792 armis
973 4720 1292 4812 Kopaschyna.
1309 4722 1349 4793 In
1369 4743 1437 4811 qua
1450 4727 1531 4793 sunt
1547 4721 1638 4794 lanei
1657 4722 1809 4793 emetha-

255 4841 360 4930 nales,
389 4841 471 4910 item
499 4841 679 4930 tabernae,
707 4841 790 4910 item
816 4841 1056 4927 hortulauiae,
1084 4841 1126 4912 de
1154 4842 1277 4931 quibus
1305 4842 1463 4913 omnibus
1492 4842 1639 4913 solvitur
1665 4846 1703 4912 et
1728 4862 1808 4911 con-

256 4961 395 5034 ducitur
431 4961 563 5033 decima
597 4961 824 5052 manipularis
859 4981 924 5051 pro
959 4963 1203 5051 praepositura
1238 4963 1273 5032 iu
1308 4961 1564 5052 Ruszyecz:
1590 4961 1673 5031 item
1700 4961 1808 5033 habet

256 5083 401 5154 ecclesio
426 5086 462 5152 et
487 5070 665 5171 plebanus
681 5081 841 5171 proprios
869 5102 972 5171 agros
998 5083 1129 5153 liberos
1157 5088 1193 5154 et
1219 5087 1328 5172 prata,
1355 5103 1419 5171 pro
1446 5103 1509 5154 suo
1536 5103 1600 5153 usu
1627 5088 1664 5153 et
1690 5103 1808 5154 neces-

257 5203 369 5275 sitate.
396 5202 486 5272 Item
511 5202 595 5273 villa
621 5202 778 5293 praelata
803 5204 902 5276 iuxta
927 5203 1068 5274 fluvium
1095 5203 1341 5293 Dunayecz
1369 5204 1438 5274 sita
1463 5207 1524 5291 cst,
1552 5209 1587 5273 et
1608 5201 1808 5293 frequenter

256 5322 352 5394 illam
379 5343 442 5413 per
477 5323 684 5395 alluvionem
719 5324 844 5396 fluvius
870 5324 1115 5414 Dunayecz
1143 5329 1179 5395 et
1206 5324 1280 5395 eius
1307 5344 1410 5412 agros
1437 5322 1601 5412 devorat3
1628 5325 1808 5397 ecclesiam

257 5445 360 5514 etiam
389 5444 620 5533 parochialem
646 5444 798 5533 ligneam
824 5445 1009 5535 aliquoties
1036 5445 1105 5517 iam
1133 5444 1323 5534 devoravit,
1350 5453 1387 5516 et
1413 5444 1580 5535 compulsi
1607 5452 1688 5517 suut
1705 5466 1807 5534 paro·

257 5565 370 5635 chiani
398 5584 473 5634 eam
500 5563 689 5635 transferre
715 5566 752 5634 in
779 5564 901 5654 locum,
928 5585 950 5637 a
974 5565 1079 5636 fluvio
1105 5565 1351 5656 Dunayecz
1377 5566 1608 5649 remotiorem.

357 5685 602 5774 Inmowuczu,
616 5683 699 5755 villa
715 5686 779 5757 sub
794 5687 958 5776 parochia
974 5686 1142 5758 ecclesiae
1156 5685 1199 5757 de
1216 5684 1239 5755 J
1248 5686 1404 5759 urkow
1423 5687 1497 5775 sita,
1514 5687 1609 5757 cuius
1627 5686 1760 5758 haeres.
1775 5739 1806 5756 ..

259 5804 279 5877 J
288 5805 469 5878 ezowsk
478 5826 502 5895 y
528 5803 572 5877 de
599 5805 701 5876 domo
728 5803 1012 5894 Streparum.
1038 5806 1079 5876 In
1107 5827 1175 5896 qua
1193 5812 1273 5877 sunt
1291 5810 1440 5896 quatuor
1457 5807 1548 5877 lanei
1565 5806 1807 5896 emethouales,

258 5926 296 5996 de
325 5926 452 6016 quibus
488 5925 647 5996 omnibus
670 5926 832 5997 solvitur
868 5925 1000 5997 decima
1026 5927 1252 6015 manipularis
1278 5933 1315 5997 et
1342 5926 1517 6016 canapaIis
1544 5946 1609 6015 pro
1636 5924 1806 5997 decanatu

258 6044 487 6134 cracoviensi,
514 6050 551 6116 et
575 6045 674 6118 valor
700 6046 775 6117 eius
802 6047 1007 6119 aestimatur
1033 6046 1078 6117 ad
1097 6047 1249 6137 quinque
1270 6067 1414 6117 marcas.
1440 6045 1527 6116 Item
1546 6065 1616 6117 nou
1634 6050 1689 6117 est
1706 6066 1807 6136 prae-

223 6194 230 6201 ’
258 6166 347 6239 dium
375 6167 435 6256 ibi,
463 6187 574 6256 neque
600 6166 791 6256 tabernae,
804 6187 916 6256 neque
942 6150 1171 6239 hortulauiae.

356 6287 624 6377 Rosnnmczn,
651 6286 735 6358 villa
770 6288 834 6359 sub
869 6287 1035 6377 parochia
1062 6286 1104 6358 de
1130 6286 1154 6357 J
1164 6288 1321 6358 urkow
1348 6285 1434 6375 sita,
1462 6286 1559 6358 cuius
1586 6287 1711 6360 haeres
1737 6286 1814 6361 Je-.

256 6409 435 6498 zowsky
472 6407 515 6478 de
544 6406 644 6479 domo
672 6407 953 6497 Streparum.
992 6406 1032 6475 In
1061 6427 1129 6496 qua
1160 6410 1241 6476 sunt
1266 6411 1338 6477 tres
1364 6406 1457 6478 lanei
1484 6407 1735 6496 cmethouales,
1762 6407 1805 6478 de
1921 6476 1927 6482 .

257 6532 379 6625 quibus
406 6528 567 6602 omnibus
599 6528 747 6602 solvitur
773 6533 810 6600 et
836 6527 1040 6600 conducitur
1067 6526 1200 6599 decima
1225 6526 1451 6622 manipularis
1476 6532 1513 6603 et
1539 6528 1714 6622 campalis
1740 6549 1805 6625 pro
