4200 8342
936 1564 1150 1640 Sonoraxa

366 1700 463 1773 Villa
488 1700 621 1774 habeus
648 1702 829 1775 ecclesiam
856 1704 1088 1795 parochialem
1113 1708 1150 1777 in
1168 1726 1204 1779 se
1223 1692 1382 1797 ligneam,
1402 1708 1550 1785 Sanctae
1568 1709 1814 1801 Margarethae

260 1824 431 1915 dicaam,
458 1824 556 1897 cuius
582 1823 720 1896 collatio
746 1830 783 1897 et
809 1828 1006 1917 proprietas
1032 1826 1077 1898 ad
1104 1847 1221 1917 regem
1247 1830 1410 1919 pertinet.
1450 1830 1491 1901 In
1519 1852 1587 1921 qua
1615 1838 1696 1904 sunt
1723 1832 1814 1905 lanei

262 1946 517 2035 cmethonales,
544 1945 588 2018 de
624 1945 749 2036 quibus
784 1948 961 2037 omnibns,
989 1954 1130 2038 praeter
1165 1969 1267 2039 agros
1295 1930 1540 2042 additione-les,
1568 1954 1626 2041 qui
1654 1952 1815 2026 dicuntur

253 2062 499 2163 prrzymycrlcy‚
526 2066 674 2139 solvitur
699 2072 736 2139 et
763 2068 966 2142 conducitur
982 2069 1116 2142 decima
1134 2071 1359 2161 manipularis
1378 2078 1414 2144 et
1430 2073 1606 2164 canapalis
1625 2095 1688 2163 pro
1707 2076 1814 2147 ecole-

260 2188 315 2261 sia
337 2170 531 2279 parochiali
558 2190 593 2259 in
621 2189 748 2280 oppido
776 2189 948 2281 Soleoz,
974 2197 1011 2263 et
1037 2192 1134 2263 valor
1161 2192 1235 2265 eius
1263 2194 1468 2266 aestimatur
1495 2195 1539 2265 ad
1558 2195 1705 2285 triginta
1722 2216 1814 2267 mar-

261 2330 329 2400 cas,
357 2310 544 2401 aliquando
570 2310 615 2382 ad
642 2310 881 2402 quadraginta.
917 2312 1005 2403 Item
1032 2318 1088 2386 est
1113 2315 1162 2386 ibi
1190 2315 1357 2405 optimum
1383 2317 1565 2407 praedium
1593 2318 1743 2407 regium,
1772 2317 1814 2388 de

259 2430 359 2504 onius
394 2432 489 2523 agris
524 2439 561 2505 et
588 2432 683 2523 aliis,
720 2434 780 2524 qui
815 2432 1242 2531 dicuntur-przyrapdrly
1278 2437 1569 2527 cmethonalibus‚
1606 2438 1752 2512 solvitur
1779 2445 1815 2510 et

261 2554 471 2629 conducitur.
493 2553 627 2626 decima
652 2555 878 2646 manipularis
904 2552 1140 2646 pro'eoclesia
1168 2563 1203 2629 et
1229 2558 1376 2648 plebano
1395 2559 1431 2629 in
1449 2558 1698 2632 Sobothka
1725 2560 1813 2631 Item

261 2674 409 2755 ecclesia
447 2681 485 2747 et
520 2675 687 2767 plebanus
722 2676 853 2749 habent
887 2677 937 2750 ibi
968 2677 1135 2769 speciales
1162 2700 1266 2768 agros
1293 2683 1329 2750 et
1355 2684 1458 2770 prata
1483 2680 1631 2771 liberos,
1658 2702 1722 2771 pro
1751 2702 1814 2754 suo

260 2796 406 2889 praedio
433 2803 470 2869 et
496 2798 712 2871 necessitate.
739 2798 827 2870 ltenr
853 2798 1052 2889 notandum,
1081 2799 1172 2891 quod
1192 2800 1348 2891 praelata
1375 2801 1456 2872 villa
1483 2802 1722 2875 Sobothka
1748 2801 1815 2875 fuit

259 2918 434 3011 quondam
462 2918 505 2990 de
531 2921 745 3011 proprietate
782 2921 1095 3011 sanctimonialium
1122 2920 1164 2993 do
1193 2920 1318 2993 Sancto
1345 2920 1488 2994 Andron
1514 2923 1550 2993 in
1577 2921 1813 3013 Gracovia,

259 3044 297 3113 et
323 3041 522 3131 pertinebat
557 3042 602 3114 ad
628 3042 844 3149 advocatiam
870 3043 1185 3115 Zawichostensem
1212 3043 1313 3135 pleno
1342 3044 1436 3132 iure;
1464 3043 1525 3115 sed
1552 3044 1813 3117 Gasimirus

260 3162 500 3236 Secundus
526 3170 686 3255 coempta
711 3164 895 3237 advocatia
911 3164 1198 3256 Zawyohosteusi,
1219 3164 1310 3255 apud
1328 3164 1469 3237 Petrum
1497 3166 1571 3237 eius
1600 3165 1813 3257 advocatum,
1892 3204 1894 3209 ·

259 3284 367 3357 etiam
394 3285 510 3358 villam
537 3285 775 3359 Sobothka
801 3286 836 3357 in
863 3287 917 3359 ius
944 3307 1043 3360 sunm
1071 3287 1205 3379 regium
1233 3291 1269 3357 et
1295 3288 1544 3378 proprietatem
1571 3286 1689 3358 traxit.
1725 3287 1814 3358 Item

260 3406 396 3479 decima
429 3408 656 3499 manipularis
691 3414 772 3499 post
806 3428 926 3481 omnes
960 3409 1178 3499 cmethones‚
1205 3408 1420 3479 hortulanias
1447 3413 1482 3479 et
1508 3409 1673 3481 tabernas
1700 3408 1813 3480 dictae

257 3528 363 3601 villae
397 3528 657 3621 Sobothha,
683 3531 831 3604 solvitur
865 3530 1031 3604 ecclesiae
1067 3530 1256 3622 parochiali
1283 3535 1320 3601 et
1346 3530 1494 3620 plebano
1522 3532 1596 3602 eius
1623 3531 1658 3601 in
1686 3529 1811 3622 oppido

258 3648 433 3743 Saloca,
459 3657 497 3726 et
522 3653 621 3726 valor
646 3654 722 3725 eius
748 3652 955 3727 aestimatur
982 3652 1027 3725 ad
1053 3652 1200 3743 triginta
1227 3671 1370 3724 marcas.

869 3878 1208 3953 Pnzrnrsnawrczn.

364 4017 459 4091 Villa
493 4018 625 4091 habens
660 4020 696 4091 in
732 4040 769 4091 se
805 4019 985 4091 ecclesiam
1021 4018 1253 4111 parochialem
1289 4016 1417 4089 Sancto
1453 4015 1626 4089 Stanislao
1654 4016 1812 4109 dicatam,

257 4140 357 4213 cuius
382 4141 579 4231 proprietas
606 4140 651 4213 ad
678 4141 811 4213 nobiles
838 4196 845 4211 .
873 4196 881 4211 .
908 4196 916 4211 .
944 4197 951 4211 .
978 4142 1140 4233 pertinet.
1181 4138 1222 4211 ln
1249 4160 1317 4229 qua
1344 4143 1424 4210 sunt
1450 4139 1542 4210 lanei
1569 4124 1813 4229 cmethonales‚
1886 4188 1892 4199 ·

257 4260 302 4335 de
329 4262 454 4353 quibus
482 4262 629 4336 solvitur
655 4270 691 4336 et
718 4262 922 4337 conducitur
950 4263 1084 4335 decima
1110 4262 1335 4353 manipularis
1363 4267 1399 4333 et
1425 4261 1600 4351 canapalis
1619 4281 1683 4352 pro
1702 4260 1811 4333 eoele-

258 4384 312 4455 sia
338 4438 346 4453 .
374 4438 381 4453 .
409 4438 435 4475 .,
462 4390 499 4455 et
525 4384 622 4457 valor
649 4386 723 4457 eius
750 4386 794 4457 ad
822 4441 829 4456 .
858 4441 865 4454 .
894 4442 901 4455 .
928 4442 936 4455 .
964 4406 1097 4456 marcas
1125 4384 1339 4456 aestimatur.
1367 4383 1454 4453 Item
1482 4382 1627 4453 ecclesia
1654 4381 1813 4470 praefata

258 4510 297 4577 et
329 4504 498 4595 plebanus
533 4508 608 4579 eius
644 4507 750 4580 habet
784 4508 832 4578 ibi
869 4508 1029 4597 proprios
1065 4527 1168 4597 agros
1205 4511 1240 4576 et
1276 4512 1397 4594 prata,
1424 4525 1488 4594 pro
1516 4525 1578 4575 suo
1604 4502 1749 4593 praedio
1777 4509 1812 4572 et

258 4628 474 4703 necescitate.

941 4748 1130 4820 Brnzrnr.

361 4870 458 4943 Villa
483 4871 615 4944 habens
642 4872 678 4942 in
706 4890 744 4943 se
770 4870 949 4943 ecclesiam
977 4869 1219 4961 parochialem,
1247 4867 1374 4940 Sancto
1402 4865 1517 4938 Petro·
1535 4866 1695 4957 dicatam,
1714 4866 1811 4938 euius

257 4993 454 5085 proprietas
480 4994 633 5085 pertinet
658 4993 703 5066 ad
729 4992 923 5066 toutonem
951 4993 1049 5065 Felix
1067 4996 1104 5063 et
1122 4990 1339 5063 Bernardum
1357 4989 1617 5081 Bidzinshy
1645 4988 1688 5060 de
1706 4989 1811 5060 umis

257 5108 441 5207 Janyna
466 5122 503 5189 et
528 5116 739 5187 Dambno.
765 5114 883 5187 Habet
909 5114 957 5189 ibi
983 5114 1130 5187 ecelesia
1157 5118 1193 5184 et
1216 5113 1387 5205 ¹plebanus
1415 5112 1575 5203 proprios
1602 5110 1705 5203 agro's
1724 5110 1809 5183 libe-

257 5258 328 5329 ros,
353 5258 419 5331 pro
445 5258 509 5312 suo
536 5236 678 5330 praedio
705 5243 742 5309 et
767 5238 984 5309 necessitate.
1010 5236 1050 5307 ln
1078 5256 1146 5328 qua
1172 5241 1255 5307 sunt
1280 5234 1371 5306 lanei
1399 5233 1642 5329 cmethonalcs‚
1670 5232 1712 5303 de
1736 5232 1811 5322 qui·
1916 5228 1920 5240 “

257 5360 324 5433 bus
359 5358 506 5433 solvitur
541 5364 578 5431 et
612 5359 818 5432 conducitur
852 5360 986 5431 decima
1011 5356 1238 5449 manipularis
1264 5377 1328 5447 pro
1356 5356 1503 5446 plebano
1530 5356 1566 5425 in
1593 5353 1811 5444 Bydzini;

255 5482 341 5553 item
377 5480 446 5555 duo
472 5482 616 5574 praedia
641 5483 816 5575 militaria,
842 5481 886 5554 de
913 5482 1036 5572 quibus
1064 5480 1221 5553 omnibu's
1248 5479 1395 5551 solvitur
1422 5483 1457 5550 et
1485 5475 1693 5549 conducitur.
1715 5474 1808 5546 deci·

256 5624 316 5689 rna
340 5603 566 5695 manipularis
592 5611 629 5677 ot
655 5603 831 5696 cenapolis
857 5603 1024 5676 ecclesiae
1050 5602 1086 5677 in
1113 5601 1340 5693 Bydzyny‚
1368 5606 1405 5672 et
1431 5599 1529 5671 valor
1555 5598 1632 5671 eius
1649 5596 1810 5671 aestima·

257 5730 318 5799 tur
344 5723 389 5798 ad
415 5726 539 5818 uiginti
567 5747 710 5800 marcas.
1849 5716 1852 5722 ’

864 5951 1204 6025 Voczncnowrcza.

361 6092 469 6169 llilla¹
483 6093 615 6166 habena
642 6093 819 6166 ecclesiam
846 6090 1080 6183 parochialem
1107 6090 1141 6159 in
1169 6108 1223 6203 se,¹
1244 6088 1357 6179 lapide
1385 6088 1463 6159 albo
1483 6091 1663 6175 muratam,
1683 6083 1810 6156 Sancto

256 6214 452 6290 henaena
479 6214 639 6307 dicatam,
665 6214 763 6287 cuius
789 6213 988 6306 proprietas
1014 6217 1050 6283 et
1077 6210 1215 6282 collatio
1247 6209 1399 6301 pertinet
1426 6209 1470 6279 ad
1497 6208 1631 6279 nobiles
1661 6260 1809 6276 .....

362 6384 411 6426 ma.
425 6383 522 6425 naneae.
537 6384 569 6425 u.
1604 6357 1642 6403 ⁶³
