4200 8342
1660 1624 1735 1701 469

186 1830 381 1929 dequibus
416 1831 576 1909 omnibus
612 1831 760 1908 solvitur
790 1840 827 1908 et
854 1831 1058 1909 conducitur
1089 1831 1222 1907 decima
1248 1831 1473 1929 manipularis
1500 1840 1535 1909 et
1561 1836 1736 1929 canapalis

184 1978 249 2055 pro
275 1958 477 2049 episcopatu
502 1956 785 2049 Vladislaviensi,
812 1962 848 2030 et
870 1957 969 2031 valor
995 1958 1070 2029 eius
1092 1959 1298 2031 aestimatur
1324 1958 1369 2029 ad
1387 1954 1566 2030 duodecim
1592 1978 1736 2030 marcas.

184 2076 358 2153 P-lebanus
385 2078 428 2150 de
454 2078 785 2152 Baczkowicze
812 2079 918 2152 habet
945 2080 993 2151 ibi
1021 2080 1159 2152 nonnisi
1187 2079 1474 2153 columbationem
1502 2084 1539 2152 et
1557 2079 1736 2153 denarium

184 2200 304 2275 Sancti
330 2200 438 2275 Petri.
1424 2297 1430 2307 υ

289 2322 548 2415 Wschncuow,
585 2323 668 2395 uilla
695 2323 759 2395 sub
786 2323 953 2414 parochIa
987 2322 1030 2395 de
1059 2322 1388 2396 Baczkowicze
1415 2324 1503 2415 sita,
1530 2323 1628 2395 cuius
1654 2344 1736 2419 pro·

177 2445 317 2537 'prletas
343 2444 388 2517 ad
415 2445 612 2538 episcopum
639 2444 952 2519 Vladislaviensem
979 2445 1142 2537 pertinet.
1181 2445 1222 2516 In
1250 2467 1319 2536 qua
1345 2451 1427 2517 sunt
1453 2446 1577 2535 viginti
1605 2450 1736 2536 septem

184 2586 263 2641 cunr
297 2567 410 2640 medio
444 2565 537 2639 lanei
564 2567 816 2659 cmethonales,
851 2568 935 2639 item
962 2570 1112 2658 quatuor
1146 2566 1313 2640 tabernae
1341 2567 1510 2640 habentes
1537 2587 1658 2658 agros,
1694 2567 1737 2638 de

186 2688 311 2781 quibus
338 2688 497 2761 omnibns
525 2689 672 2762 solvitur
707 2695 743 2762 et
769 2689 973 2763 conducitur
999 2688 1133 2762 decima
1158 2689 1384 2781 manipularis
1411 2694 1447 2761 et
1473 2689 1648 2781 canapalis
1674 2709 1738 2781 pro

185 2810 387 2903 episcopatu
413 2810 701 2902 Vladislaviensi,
728 2817 765 2884 et
783 2810 883 2885 valor
908 2812 983 2883 eius
1001 2811 1205 2883 aestimatur
1231 2810 1276 2883 ad
1295 2811 1442 2883 sedecim
1471 2831 1614 2884 marcas
1649 2810 1738 2881 Item

175 2938 242 3005 eat
268 2932 317 3005 ibi
344 2932 503 3005 scoltetia
528 2934 660 3006 habens
688 2939 761 3006 tres
788 2934 909 3007 laneos
935 2934 1085 3027 liberos,
1111 2934 1154 3006 de
1182 2934 1307 3025 quibus
1335 2934 1483 3006 solvitur
1509 2933 1641 3005 decima
1667 2931 1739 3024 ple-

184 3054 277 3129 bano
303 3055 339 3127 in
367 3054 708 3149 Baczkowicze,
735 3061 771 3128 ct
797 3056 896 3130 valor
923 3056 997 3128 eius
1025 3056 1229 3129 aestimatur
1255 3055 1413 3150 adduas
1440 3076 1584 3128 marcas.

669 3222 673 3229 ·
876 3178 1047 3251 Maurus.
1456 3262 1458 3275 Ι

290 3297 386 3372 Villa
417 3299 549 3372 habens
584 3301 620 3371 in
647 3320 684 3372 se
712 3300 891 3373 ecclesiam
926 3306 1099 3373 muratam
1125 3300 1241 3392 lapide
1267 3300 1366 3391 albo,
1393 3299 1519 3372 Sancto
1546 3297 1739 3372 Adalberto

185 3421 334 3513 martyri
360 3421 528 3513 dicatam,
560 3442 647 3513 quae
674 3422 741 3494 etsi
768 3421 874 3494 iucrit
900 3422 1029 3495 dudum
1056 3442 1155 3495 muro
1181 3420 1352 3494 fabricata
1378 3421 1533 3513 lapideo,
1559 3420 1738 3493 Iohannes

185 3547 301 3617 minen
330 3542 665 3635 Wronkowsky
700 3550 822 3617 cantor
857 3542 1148 3636 Oppathoviensis
1175 3544 1330 3617 existens
1357 3544 1431 3615 eius
1458 3548 1593 3634 rector,
1629 3543 1739 3634 ipsam

185 3665 296 3743 nuris
322 3665 518 3757 ampliavit,
545 3669 583 3738 et
600 3666 833 3738 testudinibus
867 3667 1054 3740 decoravit
1094 3665 1201 3739 (luins
1220 3667 1416 3759 proprietas
1443 3665 1488 3738 acl
1506 3665 1685 3738 ecclesiam
1705 3665 1740 3735 in

186 3785 333 3861 binnina
359 3788 513 3880 pertinet
538 3788 667 3860 eteius
689 3788 892 3881 plebanum,
919 3789 1109 3861 dominium
1127 3809 1211 3862 vero
1234 3794 1270 3860 et
1287 3789 1341 3860 ius
1359 3792 1567 3880 patronatus
1586 3786 1739 3859 eiusdem

187 3908 371 4002 ecclesiae,
399 3910 553 4002 pertiuet
577 3910 622 3982 ad
641 3911 839 4002 episcopum
867 3909 1143 4002 Lubuczeusem‚
1171 3914 1207 3982 et
1224 3911 1406 4003 episcopus
1433 3909 1668 3982 Lubuczensis
1686 3912 1740 3979 est

187 4030 311 4105 unicus
346 4031 502 4105 eiusdem
538 4031 703 4105 ecclesiae
739 4037 922 4125 patronae,
957 4038 996 4104 et
1020 4032 1126 4104 habet
1162 4031 1210 4105 ibi
1237 4032 1387 4123 aliquam
1415 4037 1561 4122 sortem,
1598 4051 1639 4102 ex
1672 4050 1741 4119 qua

186 4152 297 4227 babct
330 4153 518 4227 dominium
554 4174 751 4245 supremum
787 4154 940 4226 eiusdem
976 4153 1089 4226 villae.
1133 4153 1173 4225 In
1201 4158 1351 4245 quaest
1385 4173 1474 4225 unus
1501 4150 1740 4224 tantummodo

186 4272 308 4347 lanam
334 4275 560 4349 cmethonalis
587 4276 632 4347 ad
658 4276 907 4367 proprietatem
935 4276 1075 4367 plebani
1102 4274 1137 4347 in
1164 4274 1351 4347 Manina
1376 4274 1573 4366 pertinens,
1609 4277 1644 4345 et
1672 4271 1740 4343 sol-

185 4394 241 4485 uit
265 4416 331 4489 pro
349 4416 454 4469 censu
480 4418 595 4471 annuo
622 4397 769 4489 plebano
797 4403 875 4471 octo
902 4403 1027 4469 scotos.
1072 4397 1159 4469 Item
1186 4401 1240 4469 est
1258 4397 1306 4468 ibi
1325 4395 1414 4468 alius
1441 4395 1561 4469 laneus
1588 4394 1741 4467 emetha-

178 4516 294 4609 'nnlis,
328 4517 374 4591 ad
409 4519 646 4612 episcopatum
678 4520 916 4593 Lubucensem
951 4519 1150 4611 pertinens,
1186 4523 1222 4591 et
1258 4519 1363 4591 solvit
1397 4539 1461 4610 pro
1489 4539 1602 4590 annuo
1634 4537 1739 4589 ceusu

188 4639 352 4733 episcopo
559 4641 646 4714 Item
674 4640 783 4733 labor,
811 4642 894 4715 item
912 4640 1073 4739 porculam
1100 4643 1183 4714 item
1210 4663 1319 4737 osrep,
1346 4642 1429 4713 item
1457 4640 1625 4714 tabernae
1652 4638 1740 4711 duae

188 4760 359 4837 babentes
385 4783 507 4855 agrae,
533 4768 569 4835 et
587 4764 762 4854 quaelibet
788 4763 894 4837 soluit
918 4785 984 4855 pro
1002 4785 1117 4837 annuo
1144 4785 1249 4855 censu
1276 4785 1379 4835 uuam
1406 4783 1557 4834 marcam
1584 4760 1740 4853 plebano.
1844 4766 1847 4773 '

188 4882 277 4957 Item
303 4884 521 4958 hortulaniae
548 4886 660 4977 duae,
697 4906 786 4977 quae
812 4885 899 4957 nibil
926 4886 1066 4959 solvunt
1101 4886 1163 4958 sed
1189 4885 1360 4958 laborant
1399 4885 1489 4957 Item
1517 4904 1635 4956 omues
1663 4883 1740 4973 agri

188 4984 293 5079 uillae
319 5005 510 5098 praefatae,
537 5013 607 5080 tam
635 5006 851 5099 plebanales‚
880 5027 982 5097 quam
1009 5007 1230 5098 epIscopales,
1257 5009 1341 5078 item
1368 5026 1486 5077 omnes
1513 5004 1679 5077 tabernae
1706 5007 1742 5075 et

188 5126 427 5221 huntedoniae,
463 5129 603 5203 solvunt
629 5135 665 5200 et
692 5129 890 5201 cuuducunt
915 5129 1082 5201 decimam
1110 5129 1359 5220 manipularem
1387 5132 1424 5200 et
1450 5126 1649 5219 canapalem
1677 5147 1740 5217 pro

189 5246 337 5341 plebano
363 5251 399 5323 ln
417 5248 618 5342 Maniae,
645 5251 680 5323 in
698 5250 774 5325 eins
791 5251 964 5342 horreum,
992 5256 1027 5322 ct
1044 5250 1143 5323 valor
1160 5251 1235 5324 eius
1253 5251 1457 5323 aestimatur
1483 5249 1527 5321 ad
1546 5248 1742 5340 quindecim

189 5390 335 5443 marcas.
378 5371 468 5444 Item
494 5372 530 5445 iu
549 5372 670 5445 eadem
696 5370 780 5445 villa
805 5371 913 5444 habet
938 5371 1106 5463 plebanus
1133 5393 1237 5463 agros
1263 5376 1299 5443 et
1317 5377 1420 5463 prata
1446 5393 1510 5463 pro
1537 5391 1575 5443 sc
1602 5371 1741 5462 optima

189 5490 377 5585 dequibus
404 5493 498 5587 solus¹
525 5494 619 5567 tollit
645 5495 821 5568 decimam.
861 5494 949 5567 Item
976 5515 1044 5566 non
1072 5501 1127 5567 est
1153 5495 1202 5568 ibi
1230 5494 1371 5587 aliquod
1402 5484 1582 5586 praedium
1609 5494 1743 5583 episco-

188 5614 279 5709 pale,
305 5637 418 5709 neque
442 5617 585 5710 piscina,
611 5638 723 5711 neque
749 5617 992 5692 molendinum.

293 5736 606 5832 Suarczowrczn,
631 5740 716 5812 villa
743 5718 807 5813 sub
834 5740 1000 5832 parochia
1026 5740 1069 5812 de
1096 5737 1285 5812 Manina
1311 5740 1389 5830 sita,
1416 5738 1513 5810 cuius
1540 5737 1741 5829 proprietas

189 5854 236 5933 nd
260 5860 495 5955 episcopatum
524 5860 782 5935 Lubuczensem
808 5863 970 5953 pertInet.
1018 5860 1059 5933 In
1088 5882 1156 5952 qua
1182 5865 1265 5932 sunt
1291 5882 1352 5931 sex
1379 5859 1471 5931 lanei
1498 5858 1742 5950 cmetlnonales,

190 5978 388 6073 dequibus
415 5982 563 6057 solvitur
589 5989 625 6055 et
651 5984 855 6056 conducitur
883 5984 1017 6055 decima
1042 5982 1268 6074 manipularis
1295 5986 1331 6053 et
1357 5981 1532 6073 canapalis
1560 6001 1622 6072 pro
1649 5981 1742 6055 vica-

189 6102 246 6181 ria
269 6104 489 6197 praebendae
514 6104 756 6203 Kyelczeusis,
792 6126 880 6196 quae
903 6111 1052 6191 ,vocatur
1079 6102 1361 6195 Schewyenszka,
1388 6103 1485 6175 cuius
1512 6103 1611 6177 valor
1637 6104 1741 6176 aesti-

190 6232 308 6309 matur
334 6227 378 6299 ad
405 6248 466 6299 sex
493 6248 641 6319 marcas,
669 6227 854 6319 aliqnando
868 6226 926 6298 'ad
944 6227 1071 6299 decem.
1110 6226 1198 6298 Item
1226 6229 1307 6297 sunt
1333 6226 1381 6297 ibi
1409 6247 1495 6299 arua
1521 6227 1594 6298 aive
1621 6225 1741 6317 campi,

189 6346 385 6442 dequibus
420 6351 569 6422 solvitur
604 6349 737 6421 decima
772 6349 998 6440 manipularis
1032 6348 1180 6440 plebano
1216 6354 1252 6419 et
1279 6349 1443 6420 ecclesiae
1483 6350 1518 6419 in
1545 6347 1740 6419 Manina.

189 6468 279 6551 laem
295 6474 375 6545 'non
401 6476 457 6545 cat
482 6472 531 6545 ibi
550 6471 728 6565 praedium
754 6471 968 6563 episcopale,
995 6489 1107 6562 neque
1133 6470 1284 6563 piscina,
1310 6491 1421 6563 neque
1447 6468 1689 6543 molendinum.

191 6592 204 6641 ’·
295 6592 597 6673 &munnam
622 6591 788 6685 Woura,
822 6590 907 6665 villa
940 6592 1005 6667 aul)
1031 6591 1197 6685 parocbia
1231 6591 1275 6665 de
1301 6589 1488 6665 Manina
1522 6591 1607 6683 aita,
1642 6592 1740 6666 cuius
