4200 8342
341 1633 411 1707 142
522 1576 524 1580 ὗ

336 1846 391 1911 est
416 1842 514 1912 iuxta
539 1841 680 1912 fluvium
715 1842 978 1936 Dnnayecz,
1017 1843 1127 1917 traxit
1160 1848 1276 1916 autem
1302 1862 1426 1915 nomen
1462 1841 1647 1917 Grodek
1683 1848 1881 1938 acastello,

337 1962 428 2050 qnod
456 1962 504 2032 ibi
530 1960 596 2032 init
623 1963 803 2052 qnondam.

438 2080 631 2172 Garunna,
658 2083 741 2154 villa
758 2085 822 2155 snb
840 2087 1006 2174 parochia
1033 2086 1075 2159 de
1102 2086 1307 2178 Podolye
1335 2089 1413 2178 sita,
1440 2088 1537 2159 cuins
1555 2088 1679 2160 haeres
1706 2088 1882 2179 praelatus

335 2201 527 2274 Stanislaus
555 2202 896 2297 Thanczynsky.
923 2206 963 2277 In
992 2227 1060 2296 qna
1086 2207 1177 2278 lanei
1193 2209 1443 2310 ,vomethonales
1470 2209 1513 2280 de
1540 2209 1665 2299 quibus
1693 2209 1883 2281 decimatur

336 2324 501 2395 ecolesIae
527 2325 563 2395 In
590 2324 811 2418 Podolye,
839 2327 935 2399 cuins
962 2328 1060 2399 valor
1087 2330 1132 2400 ad
1148 2335 1387 2402 trasmarcas
1413 2330 1628 2402 aestimatur.

441 2497 690 2516 ..........
717 2447 800 2518 villa
827 2449 890 2519 sub
917 2449 1084 2537 parochia
1110 2448 1153 2521 de
1179 2443 1383 2540 Podolye
1410 2451 1488 2540 sita
1516 2450 1613 2521 cuius
1641 2451 1767 2520 haeres
1793 2450 1882 2521 idem

337 2564 678 2657 Thanczynsky.
705 2567 744 2638 In
772 2588 840 2659 qna
867 2575 948 2640 sunt
973 2569 1066 2640 lanei
1093 2570 1337 2661 emethonales,
1365 2569 1407 2643 de
1434 2571 1559 2664 quibus
1572 2570 1727 2643 'solvitur
1750 2571 1881 2641 decima

334 2686 558 2775 manipularis
594 2688 755 2779 episcopo
783 2688 1022 2780 Gracoviensi,
1059 2692 1156 2762 cuius
1183 2691 1282 2762 valor
1316 2690 1361 2762 ad
1399 2702 1461 2764 sen
1496 2712 1631 2764 marcas
1667 2692 1881 2764 aestimatur.

336 2805 424 2876 Item
450 2812 506 2878 est
533 2807 581 2878 ibi
616 2809 777 2881 scoltetia
808 2811 942 2883 babens
977 2811 1065 2884 duos
1091 2788 1229 2902 laneos,
1265 2812 1462 2903 dequibus
1496 2813 1646 2885 decimat
1671 2812 1822 2903 plebano
1848 2813 1881 2883 in

336 2925 559 3026 Podolye,
587 2931 684 3004 culus
711 2930 809 3006 valor
834 2935 1037 3008 aestimatur
1065 2934 1110 3006 ad
1138 2934 1223 3006 duas
1250 2955 1394 3006 marcas.

858 3069 860 3072 ‘
969 3049 1259 3129 Pnznnanrczas

386 3216 390 3222 ι
439 3156 534 3248 Villa
559 3178 691 3249 babens
717 3179 754 3249 in
781 3199 818 3250 se
845 3178 1025 3251 ecclesiam
1054 3177 1201 3250 Sanctae
1218 3177 1428 3250 (latberinae
1445 3177 1574 3268 virgini
1602 3177 1763 3269 dicatam,
1784 3180 1881 3251 cuius

336 3299 460 3368 haeres
488 3299 679 3371 StanIslaus
707 3300 1045 3392 Thanczynsky
1080 3300 1123 3371 de
1149 3299 1607 3390 domo'Bippenninna·
1637 3299 1678 3371 In
1706 3320 1777 3390 qna
1804 3306 1880 3372 sunt

336 3419 428 3488 lanei
455 3420 704 3510 emetbonales,
741 3421 934 3511 dequibus
962 3421 1109 3492 soluitur
1135 3410 1181 3492 et
1198 3420 1400 3491 conducitur
1436 3420 1569 3491 decima
1604 3421 1794 3510 pecunialis
1821 3441 1881 3511 pro

336 3540 538 3630 episcopatu
565 3539 794 3632 Oraeoviensi
821 3541 864 3613 de
891 3542 1046 3633 quolibet
1071 3541 1171 3614 laneo
1198 3562 1385 3632 perunum
1411 3539 1579 3613 fertonem
1606 3540 1759 3612 latorum
1785 3563 1882 3632 gros-

339 3681 464 3731 sorum.
492 3661 580 3732 Item
607 3662 787 3752 praedium
814 3667 869 3748 est
894 3665 944 3735 ibi
971 3684 1090 3752 unum,
1118 3663 1161 3734 dc
1188 3683 1255 3754 quo
1284 3662 1475 3735 decimatur
1502 3662 1666 3734 eeclesiae
1694 3662 1745 3733 in-
1758 3661 1884 3733 Prze·

338 3780 549 3874 danicae,
585 3788 621 3855 et
646 3783 744 3856 valor
770 3785 844 3858 eius
872 3787 1078 3857 aestimatur
1101 3784 1151 3854 ad'
1172 3791 1246 3856 tres
1272 3804 1415 3855 marcas.
1458 3783 1548 3855 Item
1576 3784 1723 3875 quilibet
1749 3784 1884 3855 emetho

337 3900 379 3972 de
406 3902 506 3974 laneo
534 3909 673 3977 tenetur
699 3907 862 3977 ecclesiae
890 3911 925 3978 et
951 3906 1099 3998 plebano
1117 3904 1261 3976 ¹solvere
1287 3923 1352 3996 pro
1378 3901 1532 3976 oasam
1557 3924 1661 3976 unam
1687 3924 1885 3976 mensuram

339 4023 528 4099 confertam
554 4026 703 4120 siliginis
730 4033 766 4101 et
792 4028 895 4100 aliam
917 4048 1058 4101 avenae.

896 4154 902 4161 '
1009 4149 1230 4223 Wsazsczn.

440 4271 534 4344 Villa
560 4273 693 4345 habens
719 4275 756 4344 in
784 4293 820 4345 se
848 4273 1027 4345 ecclesiam
1054 4271 1212 4362 ligneam,
1240 4269 1366 4342 Sancto
1384 4268 1573 4341 Laurentio
1601 4268 1760 4359 dicatam,
1788 4269 1884 4340 cuius

338 4396 533 4485 proprietas
561 4396 605 4466 ad
632 4396 878 4466 monasterinm
906 4392 1140 4484 prncziense
1166 4392 1328 4483 pertinet.
1354 4392 1395 4462 In
1422 4410 1491 4482 qua
1517 4394 1598 4462 sunt
1623 4389 1771 4480 triginta
1796 4389 1887 4461 lanei

338 4516 589 4604 amethonales‚
624 4515 708 4586 item
736 4514 895 4586 scoltetia
912 4514 1052 4584 'babens
1079 4513 1166 4584 duos
1192 4513 1329 4602 laneos,
1365 4511 1449 4582 item
1476 4531 1550 4607 nna¹
1571 4508 1719 4582 taberna
1753 4509 1885 4582 babens

339 4658 451 4727 agros,
479 4638 521 4707 de
550 4637 673 4728 quibus
702 4636 859 4714 omnibus
887 4636 1032 4707 solvitur
1068 4634 1201 4707 decima
1227 4633 1415 4724 pecunialis
1446 4653 1510 4724 per
1537 4616 1601 4702 seu'
1624 4651 1767 4721 grossos
1795 4652 1885 4703 com-

339 4760 470 4846 munis,
498 4759 540 4829 de
569 4758 724 4848 quolibet
758 4759 858 4829 laneo
886 4778 950 4848 pro
976 4756 1187 4828 monasterio
1216 4754 1452 4847 Thyncziensi.
1496 4754 1584 4825 Item
1609 4753 1756 4824 ecclesia
1782 4752 1887 4824 babet

339 4881 388 4952 ibi
416 4881 575 4970 proprios
611 4901 714 4971 agros
742 4884 776 4951 et
802 4885 905 4970 prata
939 4876 1086 4968 llberos,
1123 4898 1187 4969 pro
1224 4897 1285 4949 sno
1314 4875 1477 4967 praedio,
1500 4894 1578 4981 ‘usu
1610 4877 1645 4945 et
1670 4873 1888 4945 necessitate.

338 5002 427 5074 Item
455 5022 572 5074 omnes
608 5003 700 5073 lanei
726 5006 762 5100 et
788 5003 864 5093 agri
895 5000 997 5072 villae
1034 5000 1173 5071 solvunt
1208 4995 1361 5071 masclae
1394 5017 1459 5089 pro
1486 4994 1654 5084 ecclesia,
1671 4998 1717 5066 'et
1743 4995 1889 5085 quilibet

339 5127 458 5196 laneus
485 5125 589 5196 solvit
625 5146 728 5196 unam
766 5144 961 5195 mensnram
989 5122 1136 5212 siliginis
1172 5127 1208 5191 et
1234 5141 1338 5191 unam
1364 5138 1503 5190 avenae.
1546 5117 1635 5188 Item
1662 5136 1732 5188 uon
1759 5122 1816 5189 est
1841 5115 1889 5187 ibi

339 5247 519 5339 praedium
546 5246 754 5336 coenobiale,
781 5266 893 5335 neque
920 5244 1161 5315 molendinum.

443 5368 654 5463 Bnnownn,
691 5367 775 5438 villa
802 5367 866 5437 snb
893 5364 1058 5455 parocbia
1084 5363 1127 5435 de
1155 5362 1420 5439 Warszicze
1446 5360 1533 5452 sita,
1567 5360 1666 5469 cuins
1692 5360 1889 5451 proprietas

340 5490 383 5561 ad
412 5489 658 5560 monasterinm
686 5487 920 5578 Thpncziense
956 5486 1117 5576 pertinet.
1162 5484 1202 5554 In
1230 5505 1298 5574 qua
1325 5488 1406 5554 sunt
1440 5481 1533 5555 lanei
1554 5460 1820 5571 -dmethonales,
1847 5480 1889 5552 de

341 5612 465 5702 quibus
492 5610 638 5682 solvitur
665 5615 700 5680 et
720 5608 930 5680 conducitur
957 5607 1116 5711 decima.
1135 5661 1143 5676 .
1163 5596 1196 5676 ζ.
1222 5606 1310 5676 Item
1336 5598 1633 5705 tabernae„fiem
1657 5602 1888 5692 nummariae,

342 5733 426 5804 item
454 5730 643 5823 praedium,
671 5731 752 5801 item
780 5726 940 5800 necant-nc.
959 5783 966 5797 .
982 5783 989 5798 .
1008 5783 1042 5799 ..
1171 5736 1180 5765 ³
1656 5732 1658 5739 ’

626 6270 869 6331 DEGANATUS
891 6266 1064 6329 MAGNAE
1089 6266 1313 6325 KAZIMIRZA
1335 6238 1415 6325 'VEL
1439 6261 1611 6324 vlTflow.

926 6460 1072 6532 Manna
1098 6457 1321 6530 anrnnazn.

447 6586 542 6673 Villa
558 6587 692 6659 babens
711 6585 747 6655 in
764 6603 802 6656 se
817 6582 1050 6684 parochialem
1070 6581 1250 6657 ecelesiam
1277 6580 1425 6668 ligneam
1449 6571 1717 6653 saucacorum
1735 6574 1894 6679 dicaam,
