4200 8342
259 1621 333 1696 254

258 1828 507 1917 molendinum,
534 1829 616 1899 item
643 1848 748 1901 unum
775 1827 990 1899 emethoneur
1016 1826 1200 1899 habentem
1227 1846 1348 1918 agros,
1375 1828 1433 1919 qui
1465 1822 1572 1898 solvit
1604 1845 1668 1916 pro
1703 1847 1793 1900 mnan

257 1972 358 2024 unam
385 1968 542 2020 usercam.
806 2018 809 2023 ,
1540 1960 1546 1967 ”

358 2070 605 2156 Dauscuuow,
642 2069 725 2139 villa
751 2071 815 2141 sub
843 2070 1007 2159 parochia
1034 2068 1200 2140 ecclesiae
1228 2068 1271 2140 de
1298 2068 1570 2159 Woyalcowa
1597 2069 1684 2157 sita,
1710 2072 1793 2141 cuius

255 2190 422 2263 haeredes
448 2188 621 2281 Prussy
648 2189 781 2261 nobiles
808 2189 851 2261 de
878 2190 983 2261 armis
1009 2190 1247 2278 nigrorum
1274 2186 1523 2262 Gerrorum
1550 2196 1588 2263 et
1614 2189 1794 2281 Ogniuo.

254 2312 293 2383 In
322 2328 391 2401 qun
416 2316 498 2382 surrt
523 2310 614 2382 lanei
642 2311 893 2399 cmetlronaleS,
919 2312 1003 2381 item
1029 2311 1178 2381 taberna
1203 2316 1258 2381 est
1282 2330 1371 2400 una,
1398 2310 1480 2381 item
1507 2310 1736 2399 hortulaniae,
1759 2311 1796 2382 de

256 2431 381 2522 quibus
408 2430 566 2502 omnibus
584 2431 731 2502 solvitur
749 2435 784 2501 et
801 2431 1007 2503 conducitur
1032 2429 1166 2501 decima
1189 2430 1417 2521 manipularis
1434 2436 1471 2501 et
1487 2431 1674 2521 canapalis,
1701 2431 1799 2502 ecole-

260 2553 332 2624 siae
359 2558 394 2624 et
420 2552 494 2623 eius
522 2552 669 2643 plebano
694 2551 731 2622 in
757 2550 1050 2644 Woyahowa,
1079 2550 1176 2623 ouius
1203 2550 1302 2623 valor
1327 2550 1531 2623 aestimatur
1556 2550 1602 2622 ad
1621 2556 1700 2623 octo
1717 2572 1800 2623 mar·

257 2694 332 2764 cas,
360 2671 544 2763 aliquando
570 2673 616 2744 ad
642 2672 770 2744 decem.

360 2792 590 2882 Pompam,
628 2792 713 2865 villa
739 2793 803 2865 sub
831 2793 996 2883 parochia
1021 2790 1065 2865 de
1091 2791 1362 2884 Woyakowa
1388 2792 1475 2883 sita,
1507 2790 1604 2864 cuius
1640 2791 1803 2864 haeredes
1825 2808 1828 2813 ·

256 2912 403 3004 praefati
430 2890 607 3006 Prussy⁷¹
630 2913 763 2985 nobiles
790 2914 833 2985 de
859 2911 962 2985 domo
987 2912 1228 3004 Nigrorum
1255 2910 1508 2986 Gervorum
1535 2919 1571 2985 et
1596 2912 1801 3004 Ognywo.

255 3035 295 3105 ln
324 3056 393 3125 qua
419 3040 500 3107 sunt
534 3034 625 3107 lanei
656 3034 907 3123 cmethonales,
943 3035 1026 3105 item
1060 3034 1246 3124 tabernae,
1275 3035 1361 3106 item
1396 3033 1584 3125 hortulani,
1611 3033 1657 3105 de
1684 3033 1804 3124 quibus

255 3157 413 3228 omnibus
439 3156 586 3228 solvitur
612 3160 648 3226 et
674 3154 878 3227 conducitur
904 3154 1037 3226 decima
1063 3155 1287 3246 manipularis
1314 3161 1351 3227 et
1376 3155 1550 3246 canapalis
1577 3154 1748 3227 ecclesiae
1772 3160 1805 3226 ct

256 3278 329 3349 eius
355 3277 503 3367 pleban'o
531 3278 565 3349 in
591 3274 890 3377 Woyalcowa,
907 3283 944 3347 et
970 3275 1070 3348 valor
1097 3274 1242 3347 eiusad
1269 3295 1329 3347 sex
1356 3294 1490 3346 marcas
1517 3275 1731 3347 aestimatur.

357 3398 511 3487 Lunna,
546 3396 630 3471 villa
664 3396 728 3468 sub
755 3395 920 3488 parochia
945 3396 989 3468 dc
1015 3396 1186 3469 Sancto
1213 3394 1476 3488 Szwyrado‚
1505 3396 1603 3467 cuius
1638 3396 1805 3467 haeredes

255 3518 427 3608 Prussy
462 3518 531 3607 ipsi
564 3516 698 3589 nobiles
733 3516 777 3589 de
803 3517 910 3589 armis
932 3517 1185 3607 'nigrorum
1221 3516 1470 3589 Gervorum
1498 3522 1535 3588 et
1560 3514 1727 3607 Ignile.
1766 3514 1804 3587 ln

257 3660 324 3730 qua
350 3642 432 3710 sunit
457 3637 547 3710 lanei
574 3637 824 3727 auctionales,
861 3638 943 3708 item
971 3636 1165 3727 hortulani,
1200 3638 1284 3708 item
1310 3637 1458 3709 taberna
1494 3656 1564 3711 una
1598 3656 1678 3708 curn
1704 3636 1806 3727 agris,

256 3758 446 3849 dequibus
473 3756 630 3829 omnibus
666 3756 813 3828 solvitur
846 3763 883 3828 et
909 3756 1113 3829 conducitur
1148 3756 1282 3831 decima
1307 3756 1533 3847 manipularis
1568 3761 1605 3828 et
1632 3754 1807 3846 canapalis

256 3878 419 3950 ecclesiae
446 3883 483 3951 et
504 3878 578 3950 eius
604 3878 750 3970 plebano
777 3877 933 3969 praefato
959 3877 1122 3950 Sancti
1149 3876 1406 3970 Szwyradi,
1441 3877 1538 3949 valor
1564 3878 1640 3948 eius
1668 3876 1714 3948 ad
1732 3884 1816 3949 octo

257 4020 399 4072 marcas.
1070 4028 1072 4033 ·
1178 3990 1182 3997 ’
1580 4052 1582 4057 -

360 4120 527 4212 Kanum,
546 4119 630 4192 villa
647 4120 712 4192 sub
730 4118 897 4211 parochia
913 4118 957 4190 de
975 4117 1219 4211 Woykowa
1237 4118 1319 4209 sita,
1346 4118 1443 4190 cuius
1461 4116 1629 4190 haeredes
1648 4118 1819 4190 multi-de

256 4243 361 4313 armis
395 4243 633 4333 nigrorum
660 4239 930 4329 Carnorum,
956 4239 1131 4330 Prussy
1157 4245 1193 4311 et
1220 4238 1426 4330 Ognywa
1465 4238 1505 4310 ln
1531 4259 1602 4329 qua
1628 4258 1699 4310 non
1727 4244 1808 4311 sunt

257 4363 465 4452 anathemes,
492 4362 607 4435 sedin
626 4368 701 4434 toto
727 4361 869 4450 milites,
895 4360 939 4432 de
957 4380 1103 4451 quorum
1130 4361 1224 4450 agris
1251 4360 1398 4433 solvitur
1423 4360 1555 4431 decima
1579 4360 1809 4451 manipularis

257 4505 320 4573 pro
339 4482 483 4554 ecclesia
508 4488 545 4554 et
562 4482 708 4573 plebano
736 4482 772 4551 in
789 4476 1080 4573 Woyakowa,
1107 4487 1143 4553 et
1161 4481 1260 4554 valor
1285 4482 1360 4553 eius
1387 4481 1590 4553 aestimatur
1615 4481 1663 4553 ad
1691 4480 1815 4552 decem

257 4625 408 4693 martas,
436 4603 479 4675 de
497 4625 566 4696 qua
583 4610 722 4675 tenetur
740 4602 904 4674 ecclesiae
931 4603 974 4675 de
992 4603 1166 4676 Sancto
1193 4602 1449 4694 Sz'wyrado·
1463 4602 1600 4675 solvere
1626 4606 1701 4673 tres
1719 4622 1817 4674 mar-

257 4746 335 4815 cas;
361 4730 438 4798 erat
464 4726 554 4798 euim
580 4720 760 4816 praedicta
786 4722 869 4794 villa
894 4723 937 4795 de
964 4725 1130 4816 parochia
1156 4723 1317 4796 Sancti
1343 4722 1572 4817 Swyradi,
1599 4725 1637 4795 et
1655 4722 1813 4796 habebat

258 4849 312 4921 ius
338 4849 374 4919 in
401 4847 496 4918 dicta
522 4846 663 4918 decima
1650 4866 1652 4871 ·

360 4969 651 5058 Doenncznscn',
678 4966 760 5038 villa
787 4967 851 5038 sub
878 4966 1043 5056 parochia
1077 4964 1122 5037 de
1146 4964 1421 5057 Woyahowa
1446 4964 1533 5054 sita,
1559 4964 1659 5036 cuins
1685 4964 1809 5036 haere-

257 5090 318 5160 des
345 5089 461 5180 plures
488 5089 531 5161 de
549 5089 655 5161 armis
681 5089 921 5178 nigrorum
945 5085 1210 5175 cervorum,
1237 5086 1417 5177 Prussy
1444 5091 1480 5157 et
1505 5084 1704 5175 Ogniwa.
1751 5084 1791 5157 ln

261 5230 329 5299 qua
346 5214 427 5280 sunt
443 5209 535 5280 lanei
554 5208 804 5297 emethonales,
830 5207 873 5279 de
892 5206 1016 5298 quibus
1043 5206 1203 5278 omnibus
1226 5206 1373 5279 solvitur
1399 5211 1435 5277 et
1454 5205 1661 5278 conducitur
1678 5184 1815 5279 decima

258 5328 483 5418 manipularis
509 5335 545 5400 et
571 5329 747 5419 canapalis
773 5327 937 5401 ecelesiae
973 5329 1008 5399 in
1035 5327 1328 5420 Woyakowa,
1354 5326 1451 5400 cuius
1479 5325 1577 5399 valor
1604 5326 1814 5400 aestimatur

259 5450 302 5521 ad
331 5469 390 5521 sex
418 5467 562 5521 marcas,

363 5569 566 5659 PosomrA,
602 5567 685 5641 villa
718 5569 782 5640 sub
818 5569 984 5658 parochia
1018 5568 1063 5640 de
1089 5566 1365 5660 Woyakowa
1391 5567 1477 5658 sita,
1512 5566 1610 5639 cuius
1641 5565 1815 5640 haeredes

258 5693 384 5764 milites
422 5690 465 5762 de
500 5689 649 5781 nigris
681 5687 846 5760 Geraia
881 5694 917 5761 et
944 5688 1171 5781 Antiquis
1206 5688 1361 5781 Equis.
1409 5686 1452 5757 In
1478 5706 1547 5777 qua
1581 5692 1665 5759 sunt
1690 5686 1811 5781 plures

258 5815 385 5887 milites
411 5818 449 5885 et
476 5812 674 5884 emethones
701 5811 900 5900 pauciores,
937 5816 973 5882 et
997 5815 1070 5881 tam
1106 5809 1149 5881 de
1176 5808 1328 5902 praediis
1360 5828 1462 5900 qoam
1489 5807 1583 5899 agris
1610 5808 1815 5882 cmethona·

259 5936 370 6021 libus,
397 5933 544 6006 solvitur
579 5938 616 6005 et
648 5930 854 6005 conducitur
890 5931 1021 6003 decima
1047 5930 1272 6022 manipularis
1306 5935 1344 6002 et
1369 5928 1543 6021 canapalis
1576 5948 1642 6020 pro
1671 5928 1824 6004 ecclesia

259 6062 295 6128 et
321 6056 469 6146 plebano
494 6056 532 6129 in
558 6053 847 6145 Woyakowa,
874 6053 971 6125 cuius
998 6053 1097 6125 valor
1123 6051 1329 6124 aestimatur
1356 6050 1401 6123 ad
1426 6051 1578 6143 qmnque
1604 6071 1754 6126 mareas

967 6172 1107 6246 Penus.

364 6296 458 6370 Villa
491 6296 623 6367 liabens
658 6297 694 6367 in
730 6317 767 6367 se
794 6295 974 6368 ecclesiam
1011 6295 1261 6384 parochialem,
1297 6292 1423 6366 Sancto
1459 6291 1623 6366 Andreae
1651 6293 1815 6384 dicatam,

262 6420 358 6490 cuius
383 6419 506 6491 haeres
532 6416 725 6490 stanislaus
751 6414 1114 6507 Staschkowsky
1141 6414 1303 6487 dedomo
1322 6467 1436 6486 .....
1471 6413 1512 6486 In
1531 6434 1600 6504 qua
1617 6420 1701 6487 sunt
1718 6414 1811 6488 lanei

263 6538 512 6635 emethonales,
539 6537 725 6638 dequibus
752 6537 912 6614 omnibus
938 6535 1086 6613 solvitur
1104 6535 1237 6610 decima
1253 6534 1443 6630 pmuaialis
1470 6533 1515 6608 de
1537 6534 1695 6629 quolibet
1711 6535 1811 6613 laneo
