4200 8342
262 1638 337 1713 504

262 1847 506 1936 cmethouales,
546 1846 590 1921 de
616 1846 742 1938 quibus
769 1845 916 1919 solvitur
941 1851 979 1920 et
1005 1848 1209 1921 conducitur
1235 1848 1369 1921 decima
1395 1848 1625 1940 manipularis
1652 1852 1689 1921 ct
1714 1868 1803 1921 cunc

260 1970 358 2061 palia,
384 1990 449 2061 pro
475 1968 685 2041 scholastria
708 1967 989 2059 Saudcmiriensi,
1016 1970 1114 2041 cuius
1141 1971 1240 2041 valor
1259 1968 1477 2041 aestimatur
1494 1969 1540 2041 ad
1559 1968 1646 2041 duas
1674 1990 1802 2045 marma

260 2092 359 2163 Item·
375 2091 412 2162 in
439 2088 561 2163 eadem
588 2090 673 2162 villa
699 2094 780 2161 sunt
804 2088 873 2163 duo
900 2090 1045 2182 praedia
1071 2092 1255 2182 militaria,
1283 2090 1327 2163 de
1355 2092 1480 2183 quihus
1508 2091 1660 2165 solvitur
1686 2092 1802 2169 decim

262 2212 489 2305 manipularis
516 2211 681 2285 ecclesiae
708 2213 744 2283 id
771 2212 962 2286 Pcthch.

882 2322 1197 2411 Zazacrrowrcau.

256 2484 259 2489 ·
364 2456 460 2530 Villa
484 2458 617 2529 hahens
643 2455 822 2529 ecclesiam
849 2458 1083 2549 parochialem
1111 2459 1146 2531 iu
1174 2479 1212 2531 se
1238 2460 1405 2551 ligneam,
1432 2458 1559 2531 Sancto
1580 2512 1697 2529 .....
1723 2460 1802 2533 diea-

259 2586 342 2672 tam,
369 2580 466 2653 cuius
492 2576 618 2651 haeres
643 2578 824 2651 lohannes
850 2576 1133 2671 Gzyzcwslry
1160 2580 1203 2654 de
1230 2581 1337 2653 armis
1364 2580 1644 2671 Polulrozye.
1681 2580 1720 2653 ln
1745 2590 1804 2675 qm

260 2706 342 2775 aaut
376 2702 527 2793 quinque
557 2700 649 2773 lanei
684 2700 934 2790 cmethcnales,
970 2700 1014 2773 de
1041 2701 1166 2795 quibus
1202 2702 1349 2777 solvitur
1375 2709 1412 2774 et
1438 2702 1648 2775 conducitur
1684 2702 1803 2779 decimu

260 2822 485 2914 manipularis
511 2827 548 2893 et
574 2820 749 2913 cenapolis
776 2842 840 2913 pro
866 2822 1072 2897 scholastico
1100 2821 1380 2914 Sardemiriensi,
1408 2824 1505 2896 cuius
1524 2823 1626 2896 valor
1654 2826 1806 2899 aestima·

259 2948 319 3017 tur
345 2943 391 3016 ad
417 2964 479 3015 sex
504 2964 649 3017 marcas.
689 2944 778 3017 Item
804 2948 887 3017 suut
913 2940 962 3027 ihi
989 2945 1048 3017 alii
1076 2945 1176 3037 lanei,
1204 2946 1247 3018 de
1264 2945 1401 3037 -quihus
1428 2945 1625 3019 decimatur
1653 2967 1718 3039 pro
1743 2950 1806 3040 epi

260 3086 364 3157 scopo
390 3063 621 3156 Grmoviensi,
648 3066 746 3139 cuius
764 3067 863 3139 valor
889 3068 1095 3141 aestimatur
1120 3067 1165 3153 ad
1184 3121 1298 3139 .....
1326 3068 1412 3140 ltem
1441 3072 1523 3141 sunt
1549 3068 1599 3141 ihi
1629 3069 1690 3141 alii
1718 3070 1807 3162 lanei,

260 3188 303 3261 dc
330 3186 455 3279 quihus
481 3187 615 3260 decima
641 3189 791 3261 soluitur
815 3193 851 3261 ct
878 3189 1084 3262 conducitur
1115 3210 1178 3281 pro
1206 3190 1352 3263 ecclesia
1377 3194 1414 3263 et
1439 3190 1590 3282 plebano
1615 3190 1657 3261 'in
1684 3190 1808 3265 Zdre-

260 3311 519 3401 chowycze,
545 3315 582 3382 et
608 3311 706 3383 valm
732 3312 807 3385 eius
834 3311 1040 3385 aestimatur
1065 3312 1109 3383 ad
1128 3368 1136 3383 .
1155 3367 1162 3382 .
1181 3367 1188 3383 .
1207 3366 1215 3385 .
1235 3312 1322 3385 Item
1349 3318 1404 3385 est
1431 3313 1480 3385 ibi
1508 3312 1694 3405 praedium
1714 3335 1809 3387 unum

260 3432 429 3524 militare,
464 3434 548 3505 item
582 3454 652 3505 una
686 3434 845 3507 scoltetia
874 3434 1006 3509 hahens
1042 3438 1165 3526 agros',
1200 3433 1395 3527 dequibus
1432 3435 1584 3509 solvitur
1622 3435 1757 3509 decima
1780 3438 1809 3509 in

261 3554 640 3647 Zdzechowycze

604 3672 607 3679 '
824 3718 829 3729 -
891 3674 1188 3751 Goscaraamou.

365 3797 461 3872 Villa
485 3798 617 3873 hahens
642 3798 822 3871 ecclesiam
848 3800 1087 3893 parochialem.
1109 3801 1269 3893 ligneam,
1296 3800 1422 3873 Sancto
1449 3800 1608 3875 dohanni
1638 3802 1810 3895 Baptistae

260 3922 427 4012 dicatum,
467 3919 565 3994 cuiu's
591 3919 731 3993 collatio
758 3920 803 3994 ad
829 3922 1027 4025 episcopum
1056 3920 1319 3996 Oracoviensem
1355 3923 1525 4015 pertinet,
1569 3924 1675 3997 cuius
1702 3924 1810 3997 unicus

259 4038 338 4118 erat
363 4046 533 4137 patronus
568 4042 808 4137 Trcyanus
845 4044 888 4115 de
915 4045 1021 4116 armis
1058 4046 1289 4137 Bogurya,
1329 4046 1406 4137 qui,
1447 4046 1528 4137 quia
1557 4066 1657 4117 anno
1685 4046 1810 4119 Domini

264 4166 372 4239 1456.
390 4166 575 4259 plebanum
601 4166 781 4257 proprium
805 4166 945 4239 Petrum
973 4165 1148 4259 (izarny
1175 4167 1217 4239 de
1244 4167 1412 4240 Rodum
1440 4167 1579 4260 occidit,
1609 4174 1649 4240 et
1668 4169 1706 4240 iu
1724 4167 1810 4241 laeda

259 4288 386 4381 palude
413 4288 597 4380 demersit,
634 4289 688 4363 ius
706 4284 912 4381 patronatus
938 4276 1073 4381 amisit,
1100 4296 1136 4361 et
1162 4290 1207 4363 ad
1227 4290 1431 4382 episcopum
1468 4288 1742 4364 cracoviensem
1773 4290 1809 4363 rh

260 4410 320 4483 illo
346 4396 519 4501 tempore,¹
539 4410 604 4482 sub
630 4410 834 4501 pontificatu
871 4410 1035 4483 Thomae·
1050 4411 1093 4483 de
1134 4410 1400 4504 Strampiuu
1436 4417 1491 4485 est
1517 4412 1736 4487 devolutum.
1775 4414 1807 4487 lu

261 4553 331 4605 unu
356 4538 471 4603 autern
498 4538 599 4625 parte
624 4533 728 4605 villae
754 4552 876 4605 versus
911 4533 1100 4625 Lublin,
1136 4538 1217 4607 sunt
1252 4534 1403 4627 quinque
1438 4536 1532 4607 la'nei
1569 4536 1807 4627 cmethonalec

259 4654 406 4726 taberna
432 4653 575 4745 inclusa,
602 4654 645 4727 de
673 4654 798 4747 quihus
825 4654 972 4727 solvitur
998 4655 1132 4728 decima
1158 4656 1384 4761 manipularis
1411 4662 1448 4730 et
1474 4657 1661 4749 canapalis
1687 4658 1808 4751 schoh-

259 4776 349 4849 stiae
386 4774 675 4877 Sandomiriensi,
717 4782 753 4848 et
788 4778 886 4848 valor
921 4777 997 4849 eius
1031 4778 1235 4851 aestimatur
1266 4778 1310 4850 cd
1338 4783 1411 4851 tres
1438 4800 1599 4870 marcas,
1641 4782 1727 4853 item
1751 4780 1807 4852 alia

259 4898 373 4971 media
400 4919 490 4989 pars,
517 4898 578 4972 sed
606 4899 716 4971 mator
743 4899 854 4990 villae,
881 4903 918 4972 et
942 4898 1123 4991 praedium
1151 4900 1286 4972 unicum
1315 4900 1483 4992 militare,
1512 4901 1625 4975 solvit
1651 4902 1804 4975 decimam

258 5021 515 5113 manipularem,
543 5020 709 5093 ecclesiae
746 5021 782 5092 in
809 5018 1078 5129 Gcsczyrad
1093 5044 1171 5113 ow,
1211 5026 1248 5095 et
1283 5022 1381 5096 valor
1417 5022 1493 5095 cius
1529 5022 1802 5096 aestimatur-ad

158 5162 161 5167 ·
259 5144 410 5233 quinque
438 5162 583 5233 marcam
610 5143 694 5215 item
721 5142 829 5216 tertia
854 5164 937 5234 pars
964 5142 1068 5227 villae
1086 5164 1207 5216 versus
1234 5144 1562 5237 Zawychosth,
1592 5146 1703 5219 solvit
1727 5142 1802 5219 deci·

259 5282 349 5335 mam
375 5264 625 5354 manipularem
652 5265 813 5355 episcopo
840 5262 1070 5337 Gracoviensi.
1114 5266 1201 5337 Item
1226 5265 1274 5337 ibi
1302 5266 1470 5357 plebanus
1506 5266 1620 5340 habet
1660 5266 1802 5361 proprios

260 5404 363 5475 agros
390 5389 427 5457 et
453 5390 564 5476 prata,
590 5406 655 5476 pro
682 5408 744 5459 suo
773 5408 836 5459 usu
863 5392 900 5461 et
925 5388 1143 5461 necessitate.

959 5631 1109 5704 Boaow.

362 5751 457 5824 Villa
481 5753 613 5825 hahens
640 5753 676 5824 in
704 5774 741 5825 se
768 5754 1002 5844 parochialem
1029 5753 1217 5843 ecclesiam,
1245 5752 1350 5825 filiam
1377 5753 1545 5845 ecclesiae
1564 5753 1688 5827 Sancti
1718 5754 1802 5827 llar-

257 5876 330 5947 ritii
358 5875 394 5946 in
419 5874 743 5967 Zawychosth,
780 5875 918 5947 noviter
944 5874 1141 5965 fundatam,
1169 5875 1295 5948 Sancta
1323 5868 1484 5947 Andreae
1513 5875 1693 5969 dicatam,
1721 5876 1801 5949 cuius

257 5997 455 6090 proprietas
472 6002 509 6070 et
527 5998 581 6069 ins
599 6003 806 6088 patronatus
833 5996 879 6069 ad
893 5994 1118 6069 'abbatissam
1147 6002 1183 6069 et
1211 5996 1489 6073 sanctimoniales
1509 5996 1637 6071 Sancti
1656 5996 1803 6073 Andreae

257 6122 292 6191 iu
320 6118 549 6195 Graccvia
574 6120 737 6211 pertinet3
764 6140 867 6211 qnam
893 6125 1039 6211 propter
1061 6120 1320 6193 exundationes·
1336 6117 1519 6211 Vislac,
1548 6121 1726 6214 magister
1742 6120 1806 6193 lda-

255 6244 381 6315 thaeus
407 6242 451 6315 de
477 6240 685 6339 Odolyuo
712 6243 748 6313 in
775 6240 938 6315 Borow
964 6240 1158 6333 transferri,
1185 6248 1222 6315 et
1248 6242 1377 6315 Sancto
1396 6240 1562 6315 Andreae
1588 6244 1706 6318 dicari
1732 6244 1808 6319 oht'e

256 6365 341 6457 nuit,
368 6366 467 6439 cuius
493 6362 674 6436 ecclesiam
701 6362 880 6453 pulchram
898 6386 939 6437 err
958 6364 1172 6458 ligno-fecit,
1199 6366 1306 6437 hahet
1332 6364 1381 6437 ibi
1408 6364 1556 6457 ecclesia
1586 6370 1627 6439 et
1653 6369 1811 6461 plemma

256 6486 406 6561 medium
433 6488 571 6561 laneum
599 6485 757 6576 liberum,
783 6504 860 6557 cum
887 6488 997 6578 pratis
1025 6486 1191 6561 donatum
1219 6508 1282 6579 per
1308 6482 1537 6561 Ahbatisaam
1566 6495 1608 6595 et
1637 6492 1813 6565 sanctimo-

254 6610 365 6689 uiales
392 6610 436 6684 de
462 6608 589 6689 Sancto
617 6607 769 6685 Andrea
813 6608 854 6681 ln
881 6630 949 6700 qna
975 6614 1057 6685 sunt
1093 6616 1171 6685 octo
1198 6610 1291 6687 lanei
1315 6600 1602 6706 matronales,-
1624 6612 1671 6689 de
1700 6614 1816 6709 quihus
