4200 8342
339 1649 413 1721 272

441 1858 656 1929 Bunoomur
683 1876 898 1945 ruoxussou,
925 1855 1011 1928 villa
1036 1857 1133 1927 cuius
1159 1856 1311 1927 lacobus
1338 1855 1475 1926 Damb
1483 1856 1629 1948 yensk
1637 1878 1661 1947 y
1688 1856 1825 1927 haeres.
1850 1856 1891 1927 ln

337 1998 405 2068 qua
431 1984 512 2050 sunt
530 1978 680 2068 quinque
699 1977 790 2049 lanei
808 1976 1045 2049 emethoualee
1061 1981 1097 2048 et
1115 1997 1184 2047 una
1201 1977 1311 2067 virga,
1329 1977 1435 2048 solvit
1453 1976 1599 2067 quilibet
1625 1977 1670 2048 de
1696 1976 1801 2048 laneo
1829 1996 1892 2067 pro

336 2099 470 2170 decima
494 2098 667 2190 pecuniali
693 2099 907 2189 episcopatui
921 2096 1143 2171 Oracoviensi
1170 2118 1290 2169 unum·
1303 2098 1472 2170 fertonem
1498 2099 1648 2170 latorum
1675 2118 1892 2189 grossorum

335 2222 418 2293 item
446 2241 510 2311 pro
536 2217 688 2291 remordere
716 2221 820 2292 solvit
847 2221 992 2312 quilibet
1018 2220 1140 2292 laneus
1166 2220 1331 2291 ecclesiae
1359 2221 1394 2290 in
1423 2219 1679 2292 Dambno....

439 2342 612 2432 Prunun,
650 2342 731 2414 villa
758 2343 822 2415 sub
849 2342 1014 2433 parochia
1040 2342 1085 2413 da
1110 2341 1314 2414 Dambno
1341 2342 1424 2432 sita,
1461 2342 1559 2413 cuius
1584 2342 1709 2414 baares
1736 2341 1890 2415 lacobus

336 2462 671 2555 Dambyensky.
715 2463 757 2534 ln
784 2482 852 2554 qua
887 2466 969 2535 suut
1002 2461 1094 2533 lanei
1130 2461 1384 2551 cmetbonaleS,
1419 2466 1454 2533 et
1482 2462 1639 2552 quilibet·
1662 2480 1728 2553 pro
1755 2461 1887 2535 decima

336 2583 509 2675 pecuniali
536 2583 641 2657 solvit
667 2584 882 2675 episcopatui
909 2582 1132 2656 Oracoriensi
1167 2604 1272 2656 unum
1298 2582 1469 2656 fertonem
1500 2583 1650 2656 latorum
1677 2604 1885 2675 moerorum,

336 2711 373 2776 et
398 2725 462 2795 pro
489 2702 642 2776 cremellae
666 2705 814 2796 plebano
840 2704 877 2776 in
904 2704 1108 2777 Dambno
1110 2752 1253 2775 ......

440 2825 645 2899 Praebenda
671 2826 773 2899 titulo
800 2832 837 2898 et
861 2826 985 2899 honori
1011 2825 1177 2899 Omnium·
1198 2825 1403 2897 Sanctorum
1421 2825 1457 2897 in
1476 2824 1622 2927 ecclesia
1647 2824 1886 2905 iuDambno

337 2947 462 3038 dicata,
489 2949 586 3020 cuins
611 2946 764 3020 Jacobus
791 2948 835 3020 de
861 2948 1062 3021 Dambno
1099 2947 1277 3038 praelatus
1304 2947 1425 3020 unicus
1452 2951 1508 3019 est
1533 2945 1709 3037 collator,¹
1735 2952 1774 3019 ei
1800 2947 1886 3019 Lau-

337 3070 473 3141 rentius
498 3070 543 3142 de
569 3069 751 3162 Palnlry
777 3068 1059 3160 praebendarius,
1087 3084 1175 3159 quae
1193 3069 1299 3140 habet
1316 3078 1380 3160 pro
1398 3068 1485 3149 dote,
1498 3089 1603 3143 urium
1631 3069 1769 3141 laneum
1789 3090 1887 3161 agro·

338 3212 414 3264 rum
441 3190 589 3264 liberum
616 3192 651 3262 iu
670 3192 871 3264 Dambno
897 3212 962 3282 pro
979 3189 1133 3282 praedio,
1159 3209 1262 3262 unam
1281 3209 1400 3262 aream
1417 3194 1455 3262 et
1471 3172 1611 3263 domum
1628 3190 1664 3261 in
1681 3208 1725 3262 ea
1742 3191 1890 3282 ligneam

336 3333 401 3402 pro
428 3335 492 3384 sua
518 3313 742 3385 habitatione.
769 3312 818 3385 Et
835 3366 951 3383 .....
1542 3296 1545 3303 ’
1584 3408 1586 3412 Ι

441 3434 633 3524 Lorourn,
673 3434 757 3506 villa
782 3434 847 3506 sub
873 3434 1039 3525 parochia
1065 3433 1109 3505 de
1135 3432 1363 3525 Woynicz.
1406 3434 1448 3504 In
1475 3453 1544 3524 qua
1569 3438 1652 3507 sunt
1676 3433 1774 3505 lanei
1801 3456 1890 3507 eme·

337 3556 508 3647 thonales,
534 3557 711 3647 tabernae,
737 3555 974 3645 bartolomeo,
1012 3555 1056 3626 da
1083 3555 1208 3646 quibus
1234 3555 1369 3627 decima
1394 3554 1621 3646 manipularis
1647 3558 1693 3632 et,
1710 3557 1890 3648 canapalis

339 3679 487 3750 solvitur
512 3699 577 3769 pro
604 3676 803 3768 praebenda
829 3678 863 3749 iu
892 3676 1093 3749 Dambno
1121 3675 1308 3767 praedicta,
1335 3681 1372 3748 et
1387 3675 1487 3750 valor
1513 3675 1823 3751 eius'aestirnatur
1850 3678 1893 3750 ad

339 3798 521 3872 duodecim
547 3820 692 3872 marcas.
1431 3812 1435 3819 ·

441 3921 631 4010 Rosruom
658 3921 742 3993 villa
768 3922 833 3993 sub
860 3920 1026 4011 pamcbia
1051 3920 1096 3993 de
1122 3918 1327 4013 Olszyny
1353 3940 1460 4012 supra
1477 3920 1618 3993 fluvium
1645 3920 1894 4015 Dunayecz

338 4046 415 4118 sita.
442 4044 482 4115 ln
510 4065 579 4135 qua
605 4048 686 4116 suut
711 4043 931 4117 borlnlauiae
957 4048 1046 4134 octo,
1072 4042 1176 4114 latos·
1190 4063 1294 4132 agms
1320 4042 1508 4133 babentes,
1534 4042 1578 4114 da
1604 4043 1731 4133 quibua
1758 4044 1894 4117 decima

336 4164 564 4256 manipularis
590 4171 628 4240 et
650 4165 827 4257 ‘cenapolia
862 4164 1011 4238 solvitur
1045 4170 1082 4235 et
1108 4162 1312 4236 conducitur
1346 4184 1411 4255 pro
1447 4163 1648 4256 praebenda
1682 4164 1891 4238 Sanctorum

337 4287 497 4359 Omnium
525 4287 559 4359 in
587 4287 797 4360 Dambno.
824 4287 935 4360 Valor
961 4286 1037 4359 eius
1065 4286 1110 4359 ad
1137 4285 1317 4357 duodecim
1339 4304 1484 4376 marces,
1510 4290 1652 4361 mnan
1677 4286 1893 4378 praebenda·

337 4411 412 4480 rius
440 4408 585 4500 quilibet
612 4409 758 4499 singulis
785 4408 988 4500 septimanis
1013 4408 1131 4498 legere
1158 4414 1231 4479 tres
1259 4408 1401 4498 missas,
1428 4408 1522 4479 circa
1548 4407 1658 4479 aliare
1684 4407 1890 4480 Sanctorum

338 4529 510 4620 Omnium,
536 4550 640 4601 unam
668 4551 731 4620 pro
758 4531 919 4621 peccatis,
945 4528 1133 4602 secundam
1160 4550 1224 4620 pro
1251 4529 1431 4620 defunctis,
1458 4529 1599 4602 tertiam
1617 4528 1662 4601 de
1680 4529 1794 4603 Beata
1812 4530 1890 4602 Vir-

337 4654 429 4743 gine3
454 4657 596 4724 tenetur
622 4650 778 4743 quolibet
803 4652 861 4725 die
886 4650 1059 4724 dominico
1090 4657 1128 4723 et
1154 4651 1279 4724 lestivo
1307 4651 1473 4743 capellam
1500 4651 1536 4723 in
1561 4657 1680 4725 'castro
1707 4650 1889 4725 Dambuo

338 4774 500 4865 officiare,
526 4779 564 4847 et
590 4794 760 4865 exponam
787 4772 857 4845 illia
883 4772 1006 4845 diebus
1033 4773 1070 4844 in
1098 4776 1213 4844 taetro
1239 4773 1378 4845 babere.

442 4896 566 4969 Altare
592 4896 628 4966 in
648 4895 801 4967 'ecclesia
825 4895 861 4965 in
889 4894 1112 4985 Dambno‚
1141 4885 1268 4966 Sancto
1289 4894 1433 4967 Nicolao
1459 4893 1620 4984 dicatum,
1646 4895 1745 4969 anius
1772 4895 1891 4968 unicus

337 5026 507 5107 patronus
532 5016 685 5090 lacobus
712 5015 1053 5109 Dambyeuaky,
1082 5015 1180 5087 cuius
1206 5015 1367 5088 citarista
1392 5014 1544 5088 lacobus
1571 5015 1741 5087 llliaza
1773 5017 1891 5088 bacea-

337 5139 487 5227 laureas,
514 5138 605 5228 quod
632 5137 739 5209 habet
765 5160 829 5229 pro
856 5138 939 5210 dote
965 5157 1027 5209 sex
1054 5157 1190 5209 marcas
1217 5136 1261 5209 de
1287 5137 1449 5210 theloneo
1476 5138 1512 5208 in
1538 5137 1765 5227 Dambno,·
1789 5158 1891 5209 unam

337 5278 490 5329 marcam
517 5258 560 5328 de
587 5258 733 5329 taberna
761 5259 796 5328 iu
824 5259 1072 5331 Suchczin:
1099 5265 1240 5330 tenetur
1265 5257 1383 5349 legere
1415 5260 1506 5330 circa
1536 5259 1649 5330 altare
1674 5263 1750 5331 tres
1770 5259 1892 5331 missas

338 5378 483 5467 singolis
509 5378 746 5465 bebdonradis3
772 5378 856 5448 item
883 5379 989 5451 habet
1006 5380 1167 5451 altarista
1185 5402 1290 5453 unum
1317 5381 1453 5452 laneum
1471 5378 1619 5452 liberum
1646 5380 1682 5451 in
1710 5379 1893 5451 Dambno

338 5507 374 5570 ot
401 5520 504 5570 unam
532 5517 648 5569 aream
675 5503 712 5568 et
738 5498 876 5571 domum
903 5518 968 5590 pro
995 5499 1220 5574 habitatione.

441 6228 614 6321 Oppidum
642 6232 739 6302 cuius
764 6237 955 6321 proventus
991 6232 1084 6303 circa
1109 6231 1357 6304 monasterinm
1385 6230 1624 6304 Thinicziense
1646 6230 1895 6323 descripsimus

338 6358 374 6422 et
400 6350 479 6423 ideo
506 6351 563 6424 bic
589 6350 667 6424 illos
694 6351 892 6424 describere
918 6353 1143 6425 obmittimus.
1217 6350 1221 6355 ’
1691 6377 1693 6380 ·

958 6473 1283 6547 Ornrnuowrczn.
1347 6482 1351 6489 “

443 6594 537 6669 Villa
562 6615 671 6691 prope
697 6593 957 6672 Melscbtin
991 6596 1091 6670 iuxta
1124 6595 1267 6670 darium
1292 6594 1540 6689 Duneyecz
1574 6596 1661 6689 site,
1696 6594 1893 6673 babentia
