4200 8342
1161 1499 1211 1590 'i'

1683 1703 1686 1708 ·
1704 1663 1778 1744 ιιι

230 1889 372 1939 marcac.
412 1868 501 1941 Item
536 1875 589 1941 est
624 1871 672 1943 ibi
707 1872 853 1944 taberna
889 1872 1067 1964 advocati,
1094 1895 1163 1947 non
1190 1875 1322 1948 babens
1350 1896 1461 1965 agros.
1497 1875 1585 1948 Item
1611 1877 1780 1968 plebanus

231 1989 347 2062 Sancti
383 1990 564 2063 Laurentii
601 2013 668 2063 uon
705 1995 812 2066 habet
847 1995 883 2065 in
919 1995 1037 2067 eadem
1065 1995 1168 2086 villa,
1194 1996 1261 2068 nisi
1289 1997 1578 2070 colrrmbationom
1603 2019 1668 2091 per
1695 2000 1781 2072 duos

229 2133 369 2202 grossos
397 2113 440 2184 de
468 2114 622 2204 quolibet
648 2114 758 2187 laneo.
1203 2139 1205 2144 ·

332 2234 540 2306 Suburbium
569 2234 775 2308 Vislicieuse
803 2238 866 2308 sub
893 2238 1059 2328 parocbia
1086 2237 1130 2310 de
1148 2195 1283 2324 Sancto
1311 2237 1509 2313 Laurentio.
1537 2243 1577 2312 In
1605 2262 1671 2334 quo
1699 2249 1781 2315 sunt

230 2354 320 2425 lanei
357 2356 493 2448 elmlea,
521 2356 564 2427 de
591 2357 715 2447 qrribus
741 2358 900 2432 omnibus
937 2359 1085 2432 solvitur
1111 2357 1245 2431 decima
1270 2361 1460 2449 pecunialis
1486 2383 1551 2452 pro
1578 2364 1781 2454 episcopatu

229 2473 458 2549 Cracoviensi.
498 2477 585 2550 item
623 2478 666 2551 de
692 2479 813 2551 eodem
848 2479 1014 2553 suburbio
1050 2480 1217 2571 plebanus
1253 2480 1297 2552 de
1332 2481 1459 2554 Sancto
1495 2482 1685 2555 Laurentio
1711 2505 1780 2555 non

229 2597 343 2688 habet,
370 2598 438 2669 nisi
466 2599 763 2672 columbationem.

332 2718 620 2811 Wrsznrowun‚
647 2722 731 2793 villa
757 2742 866 2813 prope
893 2722 1148 2815 Gobilniky
1176 2725 1252 2814 sita,
1280 2724 1345 2796 sub
1372 2725 1537 2814 parochia
1555 2724 1720 2796 ecclesiae
1738 2721 1782 2796 de

229 2838 354 2911 Sancto
382 2841 572 2914 Laurentio
600 2848 845 2915 extramuros
871 2843 1114 2935 Vislieienses‚
1142 2865 1229 2935 quac
1256 2845 1422 2917 hactenus
1449 2850 1526 2917 tota
1553 2845 1693 2917 deserta
1710 2850 1781 2932 est3

229 2962 325 3032 cuius
352 2964 546 3053 proprietas
573 2970 609 3036 et
636 2965 823 3036 dominium
851 2965 895 3036 ad
923 2965 1194 3038 illustrissimum
1221 2965 1386 3038 Poloniae
1412 2985 1531 3057 regem
1549 2968 1712 3057 pertinet.
1739 2967 1779 3036 ln

230 3104 297 3172 qua
324 3084 368 3155 ob
395 3084 532 3175 longam
560 3086 837 3178 demutationem,
864 3107 1027 3159 numerus
1054 3088 1231 3158 laneorum
1259 3087 1340 3159 sciri
1359 3108 1426 3157 non
1445 3092 1570 3178 potest.
1597 3086 1668 3159 Alii
1686 3107 1781 3172 asue-

169 3186 177 3194 “
228 3210 311 3274 ιιιιιι.
337 3210 373 3277 et
399 3206 524 3296 verina,
553 3208 644 3298 quod
671 3207 743 3279 illic
769 3208 852 3280 villa
878 3229 1052 3299 uunquam
1079 3207 1194 3298 ιιιιιιίι,
1223 3208 1284 3280 sed
1312 3207 1403 3299 quod
1427 3227 1572 3300 campus
1599 3207 1795 3300 praelatus‘·

228 3325 395 3416 pertinuit
422 3329 640 3420 pertinetque
667 3329 712 3400 ad
739 3329 1012 3420 villamregiam
1040 3328 1300 3421 Gobilniky,
1326 3329 1363 3400 in
1390 3330 1487 3402 cuius
1504 3331 1682 3404 vicinitate
1701 3349 1782 3404 can·

228 3448 329 3536 sistit,
357 3453 393 3518 et
419 3469 519 3539 quem
548 3452 746 3523 emethoner
774 3451 817 3522 de
843 3449 1098 3542 Gobilnilry
1123 3450 1238 3523 colere
1256 3455 1519 3542 consueverunt,
1538 3452 1583 3523 ob
1601 3445 1780 3524 nascentia

229 3567 300 3638 illic
327 3589 446 3641 cerasa
472 3570 840 3663 Wysznyowko
831 3594 867 3643 nr
893 3573 1052 3662 polonico
1079 3571 1292 3663 appellatus,
1319 3579 1356 3646 et
1382 3572 1479 3645 cuius
1506 3572 1692 3644 decimam
1690 3592 1782 3680 pro·

230 3690 315 3779 priis
342 3692 501 3763 curribus
529 3692 721 3764 conducere
748 3691 792 3764 ad
819 3694 983 3767 horreum
1010 3713 1032 3765 a
1058 3693 1257 3784 praeposito
1275 3694 1458 3766 locandum
1474 3699 1658 3783 tenentur;
1675 3685 1783 3778 rfflr

230 3809 381 3882 decimae
408 3811 586 3902 praefatae
612 3814 772 3884 aestimat
772 3835 815 3884 ur
756 3813 887 3885 tad
913 3814 999 3885 duas
1027 3834 1170 3886 marcas.

335 3932 628 4024 Nunnnowrczc‚
656 3935 740 4006 villa
766 3934 830 4007 sub
857 3935 1023 4024 parochia
1049 3934 1214 4007 ecclesiae
1241 3934 1284 4005 de
1312 3934 1623 4008 Ghrober-et
1576 3936 1653 4025 sita,
1682 3879 1780 4006 cuius

230 4053 397 4124 haeredes
414 4054 594 4128 Jolnannea
621 4055 968 4147 Nyeprowszky
995 4055 1158 4128 dedomo
1177 4051 1458 4152 Wyenyau'a,
1457 4055 1560 4126 item
1579 4053 1781 4143 Stanislaua,

229 4174 311 4244 item
347 4172 662 4267 Gzarnoczky,
693 4177 775 4248 item
813 4176 1140 4267 Ριιιιιιιιιιιι,
1172 4176 1341 4264 babentes
1377 4179 1525 4282 quatuor
1551 4175 1710 4266 praedia,
1738 4173 1782 4245 de

231 4295 355 4385 quibus
390 4297 549 4370 omnibus
583 4296 725 4370 solvunt-
758 4297 926 4369 decimam
962 4295 1211 4389 manipularem
1247 4296 1412 4369 ecclesiae
1448 4296 1638 4387 parochiali
1661 4294 1782 4368 Sancti

231 4415 411 4488 Laurentii
448 4423 528 4488 ante
563 4417 821 4490 Vieliciam.
861 4418 948 4492 Item
975 4424 1029 4491 est
1055 4418 1103 4490 ibi
1130 4409 1220 4490 unu's
1246 4417 1367 4490 laneus
1395 4415 1638 4507 emethonalis,
1664 4416 1782 4510 largos

231 4515 363 4626 babens
390 4557 538 4630 campos,
565 4540 615 4612 in·-
629 4561 696 4631 quo
723 4546 874 4633 quatuor
899 4542 1099 4614 cmetlrones
1126 4540 1290 4614 resident.
1316 4540 1405 4612 Item
1433 4543 1515 4612 sunt
1541 4542 1674 4629 septem
1700 4523 1782 4610 hor·
1856 4567 1861 4578 ·

229 4659 402 4749 tulaniae,
428 4661 596 4734 habentes
631 4681 787 4756 campos,
815 4663 858 4735 de
876 4664 1011 4754 -quibus
1037 4661 1197 4736 omnibus
1224 4661 1371 4734 solvitur
1390 4659 1531 4732 'decima
1556 4657 1782 4749 manipularis

231 4780 450 4870 praebendae
485 4790 522 4854 et
556 4781 775 4856 canonicatui
810 4783 1009 4856 Vislicieusi
1045 4784 1159 4855 dictae
1196 4781 1471 4874 Nyeprousrka‚
1498 4784 1534 4848 et
1559 4799 1623 4868 per
1649 4778 1781 4849 incolas

232 4900 369 4975 ducitur
403 4903 554 4994 propriis
589 4903 747 4975 curribus
783 4905 819 4975 in
854 4905 1018 4977 borreum
1054 4902 1265 4975 acanouico
1292 4897 1493 4984 locandum,
1520 4904 1556 4968 et
1582 4897 1681 4980 valor
1706 4897 1783 4968 einr
1928 4951 1936 4972 ι

232 5025 435 5096 aestimatur
471 5023 515 5095 ad
543 5030 692 5116 quatuor
727 5043 872 5097 marcas.
910 5025 998 5096 ltem
1034 5024 1201 5095 decimam
1228 5020 1351 5110 canapi
1378 5019 1518 5091 solvunt
1544 5037 1608 5109 per
1633 5021 1783 5124 qanpr

232 5144 370 5236 ierugas
397 5146 439 5217 dc
466 5146 575 5216 laneo.
611 5146 699 5216 Item
727 5150 781 5217 est
806 5146 856 5218 ibi
882 5166 952 5217 una
977 5145 1125 5216 taberna
1151 5142 1283 5215 habens
1309 5160 1432 5232 egros,
1459 5139 1556 5213 cuius
1582 5137 1781 5230 proprietas

230 5268 382 5357 pertinet
366 5268 452 5339 tad
479 5267 658 5340 ecdeaiam
685 5272 721 5340 et
747 5267 932 5360 plebanum
958 5265 1075 5338 Sancti
1102 5263 1283 5337 Laurentii
1309 5264 1391 5334 ante
1413 5259 1674 5352 Visliciam,
1692 5265 1781 5354 qnae

230 5408 293 5475 pro
320 5409 424 5461 censu
450 5395 487 5462 et
511 5410 575 5481 pro
602 5390 736 5465 decima
761 5388 985 5480 manipulari,
1012 5386 1117 5460 solvit
1142 5385 1253 5459 eidem
1270 5383 1428 5475 plebano
1454 5380 1573 5488 Sancti
1599 5369 1781 5457 Ιιιιιιιιιιιι

233 5505 319 5580 duaa
344 5530 478 5582 marcas
505 5515 693 5586 annuatim.
858 5529 861 5534 ’
944 5537 958 5554 ··

338 5630 522 5722 bennun,
549 5635 631 5706 villa
656 5635 721 5708 aab
748 5633 914 5725 parochia
938 5631 1102 5706 ecclcsiae
1130 5629 1174 5703 de
1191 5628 1427 5702 (ibroberz
1454 5627 1533 5716 sita,
1546 5624 1644 5697 cuius
1662 5624 1783 5693 haere-

127 5763 132 5770 ·
237 5747 298 5819 des
316 5747 469 5821 lacobus
486 5756 524 5822 et
539 5751 717 5825 lohannes
744 5753 787 5826 de
813 5753 1144 5846 Myedaigorze
1169 5749 1303 5823 nobiles
1321 5747 1365 5820 de
1383 5745 1489 5822 armis
1506 5742 1783 5833 Κοριιιιιιιιι
1800 5781 1809 5790 --

233 5870 370 5961 inqua
404 5876 486 5943 sunt
522 5870 590 5944 duo
626 5873 717 5945 lanei
753 5873 987 5948 cmetbonales
1021 5891 1100 5948 mm
1131 5870 1274 5943 dimidio
1301 5868 1419 5956 laneo,
1446 5866 1545 5936 item
1552 5866 1612 5935 est
1637 5859 1809 5970 illlam

232 5993 380 6064 taberna
405 5993 537 6064 habens
563 6011 677 6084 agros,
703 5994 746 6066 de
772 5994 898 6085 ombus
924 5995 1083 6068 omnibus
1110 5975 1258 6065 ιοιιιιιιι
1285 5987 1418 6059 decima
1435 5982 1660 6076 manipularis
1678 5999 1785 6060 tterlbr

232 6114 366 6186 nicatui
401 6119 438 6186 et
472 6113 691 6205 praebendae
727 6113 1028 6205 Nyeprorrszlryey
1064 6120 1101 6185 et
1085 6111 1267 6185 educunt
1301 6127 1378 6178 earn
1405 6111 1496 6178 cmet
1480 6107 1604 6178 thanes
1630 6100 1782 6194 propriis

233 6237 392 6310 curribus
427 6237 464 6308 in
489 6237 652 6322 horream
680 6253 702 6306 a
727 6234 892 6308 mnonieo
919 6233 1119 6323 locandum,
1146 6235 1183 6303 et
1209 6229 1350 6301 solvunt
1376 6227 1542 6301 decimam
1570 6224 1693 6314 canapi
1718 6229 1783 6312 per

233 6363 382 6446 quotuor
408 6358 555 6447 irrogas,
583 6361 619 6428 et
645 6355 744 6429 valor
770 6355 924 6428 decimae
949 6343 1156 6456 aestimatur
1182 6351 1227 6424 cd
1255 6353 1406 6442 quatuor
1423 6367 1566 6420 marcas.
1594 6345 1681 6416 Item
1700 6346 1783 6414 eunt

233 6476 284 6550 ibi
309 6478 398 6550 dnae
433 6479 551 6572 curiae
586 6477 791 6574 ιιίιιιᾳιτιιιῂ
825 6481 863 6548 et
897 6465 1372 6596 drffipraediajldeaquibus
1399 6470 1531 6541 decima
1557 6464 1781 6570 manipularis

236 6579 386 6682 eolritr
407 6589 939 6698 eccleaiffparofflfiencti
962 6593 1145 6710 dammae
1174 6597 1256 6666 ente
1281 6589 1540 6666 llisliciam.
