4200 8342
270 1632 345 1706 aec
434 1592 437 1599 ’

268 1837 468 1913 coenobiale
487 1835 665 1927 optimum,
691 1834 735 1908 de
754 1835 852 1907 cuius
870 1834 965 1926 agris
983 1834 1118 1907 deciana
1135 1834 1399 1926 manipularis...
1427 1836 1516 1910 Item
1545 1840 1710 1981 praetatus
1727 1844 1825 1917 eccle

269 1961 322 2034 eia
347 1961 385 2032 in
411 1958 622 2047 Lucana,
650 1956 787 2029 unicam
812 1960 951 2031 tautum
973 1955 1082 2029 babet
1108 1955 1225 2029 uillam
1253 1957 1449 2047 praefatam
1476 1926 1695 2055 Lucina,
1726 1964 1773 2036 ad
1796 1986 1828 2039 sa

270 2081 511 2174 pertinentem
538 2080 625 2151 Item
653 2078 813 2169 praefate
839 2078 984 2173 ecclesia
1009 2082 1214 2150 taxatat
1159 2084 1214 2150 est
1231 2132 1347 2150 .....

918 2199 1184 2274 Jauuowrczn

370 2323 468 2397 Villa
501 2322 634 2395 babens
670 2321 850 2394 ecclesiam
884 2320 1117 2411 parochialem
1152 2320 1313 2412 ligneam,
1340 2321 1467 2397 Sancto
1496 2322 1655 2399 Thomae
1683 2324 1828 2401 Cautus·

269 2446 377 2521 riensi
411 2442 711 2535 denanarius
746 2442 942 2533 proprietas
977 2442 1022 2514 ad
1056 2441 1225 2516 Jaccbum
1261 2447 1299 2516 et
1324 2443 1497 2517 Zaclitm
1523 2444 1569 2519 de
1597 2448 1708 2521 armis
1733 2449 1831 2541 Bip-

269 2566 485 2658 pannium
511 2564 673 2657 pertinet,
701 2563 798 2636 cuins
824 2562 975 2654 praesnti
1003 2561 1222 2643 Jambnst
1185 2568 1222 2637 et
1247 2563 1385 2638 Zaclica
1411 2571 1495 2640 sunt
1521 2567 1618 2641 unici
1646 2568 1829 2646 collatores

261 2694 307 2765 -et
332 2686 482 2780 patroni.
521 2686 561 2758 ln
598 2706 667 2777 qua
701 2688 783 2757 sunt
807 2684 899 2757 lanei
926 2666 1178 2783 emetlroijraleap
1204 2685 1249 2758 de
1275 2687 1402 2779 quibus
1429 2689 1593 2763 omnibus
1621 2692 1775 2765 solvitur.
1796 2698 1830 2767 ct

269 2808 473 2882 conducitur
499 2806 632 2880 decima
658 2805 884 2897 manipularis
909 2810 947 2879 ct
973 2804 1149 2903 canapalia
1174 2824 1239 2899 pro
1257 2807 1462 2901 episcopatu
1479 2807 1718 2904 cracoviensi,
1737 2814 1829 2889 emus

271 2931 370 3004 valor
396 2920 610 3003 =aeratima'tnr
644 2927 689 3000 ad
720 2947 780 3001 seu
807 2946 951 2999 marcas.
991 2914 1255 3001 Itemecclesiu
1280 2928 1437 3021 praelata
1463 2930 1500 3002 in
1526 2929 1550 3005 J
1560 2933 1827 3007 ankowicze

268 3051 374 3125 habet
399 3050 562 3144 proprios
587 3068 692 3141 agros
719 3048 850 3121 liberos
877 3052 913 3121 et
938 3052 1049 3140 prata
1069 3069 1133 3141 pro
1152 3070 1214 3123 suo
1233 3072 1298 3124 usu
1316 3056 1354 3122 et
1371 3053 1590 3127 necessitate.
1617 3054 1712 3128 Item
1730 3076 1827 3151 prae-

268 3172 398 3245 dium
387 3194 424 3246 un
451 3171 571 3259 (11((1
598 3170 681 3243 villa
706 3169 858 3243 militare
884 3175 940 3245 est
965 3170 1113 3263 unicum,
1140 3169 1183 3244 de
1210 3172 1307 3245 cuius
1334 3173 1429 3264 agris
1447 3172 1643 3249 decimatur
1662 3177 1825 3325 mdesiae

267 3299 304 3368 et
328 3286 514 3386 plmano
504 3313 541 3365 1n
567 3291 892 3385 Jankowycze

372 3414 645 3504 Paznszwonr,
681 3413 764 3487 villa
799 3414 863 3486 sub
899 3411 1065 3505 pmoolria
1098 3413 1143 3486 de
1177 3411 1487 3508 Jnnkowycza
1514 3418 1602 3510 sita,
1630 3420 1824 3511 quaelicet

266 3537 409 3610 inerit
400 3559 435 3608 un
462 3534 664 3608 nudatime
692 3534 892 3607 monasterii
919 3534 1219 3626 Zawichostensis,
1239 3536 1561 3612 sanctimonialibus
1580 3539 1733 3639 Sanctae
1751 3541 1822 3615 da

268 3680 349 3750 rae,
375 3678 439 3751 per
466 3656 730 3730 Boleslaum
762 3655 981 3729 Pudicum
1008 3654 1272 3730 cracoviensem
1299 3657 1679 3748 etSandomiriensem
1707 3662 1820 3737 ducem

268 3780 407 3871 donato,
433 3779 613 3853 abstracta
638 3782 755 3852 tamen
780 3783 836 3853 est
860 3779 905 3851 ab
932 3778 1026 3852 illius
1051 3777 1289 3870 proprietate,
1316 3785 1352 3853 et
1377 3785 1500 3855 tenent
1525 3803 1604 3855 eam
1631 3805 1726 3857 nunc
1751 3785 1820 3891 Sip·

267 3901 397 3975 nislans
424 3906 462 3977 et
487 3899 697 3991 Bernardus,
724 3900 853 3973 milites
879 3899 923 3975 de
949 3899 1052 3973 domo
1078 3898 1102 3974 J
1111 3900 1260 3973 anina.
1299 3899 1417 3983 Habet
1443 3907 1560 3977 numm
1587 3907 1743 3995 amentia
1766 3904 1819 3979 ali

267 4040 423 4117 qnorum,
449 4020 542 4117 qnod
568 4021 846 4097 sanctimoniales
873 4020 992 4094 Sancti
1017 4017 1182 4097 Andreae
1209 4022 1303 4095 illam
1330 4044 1395 4115 pro
1413 4025 1576 4118 seruitiis,
1593 4006 1819 4119 licetillicita

265 4145 434 4219 militibus
462 4144 676 4219 donaverint
702 4143 744 4216 ln
770 4164 840 4235 qua
864 4146 946 4216 sunt
971 4144 1123 4217 sedecim
1148 4143 1240 4217 lanei
1266 4146 1509 4239 emethcnales,
1536 4147 1628 4221 duae
1654 4148 1817 4223 tabernae

267 4272 304 4341 et
328 4267 419 4341 duae
444 4266 663 4341 anauniae
689 4265 859 4340 babentes
885 4285 999 4357 agros,
1025 4265 1069 4338 de
1096 4266 1221 4358 quibus
1239 4267 1464 4359 manipularis
1482 4272 1518 4342 et
1536 4271 1718 4363 canapalis
1736 4272 1818 4346 deci-

267 4411 325 4462 ma
352 4389 499 4462 solvitur
526 4388 587 4461 sed
614 4387 730 4479 varie;
757 4407 835 4459 nam
863 4387 974 4459 maior
999 4408 1083 4478 pars
1110 4389 1214 4462 villae
1232 4389 1338 4463 solvit
1354 4408 1430 4462 eam
1447 4391 1615 4490 ecclesiae
1633 4394 1818 4485 parochiali

266 4512 301 4584 in
328 4510 511 4604 Pnyow,
539 4530 582 4582 en
620 4509 807 4582 donatione
824 4539 825 4542 ¹
843 4510 1047 4603 episcopali,
1075 4515 1111 4582 et
1138 4511 1236 4582 valor
1262 4512 1337 4583 eius
1364 4513 1570 4586 aestimatur
1596 4515 1643 4588 ad
1672 4517 1816 4609 quinque

265 4654 409 4724 marcas,
437 4639 473 4704 et
500 4632 651 4705 secunda
676 4652 758 4724 pars
785 4632 906 4723 minor,
934 4631 1039 4705 solvit
1065 4653 1141 4706 earn
1168 4633 1334 4706 ecelesiae
1361 4635 1395 4705 iu
1423 4634 1635 4729 Mydlow,
1662 4644 1701 4710 et
1727 4640 1816 4711 valor

265 4756 339 4828 eius
378 4756 581 4829 aestimatur
617 4754 661 4826 ad
696 4759 769 4826 tres
796 4774 948 4844 mareas3
984 4754 1091 4827 tertia
1116 4776 1199 4846 pars
1226 4755 1331 4829 solvit
1357 4776 1433 4828 eam
1460 4736 1696 4833 aculensem
1722 4761 1825 4834 lan.

264 4877 474 4967 bonisne,
501 4877 599 4949 cuius
626 4876 725 4948 valor
751 4875 795 4948 ad
823 4876 908 4949 duas
935 4896 1080 4969 marcas,
1106 4883 1143 4950 (1
1170 4883 1295 4968 quarta
1320 4898 1403 4969 pars
1430 4879 1535 4952 solvit
1561 4900 1638 4951 eam
1657 4882 1840 4979 ecelesia.¹

264 4998 301 5069 in
326 4998 496 5090 Rudno,
523 5003 559 5071 et
585 4998 683 5070 valor
710 4998 784 5071 eins
812 4997 857 5070 ad
882 5018 984 5069 unam
1018 5018 1170 5070 marcam
1197 4998 1409 5072 aestimatur.
1449 4999 1538 5071 ltem
1565 5007 1650 5073 sunt
1676 5002 1728 5075 ibi
1743 5002 1817 5091 μὴ

263 5120 429 5194 militaria
454 5119 608 5211 praedia,
636 5119 678 5192 de
705 5120 830 5211 quibus
858 5120 1018 5192 omnibus
1044 5118 1237 5193 decimatur
1262 5120 1431 5193 ecclesiae
1458 5121 1493 5191 in
1512 5120 1536 5193 J
1545 5122 1819 5207 ankowicsa

366 5240 560 5332 Danonru,
588 5241 672 5313 villa
698 5241 763 5313 sub
790 5241 958 5334 parochia
984 5240 1027 5313 de
1054 5240 1078 5313 J
1087 5241 1359 5334 ankowyeze
1385 5242 1463 5331 sita,
1491 5242 1589 5316 cuius
1617 5246 1812 5337 proprietas

264 5361 309 5433 ad
335 5362 613 5436 muctimoninles
650 5362 693 5434 de
728 5361 854 5435 Sancta
886 5361 1029 5435 Andrea
1054 5362 1216 5452 pertinet.
1256 5362 1297 5433 ln
1325 5382 1394 5453 qua
1421 5367 1503 5433 sunt
1529 5363 1649 5435 decem
1678 5369 1716 5438 et
1742 5372 1844 5469 octa}

261 5484 353 5556 lanei
379 5484 624 5574 onemundus,
651 5484 732 5556 item
760 5504 831 5556 una
857 5484 1004 5556 taberna
1030 5483 1162 5557 habens
1181 5503 1294 5574 agros,
1315 5483 1398 5556 item
1415 5483 1597 5574 praedium
1617 5488 1813 5562 coenobiale

261 5608 406 5697 bonum,
442 5606 525 5685 item
561 5605 737 5696 scultetis,
774 5625 862 5696 quae
897 5605 1005 5678 habet
1038 5606 1144 5678 etiam
1171 5605 1301 5677 bonum
1327 5605 1513 5696 praedium-
1533 5610 1571 5679 et
1594 5612 1674 5681 tres
1701 5610 1812 5685 mneos

262 5727 498 5803 emetbonales
533 5727 577 5800 de
613 5749 677 5800 sua
702 5727 938 5819 proprietate,
966 5726 1010 5799 de
1037 5727 1162 5819 qmbns
1188 5727 1348 5799 omnibus
1375 5727 1523 5801 solvitur
1549 5732 1585 5801 (1
1611 5731 1813 5807 conducitur

260 5852 395 5925 decima
427 5850 653 5942 manipularis
689 5855 727 5922 et
763 5848 939 5940 canapalis
965 5869 1030 5940 pro
1062 5848 1224 5941 episcopo
1251 5847 1493 5942 cracoviensi,
1520 5851 1618 5925 cuius
1647 5852 1750 5927 valor
1773 5851 1812 5927 ad

260 5973 408 6066 triginta
432 5977 506 6045 tres
533 5992 667 6044 marcas
694 5971 909 6045 aestimatur.

363 6096 618 6184 Burmannus,
646 6094 730 6167 uilla
756 6092 821 6167 sub
847 6090 1015 6184 parocbia
1041 6092 1085 6165 de
1111 6090 1419 6184 Jankowycze
1445 6092 1522 6183 sita
1541 6093 1641 6169 cuius
1660 6096 1811 6189 proprie·

256 6226 311 6292 tes
347 6219 391 6291 nd
427 6216 708 6289 sanctimoniales
744 6215 787 6287 de
822 6214 950 6287 Sancto
986 6214 1130 6288 Andrea
1156 6215 1320 6307 pertinet.
1359 6215 1400 6287 In
1428 6234 1497 6306 qua
1523 6223 1607 6289 sunt
1634 6217 1811 6295 duodecim

171 6318 177 6325 ⁵
253 6340 344 6412 lanei
381 6337 635 6429 cmetbonalcs‚
663 6343 699 6410 et
735 6337 811 6428 agri
838 6337 1088 6429 quamplures
1115 6332 1253 6411 scolteti
1280 6337 1324 6410 de
1351 6338 1589 6430 Daronyn,
1617 6339 1663 6414 de
1690 6343 1810 6434 quibus

256 6462 413 6535 omnibus
440 6462 590 6535 solvitur
617 6466 654 6534 et
680 6459 884 6534 conducitur
909 6460 1045 6534 decima
1071 6459 1298 6552 manipularis
1325 6465 1362 6534 (1
1387 6461 1563 6553 carrapalis
1590 6484 1657 6555 pro
1684 6465 1812 6556 episeo-

258 6586 342 6673 patu
368 6583 599 6680 cracoviensi,
625 6590 663 6664 et
688 6582 787 6664 valor
812 6583 887 6663 eius
913 6582 1122 6661 aestimatur
1147 6582 1193 6656 ad
1219 6581 1402 6683 duodecim
1432 6600 1579 6671 marem
