4200 8342
1668 1662 1741 1739 251

187 1858 232 1930 ad
260 1840 540 1931 sanctimoniales
568 1861 728 1950 pertinet.
774 1862 813 1930 In
842 1882 909 1950 qna
937 1842 1117 1932 sentires
1144 1863 1233 1933 lanei
1262 1866 1507 1955 emethonales,
1547 1869 1628 1938 item
1656 1870 1743 1941 scol-

185 1979 276 2051 tetia
303 1980 435 2051 habeus
461 2001 583 2070 agrum
611 2003 671 2051 seu
698 1981 834 2052 laneum
863 2003 967 2053 unnim
994 1983 1157 2072 liberum,
1185 1984 1227 2054 de
1256 1986 1380 2074 quibus
1408 1988 1567 2059 omuibus
1595 1991 1740 2062 solvitur

185 2105 221 2171 et
249 2099 455 2172 conducitur
481 2100 614 2172 decima
640 2102 865 2192 manipularis
893 2108 928 2173 et
955 2104 1130 2192 canapalis
1158 2125 1221 2193 pro
1249 2106 1394 2177 ecclesia
1422 2109 1457 2177 in
1485 2109 1740 2199 lranezslro,

187 2223 286 2293 cuius
314 2221 412 2293 valor
437 2222 482 2295 ad
510 2228 658 2313 quatuor
685 2242 820 2293 marcas
845 2224 1060 2294 aestimatur.
1088 2224 1175 2293 ltem
1195 2231 1250 2295 est
1267 2225 1315 2296 ibi
1336 2247 1404 2296 una
1431 2228 1577 2299 taberna
1604 2231 1740 2302 scolteti

186 2347 223 2413 ct
249 2341 496 2431 molendinum
522 2343 606 2413 item
625 2344 792 2414 scultetus
810 2344 945 2415 ratione
964 2343 1117 2415 decimae
1136 2344 1241 2416 solvit
1259 2346 1407 2435 plebano
1436 2348 1470 2418 in
1498 2349 1741 2423 Larrozsko

188 2484 297 2535 unum
322 2463 493 2535 fertonem
521 2465 710 2536 communis
737 2465 911 2555 pecuniae.

276 2584 466 2675 Bonznw,
494 2585 578 2656 villa
604 2586 668 2657 snb
695 2585 861 2676 parochia
887 2563 931 2656 de
958 2584 1199 2658 Lanczsko
1227 2587 1312 2677 sita,
1350 2589 1447 2660 cuius
1474 2592 1671 2681 proprietas
1698 2594 1741 2664 ad

187 2703 467 2778 sanctimoniales
494 2690 748 2786 Sandeczenses
774 2706 936 2796 pertinet.
949 2704 1002 2776 'ln
1022 2706 1091 2796 qua
1110 2712 1191 2778 sunt
1210 2712 1358 2796 quatuor
1385 2709 1476 2781 lanei
1501 2713 1742 2802 cmethonales,

187 2825 230 2899 de
257 2827 384 2917 quibus
410 2822 568 2899 solvitur·
582 2832 618 2898 et
643 2827 848 2899 conducitur
874 2824 1006 2899 decima
1032 2827 1258 2917 manipularis
1285 2834 1321 2899 et
1347 2832 1524 2921 carnapalis
1551 2834 1740 2922 pro-eccle-

187 2948 240 3020 sia
266 2948 303 3021 iu
331 2947 590 3038 Lanczslr‘o,
625 2948 723 3019 cuius
750 2948 848 3020 valor
883 2948 926 3018 ad
955 2950 1105 3039 quatuor
1121 2968 1273 3019 -maroas
1300 2951 1512 3023 aestimatur.
1558 2953 1645 3023 ltem
1672 2977 1739 3027 non

186 3075 269 3140 suut
288 3070 464 3158 tabernae,
483 3091 552 3141 uon
566 3074 647 3140 sunt
665 3070 894 3158 hortulaniae,
912 3089 1024 3159 neque
1043 3068 1289 3160 molendinum,
1310 3072 1394 3142 item
1413 3072 1574 3145 scoltetia
1592 3095 1659 3145 non
1678 3081 1740 3146 est.

292 3188 589 3279 ttrarnznrczn,
616 3176 698 3291 uilla
725 3191 789 3263 sub
816 3190 982 3279 parochia
1009 3190 1054 3261 de
1079 3189 1322 3263 Lanczsko
1349 3194 1431 3283 sita,
1460 3194 1557 3265 cuius
1583 3197 1740 3285 proprie-

186 3318 242 3383 tas
269 3311 315 3381 ad
342 3310 620 3383 sanctimoniales
647 3310 901 3383 Sandeczenses
938 3312 1099 3400 pertinet.
1144 3310 1184 3381 In
1213 3319 1358 3401 quaest
1386 3335 1474 3386 uirus
1501 3316 1738 3386 tantummodo

185 3432 430 3521 laneus3item
457 3437 511 3503 est
536 3432 585 3511 ibi
611 3433 776 3504 scoltetia·
796 3432 928 3504 babens
955 3452 1061 3503 unum
1088 3432 1225 3503 laneum
1244 3432 1399 3523 liberum,
1427 3435 1612 3526 dequibus
1631 3438 1739 3508 omni-

184 3553 252 3625 bus
279 3553 427 3624 solvitur
452 3558 488 3624 et
515 3554 718 3626 conducitur
745 3553 877 3624 decima
904 3553 1129 3643 manipularis
1156 3558 1192 3624 et
1218 3554 1395 3644 canapalis
1422 3556 1586 3627 ecclesiae
1614 3561 1649 3628 et
1666 3557 1738 3646 ple-

186 3675 278 3745 bano
305 3675 341 3744 in
369 3674 626 3763 Lanozsko,
654 3681 690 3745 et
717 3673 815 3745 valor
842 3675 916 3745 eius
943 3674 1149 3745 aestimatur
1174 3674 1219 3745 ad
1246 3695 1349 3746 unam
1367 3696 1528 3747 maroam.
1555 3677 1643 3747 Item
1671 3700 1738 3749 non

186 3800 268 3867 sunt
295 3794 344 3865 ibi
373 3794 558 3884 tabernae,
596 3815 707 3886 noque
742 3795 981 3883 hortulaniae3
1017 3779 1101 3865 item
1138 3779 1304 3866 scultetus
1331 3795 1499 3868 decimam
1527 3798 1737 3888 pecunialenr

186 3915 293 3988 solvit
318 3916 467 4005 plebano
495 3917 530 3986 in
557 3915 798 3987 Lanczslco
826 3936 887 3986 sex
913 3935 1064 4005 grossos.

292 4036 543 4108 Prszrruurnn
571 4035 733 4125 Wonrn,
769 4035 853 4107 villa
879 4036 944 4106 sub
971 4033 1137 4126 parochia
1172 4035 1216 4106 de
1251 4035 1491 4109 Lanczslro
1519 4039 1604 4127 sita,
1642 4039 1738 4109 cuius

185 4157 386 4248 proprietas
413 4162 449 4229 et
475 4156 662 4228 dominium
690 4156 734 4228 ad
762 4155 1041 4227 sanctimoniales
1077 4155 1253 4245 praelatas
1288 4157 1449 4245 pertinet.
1493 4158 1532 4228 ln
1564 4178 1632 4249 qua
1658 4163 1740 4229 sunt

186 4277 337 4371 quinque
363 4275 454 4348 lanei
480 4278 719 4367 cmethonales,
748 4276 934 4368 dequibus
961 4275 1120 4347 omnibus
1146 4275 1294 4347 solvitur
1320 4281 1356 4349 et
1383 4277 1587 4351 conducitur
1605 4278 1737 4349 decima

186 4398 412 4490 manipularis
439 4404 475 4471 et
501 4399 675 4488 canapalis
701 4419 764 4489 pro
792 4398 994 4489 episcopatu
1019 4395 1261 4485 cracoviensi,
1285 4401 1324 4468 et
1350 4398 1449 4469 valor
1475 4399 1550 4470 eius
1577 4400 1738 4471 aestima-

186 4526 244 4595 tur
271 4520 318 4591 ad
345 4520 496 4611 quinque
531 4522 675 4591 marcas.
719 4519 806 4590 Item
834 4519 883 4590 ibi
917 4540 986 4590 non
1014 4525 1068 4589 est
1094 4516 1292 4608 praedinm3
1328 4518 1494 4591 scultetus
1521 4524 1576 4590 est
1608 4520 1675 4610 ibi,
1703 4525 1739 4591 et

186 4638 292 4713 solvit
319 4641 455 4712 ratione
481 4639 634 4712 decimae
660 4640 809 4731 plebano
835 4641 871 4710 in
898 4638 1139 4711 Lanozslro
1168 4640 1246 4711 octo
1272 4656 1414 4726 grossos
1441 4660 1648 4711 communes.

289 4761 535 4833 Kosrunown
562 4761 726 4850 Wonrn‘,
763 4761 845 4833 villa
880 4761 943 4832 sub
970 4760 1136 4851 parochia
1171 4759 1214 4831 de
1241 4759 1484 4831 Lanczsko
1520 4761 1606 4850 sita,
1642 4761 1739 4832 cuius

186 4880 459 4971 baereditasad
485 4881 763 4954 sanctimoniales
790 4882 951 4971 pertinet.
977 4882 1018 4952 In
1046 4902 1115 4972 qua
1136 4887 1218 4952 sunt
1245 4880 1396 4971 quinque
1422 4880 1514 4950 lanei
1541 4880 1739 4951 cmetlrona·

183 5003 246 5095 les,
273 5002 320 5076 de
347 5003 472 5095 quibus
508 5001 655 5075 solvitur
682 5007 718 5073 et
744 5001 947 5075 conducitur
982 5001 1116 5073 decinm
1151 4998 1376 5090 manipularis
1411 5006 1448 5071 et
1474 4988 1648 5089 canapalis
1674 5021 1738 5090 pro

182 5122 389 5218 episcopatu
414 5122 646 5213 Gracoviensi,
676 5123 773 5195 cuius
799 5122 898 5194 valor
925 5121 968 5193 ad
997 5120 1148 5212 quinque
1174 5140 1310 5192 marcas
1336 5120 1552 5192 aestimatur.
1578 5121 1665 5193 Item
1684 5127 1738 5192 est

177 5244 232 5320 ibi
260 5243 433 5335 scoltetia,
460 5245 592 5317 habeus
620 5266 723 5317 uuum
750 5244 887 5315 laneum
915 5242 1071 5331 liberunt,
1098 5241 1141 5312 de
1160 5242 1258 5313 cuius
1275 5242 1371 5335 agris
1390 5242 1522 5313 decima
1548 5241 1737 5332 pecunialis

175 5366 289 5439 datur
315 5370 559 5456 antegressos
586 5365 733 5456 plebano
760 5386 833 5451 su03
859 5364 943 5435 item
962 5362 1151 5454 praedium
1168 5383 1237 5457 uon
1255 5368 1310 5436 est
1327 5362 1390 5453 ibi,
1417 5364 1500 5435 item
1515 5362 1737 5452 'tabernae....,

175 5488 270 5562 item
298 5486 545 5559 hortulaniae...
781 5570 791 5581 ἢ

290 5606 484 5698 Krnzurn,
510 5606 593 5679 villa
620 5608 684 5680 sub
712 5605 877 5697 parochia
903 5604 946 5676 de
973 5603 1215 5678 Lanczslro
1242 5605 1320 5696 sita,
1347 5604 1445 5676 cuius
1471 5604 1668 5695 proprietas
1695 5603 1738 5673 ad

175 5728 467 5803 sanctimoniales
493 5729 655 5818 pertinet.
681 5728 721 5798 Iu
744 5747 813 5817 qua
839 5731 921 5799 sunt
947 5725 1141 5817 quindecim
1168 5725 1261 5797 lanei
1280 5726 1524 5814 emethonales,
1552 5723 1738 5813 dequibus

178 5850 337 5925 solvitur
351 5856 398 5921 et
425 5849 629 5924 conducitur
656 5849 789 5921 decima
815 5846 1038 5938 manipularis
1062 5852 1098 5919 et
1115 5846 1291 5937 canapalis
1318 5847 1479 5937 episcopo
1507 5843 1738 5931 cracoviensi,

179 5974 270 6045 item
298 5978 353 6043 est
378 5970 429 6042 ibi
455 5969 622 6043 scultetus
658 5956 789 6043 habens
823 5990 928 6041 unum
947 5968 1102 6041 laneum
1128 5969 1295 6056 liberum,
1331 5967 1374 6037 de
1402 5986 1469 6057 quo
1497 5964 1647 6037 decimat
1674 5984 1736 6034 suo

180 6090 336 6185 plebano
362 6091 400 6163 iu
425 6086 665 6163 Lauczslro
700 6090 864 6181 petuma,
899 6089 1060 6163 videlicet
1095 6093 1172 6161 octo
1198 6086 1347 6177 grossis:
1382 6087 1467 6158 item
1503 6088 1557 6157 est
1592 6085 1641 6156 ibi
1668 6104 1736 6156 nna

182 6213 335 6286 taberna
360 6212 508 6303 scolteti,
535 6212 619 6284 item
647 6232 734 6305 uuus
760 6210 966 6284 hortulanus
993 6217 1029 6283 et
1056 6208 1297 6282 molendinum.

291 6330 536 6423 anaema,
562 6332 646 6404 villa
672 6332 736 6405 sub
761 6328 930 6424 parochia
955 6330 998 6402 de
1025 6329 1267 6402 Lanczsko
1295 6328 1383 6419 sita,
1419 6328 1516 6399 euius
1543 6327 1739 6416 proprietas

185 6454 342 6545 pertinet
368 6454 413 6525 ad
440 6454 718 6527 sanctimoniales
745 6452 980 6543 Antiquae
1008 6449 1223 6526 Saudecz.
1258 6449 1307 6521 lu·
1326 6469 1395 6541 qua
1421 6452 1503 6521 suut
1529 6446 1622 6519 lanei
1648 6466 1739 6517 crne-

188 6574 349 6652 tbonalea
375 6572 533 6672 quatuor,
560 6575 603 6647 de
630 6574 776 6673 quorum
803 6577 903 6674 parte
931 6572 1067 6671 minori,
1095 6572 1229 6651 decima
1248 6568 1474 6668 manipularis
1501 6574 1538 6648 ot
1565 6566 1740 6666 cenapolis
