<?xml version="1.0" encoding="UTF-8"?>
<!DOCTYPE html PUBLIC "-//W3C//DTD XHTML 1.0 Transitional//EN"
    "http://www.w3.org/TR/xhtml1/DTD/xhtml1-transitional.dtd">
<html xmlns="http://www.w3.org/1999/xhtml" xml:lang="en" lang="en">
 <head>
  <title>
</title>
<meta http-equiv="Content-Type" content="text/html;charset=utf-8" />
  <meta name='ocr-system' content='tesseract 3.04.00' />
  <meta name='ocr-capabilities' content='ocr_page ocr_carea ocr_par ocr_line ocrx_word'/>
</head>
<body>
  <div class='ocr_page' id='page_1' title='image "./joannisdugoszse01dugoog_0587.png"; bbox 0 0 4200 8342; ppageno 0'>
   <div class='ocr_carea' id='block_1_1' title="bbox 255 1829 1814 6541">
    <p class='ocr_par' dir='ltr' id='par_1_1' title="bbox 364 1829 1192 2880">
     <span class='ocr_line' id='line_1_1' title="bbox 365 1829 803 1903; baseline -0.011 0"><span class='ocrx_word' id='word_1_1' title='bbox 365 1829 558 1903; x_wconf 73' lang='lat' dir='ltr'>lmnrazua</span> <span class='ocrx_word' id='word_1_2' title='bbox 611 1879 619 1896; x_wconf 90' lang='lat'><strong><em>.</em></strong></span> <span class='ocrx_word' id='word_1_3' title='bbox 673 1878 681 1893; x_wconf 88' lang='lat'><strong><em>.</em></strong></span> <span class='ocrx_word' id='word_1_4' title='bbox 734 1877 742 1892; x_wconf 90' lang='lat'><strong><em>.</em></strong></span> <span class='ocrx_word' id='word_1_5' title='bbox 795 1877 803 1890; x_wconf 86' lang='lat'><strong><em>.</em></strong></span> 
     </span>
     <span class='ocr_line' id='line_1_2' title="bbox 364 1942 1137 2028; baseline -0.009 -5"><span class='ocrx_word' id='word_1_6' title='bbox 364 1950 692 2028; x_wconf 66' lang='lat' dir='ltr'>arumnorum</span> <span class='ocrx_word' id='word_1_7' title='bbox 719 1942 890 2019; x_wconf 71' lang='lat' dir='ltr'>mamm</span> <span class='ocrx_word' id='word_1_8' title='bbox 940 1993 951 2013; x_wconf 87' lang='lat'><strong>.</strong></span> <span class='ocrx_word' id='word_1_9' title='bbox 1004 1991 1013 2010; x_wconf 86' lang='lat'><strong>·</strong></span> <span class='ocrx_word' id='word_1_10' title='bbox 1068 1994 1076 2010; x_wconf 86' lang='lat'><strong>.</strong></span> <span class='ocrx_word' id='word_1_11' title='bbox 1129 2002 1137 2016; x_wconf 93' lang='lat'><strong><em>.</em></strong></span> 
     </span>
     <span class='ocr_line' id='line_1_3' title="bbox 364 2066 1176 2147; baseline -0.02 0"><span class='ocrx_word' id='word_1_12' title='bbox 364 2070 655 2147; x_wconf 74' lang='lat' dir='ltr'>Munnnwrnnza</span> <span class='ocrx_word' id='word_1_13' title='bbox 683 2066 929 2141; x_wconf 78' lang='lat' dir='ltr'>llrcuowanr</span> <span class='ocrx_word' id='word_1_14' title='bbox 983 2114 991 2132; x_wconf 92' lang='lat'><strong>.</strong></span> <span class='ocrx_word' id='word_1_15' title='bbox 1045 2115 1053 2129; x_wconf 86' lang='lat'><strong>.</strong></span> <span class='ocrx_word' id='word_1_16' title='bbox 1106 2114 1115 2132; x_wconf 95' lang='lat'><strong><em>.</em></strong></span> <span class='ocrx_word' id='word_1_17' title='bbox 1168 2116 1176 2131; x_wconf 92' lang='lat'><strong>.</strong></span> 
     </span>
     <span class='ocr_line' id='line_1_4' title="bbox 366 2194 739 2271; baseline -0.008 0"><span class='ocrx_word' id='word_1_18' title='bbox 366 2194 490 2271; x_wconf 77' lang='lat' dir='ltr'>Jrnno</span> <span class='ocrx_word' id='word_1_19' title='bbox 545 2246 554 2264; x_wconf 87' lang='lat'><strong>.</strong></span> <span class='ocrx_word' id='word_1_20' title='bbox 608 2246 616 2263; x_wconf 87' lang='lat'><strong>.</strong></span> <span class='ocrx_word' id='word_1_21' title='bbox 670 2246 677 2260; x_wconf 85' lang='lat'>.</span> <span class='ocrx_word' id='word_1_22' title='bbox 731 2242 739 2260; x_wconf 84' lang='lat'><strong>·</strong></span> 
     </span>
     <span class='ocr_line' id='line_1_5' title="bbox 365 2315 829 2391; baseline -0.024 0"><span class='ocrx_word' id='word_1_23' title='bbox 365 2315 589 2391; x_wconf 83' lang='lat' dir='ltr'>Tnusenew</span> <span class='ocrx_word' id='word_1_24' title='bbox 642 2367 650 2384; x_wconf 94' lang='lat'>.</span> <span class='ocrx_word' id='word_1_25' title='bbox 704 2365 711 2381; x_wconf 91' lang='lat'><strong><em>.</em></strong></span> <span class='ocrx_word' id='word_1_26' title='bbox 768 2364 775 2379; x_wconf 94' lang='lat'><strong><em>.</em></strong></span> <span class='ocrx_word' id='word_1_27' title='bbox 821 2363 829 2380; x_wconf 91' lang='lat'><strong>.</strong></span> 
     </span>
     <span class='ocr_line' id='line_1_6' title="bbox 367 2437 901 2515; baseline -0.017 -1"><span class='ocrx_word' id='word_1_28' title='bbox 367 2437 652 2515; x_wconf 80' lang='lat' dir='ltr'>Pronnowrezn</span> <span class='ocrx_word' id='word_1_29' title='bbox 705 2489 714 2508; x_wconf 90' lang='lat'><strong><em>.</em></strong></span> <span class='ocrx_word' id='word_1_30' title='bbox 769 2485 777 2500; x_wconf 88' lang='lat'><strong>.</strong></span> <span class='ocrx_word' id='word_1_31' title='bbox 832 2484 839 2500; x_wconf 90' lang='lat'><em>.</em></span> <span class='ocrx_word' id='word_1_32' title='bbox 894 2482 901 2498; x_wconf 83' lang='lat'><strong>.</strong></span> 
     </span>
     <span class='ocr_line' id='line_1_7' title="bbox 367 2557 830 2632; baseline -0.011 0"><span class='ocrx_word' id='word_1_33' title='bbox 367 2557 583 2632; x_wconf 70' lang='lat' dir='ltr'>Brentani</span> <span class='ocrx_word' id='word_1_34' title='bbox 638 2610 645 2623; x_wconf 93' lang='lat'><strong>.</strong></span> <span class='ocrx_word' id='word_1_35' title='bbox 699 2608 706 2624; x_wconf 91' lang='lat'><strong>.</strong></span> <span class='ocrx_word' id='word_1_36' title='bbox 762 2606 769 2621; x_wconf 89' lang='lat'><strong>.</strong></span> <span class='ocrx_word' id='word_1_37' title='bbox 822 2605 830 2620; x_wconf 87' lang='lat'><strong>.</strong></span> 
     </span>
     <span class='ocr_line' id='line_1_8' title="bbox 369 2674 1167 2777; baseline -0.013 -23"><span class='ocrx_word' id='word_1_38' title='bbox 369 2675 588 2755; x_wconf 80' lang='lat' dir='ltr'>Ganauzow</span> <span class='ocrx_word' id='word_1_39' title='bbox 616 2674 755 2748; x_wconf 78' lang='lat' dir='ltr'>Novem</span> <span class='ocrx_word' id='word_1_40' title='bbox 809 2727 817 2745; x_wconf 88' lang='lat'><em>.</em></span> <span class='ocrx_word' id='word_1_41' title='bbox 872 2728 879 2744; x_wconf 93' lang='lat'><strong>.</strong></span> <span class='ocrx_word' id='word_1_42' title='bbox 933 2728 941 2744; x_wconf 90' lang='lat'><strong>.</strong></span> <span class='ocrx_word' id='word_1_43' title='bbox 995 2728 1002 2742; x_wconf 92' lang='lat'><strong>.</strong></span> <span class='ocrx_word' id='word_1_44' title='bbox 1156 2760 1167 2777; x_wconf 62' lang='lat'><em>„</em></span> 
     </span>
     <span class='ocr_line' id='line_1_9' title="bbox 368 2778 1192 2880; baseline -0.011 -4"><span class='ocrx_word' id='word_1_45' title='bbox 368 2798 587 2876; x_wconf 78' lang='lat' dir='ltr'>Gananzon</span> <span class='ocrx_word' id='word_1_46' title='bbox 613 2793 822 2880; x_wconf 80' lang='lat' dir='ltr'>Aurreuun</span> <span class='ocrx_word' id='word_1_47' title='bbox 876 2850 883 2864; x_wconf 93' lang='lat'>.</span> <span class='ocrx_word' id='word_1_48' title='bbox 937 2848 956 2872; x_wconf 68' lang='grc'>.,</span> <span class='ocrx_word' id='word_1_49' title='bbox 999 2848 1006 2864; x_wconf 93' lang='grc'><strong><em>.</em></strong></span> <span class='ocrx_word' id='word_1_50' title='bbox 1042 2845 1068 2880; x_wconf 57' lang='grc'>,.</span> <span class='ocrx_word' id='word_1_51' title='bbox 1151 2778 1192 2831; x_wconf 61' lang='lat'>&#39;³³⁴&#39;</span> 
     </span>
    </p>

    <p class='ocr_par' dir='ltr' id='par_1_2' title="bbox 921 3037 1575 3121">
     <span class='ocr_line' id='line_1_10' title="bbox 921 3037 1575 3121; baseline -0.003 -10"><span class='ocrx_word' id='word_1_52' title='bbox 921 3037 1159 3119; x_wconf 79' lang='lat' dir='ltr'>Cnonnucza.</span> <span class='ocrx_word' id='word_1_53' title='bbox 1498 3116 1500 3121; x_wconf 62' lang='grc'>,</span> <span class='ocrx_word' id='word_1_54' title='bbox 1573 3093 1575 3096; x_wconf 85' lang='grc'>-</span> 
     </span>
    </p>

    <p class='ocr_par' dir='ltr' id='par_1_3' title="bbox 259 3159 1813 4477">
     <span class='ocr_line' id='line_1_11' title="bbox 368 3159 1812 3259; baseline 0 -22"><span class='ocrx_word' id='word_1_55' title='bbox 368 3164 461 3259; x_wconf 83' lang='lat' dir='ltr'>Villa</span> <span class='ocrx_word' id='word_1_56' title='bbox 479 3165 610 3236; x_wconf 82' lang='lat' dir='ltr'>liabens</span> <span class='ocrx_word' id='word_1_57' title='bbox 629 3163 664 3234; x_wconf 92' lang='lat' dir='ltr'>in</span> <span class='ocrx_word' id='word_1_58' title='bbox 684 3182 721 3233; x_wconf 82' lang='lat' dir='ltr'>ee</span> <span class='ocrx_word' id='word_1_59' title='bbox 740 3159 973 3252; x_wconf 79' lang='lat' dir='ltr'>parochialem</span> <span class='ocrx_word' id='word_1_60' title='bbox 992 3159 1173 3233; x_wconf 88' lang='lat' dir='ltr'>ecclesiam</span> <span class='ocrx_word' id='word_1_61' title='bbox 1190 3159 1356 3253; x_wconf 80' lang='lat' dir='ltr'>ligneam,</span> <span class='ocrx_word' id='word_1_62' title='bbox 1383 3161 1513 3234; x_wconf 85' lang='lat' dir='ltr'>Sancte</span> <span class='ocrx_word' id='word_1_63' title='bbox 1531 3160 1641 3237; x_wconf 88' lang='lat' dir='ltr'>Petro</span> <span class='ocrx_word' id='word_1_64' title='bbox 1669 3162 1812 3254; x_wconf 81' lang='lat' dir='ltr'>Aposto-</span> 
     </span>
     <span class='ocr_line' id='line_1_12' title="bbox 262 3281 1810 3383; baseline -0.002 -22"><span class='ocrx_word' id='word_1_65' title='bbox 262 3291 375 3363; x_wconf 85' lang='lat' dir='ltr'>lorum</span> <span class='ocrx_word' id='word_1_66' title='bbox 402 3286 550 3383; x_wconf 79' lang='lat' dir='ltr'>principi</span> <span class='ocrx_word' id='word_1_67' title='bbox 580 3284 749 3374; x_wconf 87' lang='lat' dir='ltr'>dieatom‚</span> <span class='ocrx_word' id='word_1_68' title='bbox 776 3283 873 3354; x_wconf 85' lang='lat' dir='ltr'>cuius</span> <span class='ocrx_word' id='word_1_69' title='bbox 892 3281 1060 3354; x_wconf 86' lang='lat' dir='ltr'>haeredes</span> <span class='ocrx_word' id='word_1_70' title='bbox 1087 3281 1434 3375; x_wconf 81' lang='lat' dir='ltr'>Maczeyewscy</span> <span class='ocrx_word' id='word_1_71' title='bbox 1461 3283 1505 3354; x_wconf 91' lang='lat' dir='ltr'>de</span> <span class='ocrx_word' id='word_1_72' title='bbox 1524 3285 1628 3357; x_wconf 89' lang='lat' dir='ltr'>domo</span> <span class='ocrx_word' id='word_1_73' title='bbox 1657 3285 1810 3358; x_wconf 90' lang='lat' dir='ltr'>Tauro-</span> 
     </span>
     <span class='ocr_line' id='line_1_13' title="bbox 262 3402 1813 3509; baseline -0.003 -26"><span class='ocrx_word' id='word_1_74' title='bbox 262 3433 313 3509; x_wconf 84' lang='lat' dir='ltr'>ru</span> <span class='ocrx_word' id='word_1_75' title='bbox 325 3433 367 3483; x_wconf 87' lang='lat' dir='ltr'>m.</span> <span class='ocrx_word' id='word_1_76' title='bbox 396 3410 433 3481; x_wconf 91' lang='lat' dir='ltr'>ln</span> <span class='ocrx_word' id='word_1_77' title='bbox 454 3428 522 3500; x_wconf 87' lang='lat' dir='ltr'>qua</span> <span class='ocrx_word' id='word_1_78' title='bbox 540 3412 621 3479; x_wconf 86' lang='lat' dir='ltr'>sunt</span> <span class='ocrx_word' id='word_1_79' title='bbox 639 3404 730 3477; x_wconf 87' lang='lat' dir='ltr'>lanei</span> <span class='ocrx_word' id='word_1_80' title='bbox 750 3402 994 3494; x_wconf 85' lang='lat' dir='ltr'>emethonales‚</span> <span class='ocrx_word' id='word_1_81' title='bbox 1014 3402 1197 3495; x_wconf 84' lang='lat' dir='ltr'>dequibus</span> <span class='ocrx_word' id='word_1_82' title='bbox 1215 3405 1375 3479; x_wconf 82' lang='lat' dir='ltr'>omnibus</span> <span class='ocrx_word' id='word_1_83' title='bbox 1395 3405 1543 3479; x_wconf 84' lang='lat' dir='ltr'>solvitur</span> <span class='ocrx_word' id='word_1_84' title='bbox 1561 3411 1596 3478; x_wconf 90' lang='lat' dir='ltr'>et</span> <span class='ocrx_word' id='word_1_85' title='bbox 1615 3406 1813 3481; x_wconf 80' lang='lat' dir='ltr'>conducitur</span> 
     </span>
     <span class='ocr_line' id='line_1_14' title="bbox 262 3525 1811 3633; baseline -0.003 -28"><span class='ocrx_word' id='word_1_86' title='bbox 262 3532 395 3606; x_wconf 87' lang='lat' dir='ltr'>decima</span> <span class='ocrx_word' id='word_1_87' title='bbox 422 3528 650 3620; x_wconf 81' lang='lat' dir='ltr'>manipularis</span> <span class='ocrx_word' id='word_1_88' title='bbox 677 3531 713 3599; x_wconf 90' lang='lat' dir='ltr'>et</span> <span class='ocrx_word' id='word_1_89' title='bbox 730 3525 904 3617; x_wconf 87' lang='lat' dir='ltr'>canapalis</span> <span class='ocrx_word' id='word_1_90' title='bbox 932 3527 1143 3633; x_wconf 68' lang='lat' dir='ltr'>nrorraaterio</span> <span class='ocrx_word' id='word_1_91' title='bbox 1162 3526 1310 3599; x_wconf 85' lang='lat' dir='ltr'>Sanctae</span> <span class='ocrx_word' id='word_1_92' title='bbox 1329 3526 1450 3600; x_wconf 85' lang='lat' dir='ltr'>Crucis</span> <span class='ocrx_word' id='word_1_93' title='bbox 1478 3527 1607 3606; x_wconf 80' lang='lat' dir='ltr'>Calvi</span> <span class='ocrx_word' id='word_1_94' title='bbox 1635 3528 1811 3617; x_wconf 80' lang='lat' dir='ltr'>Montis,</span> 
     </span>
     <span class='ocr_line' id='line_1_15' title="bbox 262 3628 1811 3745; baseline 0 -20"><span class='ocrx_word' id='word_1_95' title='bbox 262 3654 360 3727; x_wconf 82' lang='lat' dir='ltr'>cuius</span> <span class='ocrx_word' id='word_1_96' title='bbox 386 3651 539 3725; x_wconf 84' lang='lat' dir='ltr'>decimae</span> <span class='ocrx_word' id='word_1_97' title='bbox 567 3650 664 3721; x_wconf 87' lang='lat' dir='ltr'>valor</span> <span class='ocrx_word' id='word_1_98' title='bbox 691 3647 896 3719; x_wconf 85' lang='lat' dir='ltr'>aestimatur·</span> <span class='ocrx_word' id='word_1_99' title='bbox 923 3647 967 3719; x_wconf 89' lang='lat' dir='ltr'>ad</span> <span class='ocrx_word' id='word_1_100' title='bbox 986 3701 994 3719; x_wconf 88' lang='lat'><strong>.</strong></span> <span class='ocrx_word' id='word_1_101' title='bbox 1066 3701 1074 3719; x_wconf 94' lang='lat'><strong>.</strong></span> <span class='ocrx_word' id='word_1_102' title='bbox 1094 3646 1197 3733; x_wconf 80' lang='lat' dir='ltr'>¹item</span> <span class='ocrx_word' id='word_1_103' title='bbox 1224 3647 1381 3745; x_wconf 81' lang='lat' dir='ltr'>taberna,</span> <span class='ocrx_word' id='word_1_104' title='bbox 1407 3649 1491 3722; x_wconf 86' lang='lat' dir='ltr'>item</span> <span class='ocrx_word' id='word_1_105' title='bbox 1518 3650 1711 3741; x_wconf 71' lang='lat' dir='ltr'>domnioni,</span> <span class='ocrx_word' id='word_1_106' title='bbox 1737 3628 1811 3725; x_wconf 85' lang='lat' dir='ltr'>italu</span> 
     </span>
     <span class='ocr_line' id='line_1_16' title="bbox 262 3749 1812 3871; baseline -0.001 -23"><span class='ocrx_word' id='word_1_107' title='bbox 262 3749 441 3867; x_wconf 84' lang='lat' dir='ltr'>praedium</span> <span class='ocrx_word' id='word_1_108' title='bbox 469 3792 573 3843; x_wconf 91' lang='lat' dir='ltr'>unum</span> <span class='ocrx_word' id='word_1_109' title='bbox 602 3769 768 3871; x_wconf 85' lang='lat' dir='ltr'>militare,</span> <span class='ocrx_word' id='word_1_110' title='bbox 793 3768 840 3842; x_wconf 91' lang='lat' dir='ltr'>de</span> <span class='ocrx_word' id='word_1_111' title='bbox 858 3769 955 3843; x_wconf 86' lang='lat' dir='ltr'>cuius</span> <span class='ocrx_word' id='word_1_112' title='bbox 974 3759 1281 3862; x_wconf 68' lang='lat' dir='ltr'>agria&#39;decimatur</span> <span class='ocrx_word' id='word_1_113' title='bbox 1298 3770 1464 3869; x_wconf 81' lang='lat' dir='ltr'>ecclesiae</span> <span class='ocrx_word' id='word_1_114' title='bbox 1490 3771 1526 3843; x_wconf 93' lang='lat' dir='ltr'>in</span> <span class='ocrx_word' id='word_1_115' title='bbox 1546 3770 1812 3865; x_wconf 81' lang='lat' dir='ltr'>Glodnycza</span> 
     </span>
     <span class='ocr_line' id='line_1_17' title="bbox 259 3891 1812 3988; baseline -0.001 -19"><span class='ocrx_word' id='word_1_116' title='bbox 259 3896 348 3968; x_wconf 55' lang='lat' dir='ltr'>*Item</span> <span class='ocrx_word' id='word_1_117' title='bbox 376 3893 522 3967; x_wconf 87' lang='lat' dir='ltr'>ecclesia</span> <span class='ocrx_word' id='word_1_118' title='bbox 549 3899 584 3963; x_wconf 91' lang='lat' dir='ltr'>et</span> <span class='ocrx_word' id='word_1_119' title='bbox 611 3892 778 3982; x_wconf 87' lang='lat' dir='ltr'>plebanus</span> <span class='ocrx_word' id='word_1_120' title='bbox 805 3891 879 3962; x_wconf 84' lang='lat' dir='ltr'>eius</span> <span class='ocrx_word' id='word_1_121' title='bbox 906 3891 1013 3964; x_wconf 90' lang='lat' dir='ltr'>habet</span> <span class='ocrx_word' id='word_1_122' title='bbox 1038 3892 1203 3988; x_wconf 85' lang='lat' dir='ltr'>proprios</span> <span class='ocrx_word' id='word_1_123' title='bbox 1230 3913 1335 3984; x_wconf 80' lang='lat' dir='ltr'>agros</span> <span class='ocrx_word' id='word_1_124' title='bbox 1361 3897 1398 3965; x_wconf 90' lang='lat' dir='ltr'>et</span> <span class='ocrx_word' id='word_1_125' title='bbox 1424 3898 1542 3983; x_wconf 85' lang='lat' dir='ltr'>prata,</span> <span class='ocrx_word' id='word_1_126' title='bbox 1570 3915 1636 3984; x_wconf 92' lang='lat' dir='ltr'>pro</span> <span class='ocrx_word' id='word_1_127' title='bbox 1664 3915 1729 3968; x_wconf 88' lang='lat' dir='ltr'>sue</span> <span class='ocrx_word' id='word_1_128' title='bbox 1753 3917 1812 3968; x_wconf 80' lang='lat' dir='ltr'>nro</span> 
     </span>
     <span class='ocr_line' id='line_1_18' title="bbox 261 4013 1812 4105; baseline -0.001 -14"><span class='ocrx_word' id='word_1_129' title='bbox 261 4026 297 4091; x_wconf 92' lang='lat' dir='ltr'>et</span> <span class='ocrx_word' id='word_1_130' title='bbox 324 4016 541 4091; x_wconf 88' lang='lat' dir='ltr'>necessitate.</span> <span class='ocrx_word' id='word_1_131' title='bbox 566 4013 670 4086; x_wconf 80' lang='lat' dir='ltr'>&#39;Item</span> <span class='ocrx_word' id='word_1_132' title='bbox 697 4014 803 4086; x_wconf 89' lang='lat' dir='ltr'>habet</span> <span class='ocrx_word' id='word_1_133' title='bbox 835 4013 1006 4105; x_wconf 79' lang='lat' dir='ltr'>,piscinam</span> <span class='ocrx_word' id='word_1_134' title='bbox 1042 4015 1078 4085; x_wconf 93' lang='lat' dir='ltr'>in</span> <span class='ocrx_word' id='word_1_135' title='bbox 1105 4020 1263 4087; x_wconf 85' lang='lat' dir='ltr'>torrente</span> <span class='ocrx_word' id='word_1_136' title='bbox 1291 4014 1326 4095; x_wconf 89' lang='lat' dir='ltr'>in</span> <span class='ocrx_word' id='word_1_137' title='bbox 1353 4013 1572 4088; x_wconf 86' lang='lat' dir='ltr'>haereditate</span> <span class='ocrx_word' id='word_1_138' title='bbox 1610 4014 1812 4091; x_wconf 74' lang='lat' dir='ltr'>Wronor</span> 
     </span>
     <span class='ocr_line' id='line_1_19' title="bbox 261 4131 1812 4231; baseline -0.001 -19"><span class='ocrx_word' id='word_1_139' title='bbox 261 4147 297 4213; x_wconf 92' lang='lat' dir='ltr'>et</span> <span class='ocrx_word' id='word_1_140' title='bbox 323 4143 468 4215; x_wconf 84' lang='lat' dir='ltr'>vocatur</span> <span class='ocrx_word' id='word_1_141' title='bbox 496 4133 682 4210; x_wconf 85' lang='lat' dir='ltr'>Boroni</span> <span class='ocrx_word' id='word_1_142' title='bbox 708 4131 833 4206; x_wconf 83' lang='lat' dir='ltr'>stau.</span> <span class='ocrx_word' id='word_1_143' title='bbox 873 4135 959 4208; x_wconf 87' lang='lat' dir='ltr'>Item</span> <span class='ocrx_word' id='word_1_144' title='bbox 996 4136 1031 4207; x_wconf 92' lang='lat' dir='ltr'>in</span> <span class='ocrx_word' id='word_1_145' title='bbox 1059 4133 1191 4231; x_wconf 80' lang='lat' dir='ltr'>eadem¹</span> <span class='ocrx_word' id='word_1_146' title='bbox 1215 4134 1432 4209; x_wconf 82' lang='lat' dir='ltr'>haereditate</span> <span class='ocrx_word' id='word_1_147' title='bbox 1467 4135 1681 4208; x_wconf 83' lang='lat' dir='ltr'>Wronow</span> <span class='ocrx_word' id='word_1_148' title='bbox 1714 4139 1812 4211; x_wconf 79' lang='lat' dir='ltr'>habet</span> 
     </span>
     <span class='ocr_line' id='line_1_20' title="bbox 261 4254 1810 4354; baseline -0.001 -20"><span class='ocrx_word' id='word_1_149' title='bbox 261 4283 381 4352; x_wconf 75' lang='lat' dir='ltr'>agrurn</span> <span class='ocrx_word' id='word_1_150' title='bbox 410 4259 452 4332; x_wconf 91' lang='lat' dir='ltr'>de</span> <span class='ocrx_word' id='word_1_151' title='bbox 471 4257 584 4331; x_wconf 88' lang='lat' dir='ltr'>medio</span> <span class='ocrx_word' id='word_1_152' title='bbox 604 4256 715 4328; x_wconf 89' lang='lat' dir='ltr'>altere</span> <span class='ocrx_word' id='word_1_153' title='bbox 733 4255 844 4348; x_wconf 88' lang='lat' dir='ltr'>laneo,</span> <span class='ocrx_word' id='word_1_154' title='bbox 872 4257 939 4330; x_wconf 89' lang='lat' dir='ltr'>sibi</span> <span class='ocrx_word' id='word_1_155' title='bbox 958 4277 1020 4350; x_wconf 85' lang='lat' dir='ltr'>per</span> <span class='ocrx_word' id='word_1_156' title='bbox 1037 4254 1213 4350; x_wconf 75' lang='lat' dir='ltr'>praelator</span> <span class='ocrx_word' id='word_1_157' title='bbox 1230 4260 1398 4351; x_wconf 79' lang='lat' dir='ltr'>patronos</span> <span class='ocrx_word' id='word_1_158' title='bbox 1424 4255 1810 4354; x_wconf 72' lang='lat' dir='ltr'>Maezeyowslrya</span> 
     </span>
     <span class='ocr_line' id='line_1_21' title="bbox 261 4368 1130 4477; baseline -0.002 -24"><span class='ocrx_word' id='word_1_159' title='bbox 261 4383 359 4455; x_wconf 88' lang='lat' dir='ltr'>iuxta</span> <span class='ocrx_word' id='word_1_160' title='bbox 386 4380 513 4477; x_wconf 76' lang='lat' dir='ltr'>limites</span> <span class='ocrx_word' id='word_1_161' title='bbox 541 4378 584 4451; x_wconf 89' lang='lat' dir='ltr'>dc</span> <span class='ocrx_word' id='word_1_162' title='bbox 610 4368 763 4450; x_wconf 84' lang='lat' dir='ltr'>lezen</span> <span class='ocrx_word' id='word_1_163' title='bbox 790 4378 928 4451; x_wconf 80' lang='lat' dir='ltr'>noviter</span> <span class='ocrx_word' id='word_1_164' title='bbox 955 4378 1130 4453; x_wconf 89' lang='lat' dir='ltr'>denatum.</span> 
     </span>
    </p>

    <p class='ocr_par' dir='ltr' id='par_1_4' title="bbox 365 4500 1674 4594">
     <span class='ocr_line' id='line_1_22' title="bbox 365 4500 1674 4594; baseline 0 -20"><span class='ocrx_word' id='word_1_165' title='bbox 365 4500 622 4590; x_wconf 81' lang='lat' dir='ltr'>Maezrsnan,</span> <span class='ocrx_word' id='word_1_166' title='bbox 649 4500 733 4572; x_wconf 85' lang='lat' dir='ltr'>villa</span> <span class='ocrx_word' id='word_1_167' title='bbox 760 4500 823 4572; x_wconf 88' lang='lat' dir='ltr'>sub</span> <span class='ocrx_word' id='word_1_168' title='bbox 851 4501 1017 4591; x_wconf 88' lang='lat' dir='ltr'>parochia</span> <span class='ocrx_word' id='word_1_169' title='bbox 1044 4501 1087 4574; x_wconf 89' lang='lat' dir='ltr'>de</span> <span class='ocrx_word' id='word_1_170' title='bbox 1114 4501 1388 4594; x_wconf 81' lang='lat' dir='ltr'>Ohodnycza</span> <span class='ocrx_word' id='word_1_171' title='bbox 1415 4502 1502 4591; x_wconf 87' lang='lat' dir='ltr'>sita,</span> <span class='ocrx_word' id='word_1_172' title='bbox 1530 4557 1674 4574; x_wconf 91' lang='grc'><strong>......</strong></span> 
     </span>
    </p>

    <p class='ocr_par' dir='ltr' id='par_1_5' title="bbox 259 4621 1810 5081">
     <span class='ocr_line' id='line_1_23' title="bbox 364 4621 1809 4715; baseline 0.005 -22"><span class='ocrx_word' id='word_1_173' title='bbox 364 4623 557 4712; x_wconf 77' lang='lat' dir='ltr'>Waouen,</span> <span class='ocrx_word' id='word_1_174' title='bbox 586 4621 668 4694; x_wconf 77' lang='lat' dir='ltr'>villa</span> <span class='ocrx_word' id='word_1_175' title='bbox 686 4622 750 4693; x_wconf 91' lang='lat' dir='ltr'>sub</span> <span class='ocrx_word' id='word_1_176' title='bbox 768 4622 933 4712; x_wconf 85' lang='lat' dir='ltr'>parochia</span> <span class='ocrx_word' id='word_1_177' title='bbox 951 4623 994 4694; x_wconf 86' lang='lat' dir='ltr'>de</span> <span class='ocrx_word' id='word_1_178' title='bbox 1018 4623 1282 4715; x_wconf 83' lang='lat' dir='ltr'>Clodnycza</span> <span class='ocrx_word' id='word_1_179' title='bbox 1307 4625 1390 4714; x_wconf 88' lang='lat' dir='ltr'>sita,</span> <span class='ocrx_word' id='word_1_180' title='bbox 1417 4625 1515 4697; x_wconf 91' lang='lat' dir='ltr'>cuius</span> <span class='ocrx_word' id='word_1_181' title='bbox 1534 4625 1706 4700; x_wconf 89' lang='lat' dir='ltr'>haeredes</span> <span class='ocrx_word' id='word_1_182' title='bbox 1724 4628 1809 4700; x_wconf 84' lang='lat' dir='ltr'>vide·</span> 
     </span>
     <span class='ocr_line' id='line_1_24' title="bbox 266 4742 1810 4840; baseline 0.002 -22"><span class='ocrx_word' id='word_1_183' title='bbox 266 4747 346 4818; x_wconf 82' lang='lat' dir='ltr'>licet</span> <span class='ocrx_word' id='word_1_184' title='bbox 364 4745 571 4833; x_wconf 66' lang='lat' dir='ltr'>dobeslaus,</span> <span class='ocrx_word' id='word_1_185' title='bbox 600 4743 758 4815; x_wconf 78' lang='lat' dir='ltr'>Andreas</span> <span class='ocrx_word' id='word_1_186' title='bbox 786 4750 822 4814; x_wconf 91' lang='lat' dir='ltr'>et</span> <span class='ocrx_word' id='word_1_187' title='bbox 840 4742 996 4835; x_wconf 85' lang='lat' dir='ltr'>Zegotha</span> <span class='ocrx_word' id='word_1_188' title='bbox 1014 4745 1147 4817; x_wconf 89' lang='lat' dir='ltr'>nobiles</span> <span class='ocrx_word' id='word_1_189' title='bbox 1166 4745 1208 4817; x_wconf 91' lang='lat' dir='ltr'>de</span> <span class='ocrx_word' id='word_1_190' title='bbox 1237 4745 1343 4817; x_wconf 85' lang='lat' dir='ltr'>armis</span> <span class='ocrx_word' id='word_1_191' title='bbox 1362 4746 1653 4836; x_wconf 88' lang='lat' dir='ltr'>Bippennium.</span> <span class='ocrx_word' id='word_1_192' title='bbox 1694 4749 1734 4821; x_wconf 93' lang='lat' dir='ltr'>ln</span> <span class='ocrx_word' id='word_1_193' title='bbox 1751 4771 1810 4840; x_wconf 82' lang='lat' dir='ltr'>qua</span> 
     </span>
     <span class='ocr_line' id='line_1_25' title="bbox 259 4865 1809 4959; baseline 0.001 -20"><span class='ocrx_word' id='word_1_194' title='bbox 259 4869 349 4941; x_wconf 92' lang='lat' dir='ltr'>lanei</span> <span class='ocrx_word' id='word_1_195' title='bbox 378 4866 630 4954; x_wconf 75' lang='lat' dir='ltr'>carretlmnaleS,</span> <span class='ocrx_word' id='word_1_196' title='bbox 667 4865 709 4939; x_wconf 86' lang='lat' dir='ltr'>de</span> <span class='ocrx_word' id='word_1_197' title='bbox 738 4865 862 4957; x_wconf 82' lang='lat' dir='ltr'>quous</span> <span class='ocrx_word' id='word_1_198' title='bbox 890 4865 1036 4940; x_wconf 86' lang='lat' dir='ltr'>solvitur</span> <span class='ocrx_word' id='word_1_199' title='bbox 1072 4874 1108 4938; x_wconf 89' lang='lat' dir='ltr'>et</span> <span class='ocrx_word' id='word_1_200' title='bbox 1136 4867 1340 4940; x_wconf 86' lang='lat' dir='ltr'>conducitur</span> <span class='ocrx_word' id='word_1_201' title='bbox 1367 4867 1500 4956; x_wconf 87' lang='lat' dir='ltr'>decima</span> <span class='ocrx_word' id='word_1_202' title='bbox 1527 4869 1755 4959; x_wconf 89' lang='lat' dir='ltr'>manipularis</span> <span class='ocrx_word' id='word_1_203' title='bbox 1778 4879 1809 4940; x_wconf 89' lang='lat' dir='ltr'>et</span> 
     </span>
     <span class='ocr_line' id='line_1_26' title="bbox 260 4984 1535 5081; baseline -0.001 -20"><span class='ocrx_word' id='word_1_204' title='bbox 260 4990 434 5081; x_wconf 83' lang='lat' dir='ltr'>eairapalis</span> <span class='ocrx_word' id='word_1_205' title='bbox 462 4988 627 5061; x_wconf 85' lang='lat' dir='ltr'>ecclesiae</span> <span class='ocrx_word' id='word_1_206' title='bbox 653 4987 689 5059; x_wconf 93' lang='lat' dir='ltr'>in</span> <span class='ocrx_word' id='word_1_207' title='bbox 717 4984 1000 5079; x_wconf 61' lang='lat' dir='ltr'>Oloduyczm</span> <span class='ocrx_word' id='word_1_208' title='bbox 1028 4990 1125 5074; x_wconf 85' lang='lat' dir='ltr'>cuius</span> <span class='ocrx_word' id='word_1_209' title='bbox 1145 4989 1241 5061; x_wconf 91' lang='lat' dir='ltr'>valor</span> <span class='ocrx_word' id='word_1_210' title='bbox 1260 4989 1464 5061; x_wconf 89' lang='lat' dir='ltr'>aestimatur</span> <span class='ocrx_word' id='word_1_211' title='bbox 1490 4989 1535 5061; x_wconf 93' lang='lat' dir='ltr'>ad</span> 
     </span>
    </p>

    <p class='ocr_par' dir='ltr' id='par_1_6' title="bbox 255 5108 1813 6175">
     <span class='ocr_line' id='line_1_27' title="bbox 367 5108 1809 5219; baseline 0.002 -37"><span class='ocrx_word' id='word_1_212' title='bbox 367 5109 524 5199; x_wconf 80' lang='lat' dir='ltr'>(lunen,</span> <span class='ocrx_word' id='word_1_213' title='bbox 552 5109 635 5182; x_wconf 82' lang='lat' dir='ltr'>villa</span> <span class='ocrx_word' id='word_1_214' title='bbox 663 5109 727 5181; x_wconf 89' lang='lat' dir='ltr'>sub</span> <span class='ocrx_word' id='word_1_215' title='bbox 745 5108 911 5219; x_wconf 76' lang='lat' dir='ltr'>parochia</span> <span class='ocrx_word' id='word_1_216' title='bbox 939 5109 981 5182; x_wconf 91' lang='lat' dir='ltr'>de</span> <span class='ocrx_word' id='word_1_217' title='bbox 1001 5109 1263 5202; x_wconf 83' lang='lat' dir='ltr'>Olodnycza</span> <span class='ocrx_word' id='word_1_218' title='bbox 1289 5110 1367 5200; x_wconf 79' lang='lat' dir='ltr'>sita,</span> <span class='ocrx_word' id='word_1_219' title='bbox 1394 5111 1491 5183; x_wconf 88' lang='lat' dir='ltr'>cuius</span> <span class='ocrx_word' id='word_1_220' title='bbox 1518 5111 1692 5185; x_wconf 69' lang='lat' dir='ltr'>haeredesv</span> <span class='ocrx_word' id='word_1_221' title='bbox 1715 5135 1809 5204; x_wconf 90' lang='lat' dir='ltr'>prae·</span> 
     </span>
     <span class='ocr_line' id='line_1_28' title="bbox 260 5214 1809 5323; baseline 0.001 -17"><span class='ocrx_word' id='word_1_222' title='bbox 260 5233 320 5306; x_wconf 86' lang='lat' dir='ltr'>lati</span> <span class='ocrx_word' id='word_1_223' title='bbox 340 5231 523 5323; x_wconf 76' lang='lat' dir='ltr'>llaczey</span> <span class='ocrx_word' id='word_1_224' title='bbox 535 5254 554 5304; x_wconf 89' lang='lat' dir='ltr'>o</span> <span class='ocrx_word' id='word_1_225' title='bbox 567 5252 711 5322; x_wconf 71' lang='lat' dir='ltr'>aasezp</span> <span class='ocrx_word' id='word_1_226' title='bbox 730 5231 893 5303; x_wconf 90' lang='lat' dir='ltr'>dedomo</span> <span class='ocrx_word' id='word_1_227' title='bbox 913 5230 1176 5304; x_wconf 90' lang='lat' dir='ltr'>Taurorum.</span> <span class='ocrx_word' id='word_1_228' title='bbox 1216 5232 1256 5302; x_wconf 92' lang='lat' dir='ltr'>In</span> <span class='ocrx_word' id='word_1_229' title='bbox 1276 5252 1344 5322; x_wconf 81' lang='lat' dir='ltr'>qua</span> <span class='ocrx_word' id='word_1_230' title='bbox 1363 5238 1444 5304; x_wconf 86' lang='lat' dir='ltr'>sunt</span> <span class='ocrx_word' id='word_1_231' title='bbox 1461 5232 1553 5305; x_wconf 87' lang='lat' dir='ltr'>lanei</span> <span class='ocrx_word' id='word_1_232' title='bbox 1571 5214 1809 5319; x_wconf 69' lang='lat' dir='ltr'>¹emethonalea</span> 
     </span>
     <span class='ocr_line' id='line_1_29' title="bbox 258 5351 1810 5444; baseline 0.001 -19"><span class='ocrx_word' id='word_1_233' title='bbox 258 5354 300 5425; x_wconf 78' lang='lat' dir='ltr'>cle</span> <span class='ocrx_word' id='word_1_234' title='bbox 320 5374 465 5443; x_wconf 82' lang='lat' dir='ltr'>quorum</span> <span class='ocrx_word' id='word_1_235' title='bbox 492 5353 678 5427; x_wconf 86' lang='lat' dir='ltr'>medietate</span> <span class='ocrx_word' id='word_1_236' title='bbox 706 5351 839 5424; x_wconf 88' lang='lat' dir='ltr'>decima</span> <span class='ocrx_word' id='word_1_237' title='bbox 865 5353 1091 5444; x_wconf 87' lang='lat' dir='ltr'>manipularis</span> <span class='ocrx_word' id='word_1_238' title='bbox 1118 5362 1155 5426; x_wconf 88' lang='lat' dir='ltr'>et</span> <span class='ocrx_word' id='word_1_239' title='bbox 1177 5352 1352 5444; x_wconf 84' lang='lat' dir='ltr'>canapalis</span> <span class='ocrx_word' id='word_1_240' title='bbox 1380 5353 1526 5426; x_wconf 85' lang='lat' dir='ltr'>solvitur</span> <span class='ocrx_word' id='word_1_241' title='bbox 1554 5361 1590 5426; x_wconf 87' lang='lat' dir='ltr'>et</span> <span class='ocrx_word' id='word_1_242' title='bbox 1612 5356 1810 5430; x_wconf 89' lang='lat' dir='ltr'>conducitur</span> 
     </span>
     <span class='ocr_line' id='line_1_30' title="bbox 259 5473 1813 5563; baseline 0.003 -18"><span class='ocrx_word' id='word_1_243' title='bbox 259 5473 470 5546; x_wconf 82' lang='lat' dir='ltr'>nrorrasterio</span> <span class='ocrx_word' id='word_1_244' title='bbox 499 5474 645 5544; x_wconf 77' lang='lat' dir='ltr'>Sanctae</span> <span class='ocrx_word' id='word_1_245' title='bbox 673 5473 809 5563; x_wconf 77' lang='lat' dir='ltr'>Gracia,</span> <span class='ocrx_word' id='word_1_246' title='bbox 843 5480 879 5544; x_wconf 92' lang='lat' dir='ltr'>et</span> <span class='ocrx_word' id='word_1_247' title='bbox 906 5475 1004 5545; x_wconf 86' lang='lat' dir='ltr'>valor</span> <span class='ocrx_word' id='word_1_248' title='bbox 1031 5475 1105 5546; x_wconf 89' lang='lat' dir='ltr'>eius</span> <span class='ocrx_word' id='word_1_249' title='bbox 1138 5475 1342 5547; x_wconf 89' lang='lat' dir='ltr'>aestimatur</span> <span class='ocrx_word' id='word_1_250' title='bbox 1369 5475 1413 5545; x_wconf 88' lang='lat' dir='ltr'>ad</span> <span class='ocrx_word' id='word_1_251' title='bbox 1441 5529 1609 5546; x_wconf 91' lang='grc'><strong>.......</strong></span> <span class='ocrx_word' id='word_1_252' title='bbox 1637 5474 1682 5548; x_wconf 90' lang='lat' dir='ltr'>de</span> <span class='ocrx_word' id='word_1_253' title='bbox 1709 5477 1813 5549; x_wconf 75' lang='lat' dir='ltr'>altera</span> 
     </span>
     <span class='ocr_line' id='line_1_31' title="bbox 259 5594 1812 5688; baseline 0.002 -20"><span class='ocrx_word' id='word_1_254' title='bbox 259 5617 341 5670; x_wconf 79' lang='lat' dir='ltr'>reru</span> <span class='ocrx_word' id='word_1_255' title='bbox 369 5597 553 5671; x_wconf 85' lang='lat' dir='ltr'>medietate</span> <span class='ocrx_word' id='word_1_256' title='bbox 582 5594 729 5666; x_wconf 83' lang='lat' dir='ltr'>solvitur·</span> <span class='ocrx_word' id='word_1_257' title='bbox 755 5615 819 5685; x_wconf 86' lang='lat' dir='ltr'>pro</span> <span class='ocrx_word' id='word_1_258' title='bbox 838 5596 1000 5687; x_wconf 85' lang='lat' dir='ltr'>episcopo</span> <span class='ocrx_word' id='word_1_259' title='bbox 1024 5595 1259 5688; x_wconf 81' lang='lat' dir='ltr'>Gracoviensi‚</span> <span class='ocrx_word' id='word_1_260' title='bbox 1287 5598 1384 5687; x_wconf 71' lang='lat' dir='ltr'>cuiue</span> <span class='ocrx_word' id='word_1_261' title='bbox 1412 5597 1509 5669; x_wconf 90' lang='lat' dir='ltr'>valor</span> <span class='ocrx_word' id='word_1_262' title='bbox 1539 5599 1749 5672; x_wconf 74' lang='lat' dir='ltr'>aestimatur</span> <span class='ocrx_word' id='word_1_263' title='bbox 1773 5599 1812 5669; x_wconf 83' lang='lat' dir='ltr'>ad</span> 
     </span>
     <span class='ocr_line' id='line_1_32' title="bbox 256 5702 1810 5811; baseline 0.001 -21"><span class='ocrx_word' id='word_1_264' title='bbox 256 5774 396 5790; x_wconf 88' lang='grc'><strong>......</strong></span> <span class='ocrx_word' id='word_1_265' title='bbox 438 5719 524 5791; x_wconf 84' lang='lat' dir='ltr'>ltam</span> <span class='ocrx_word' id='word_1_266' title='bbox 548 5725 629 5789; x_wconf 87' lang='lat' dir='ltr'>sunt</span> <span class='ocrx_word' id='word_1_267' title='bbox 655 5718 703 5790; x_wconf 90' lang='lat' dir='ltr'>ibi</span> <span class='ocrx_word' id='word_1_268' title='bbox 732 5717 799 5791; x_wconf 92' lang='lat' dir='ltr'>duo</span> <span class='ocrx_word' id='word_1_269' title='bbox 827 5717 977 5809; x_wconf 89' lang='lat' dir='ltr'>nobiles,</span> <span class='ocrx_word' id='word_1_270' title='bbox 1005 5718 1048 5791; x_wconf 86' lang='lat' dir='ltr'>de</span> <span class='ocrx_word' id='word_1_271' title='bbox 1068 5739 1213 5811; x_wconf 88' lang='lat' dir='ltr'>quorum</span> <span class='ocrx_word' id='word_1_272' title='bbox 1241 5702 1336 5810; x_wconf 76' lang='lat' dir='ltr'>agris</span> <span class='ocrx_word' id='word_1_273' title='bbox 1364 5718 1556 5791; x_wconf 86' lang='lat' dir='ltr'>decimatur</span> <span class='ocrx_word' id='word_1_274' title='bbox 1584 5721 1754 5803; x_wconf 83' lang='lat' dir='ltr'>eeclesiae</span> <span class='ocrx_word' id='word_1_275' title='bbox 1779 5722 1810 5792; x_wconf 90' lang='lat' dir='ltr'>in</span> 
     </span>
     <span class='ocr_line' id='line_1_33' title="bbox 257 5816 1812 5933; baseline 0 -20"><span class='ocrx_word' id='word_1_276' title='bbox 257 5816 535 5933; x_wconf 68' lang='lat' dir='ltr'>tllodnycza,</span> <span class='ocrx_word' id='word_1_277' title='bbox 572 5846 608 5911; x_wconf 85' lang='lat' dir='ltr'>et</span> <span class='ocrx_word' id='word_1_278' title='bbox 626 5840 724 5910; x_wconf 76' lang='lat' dir='ltr'>calor</span> <span class='ocrx_word' id='word_1_279' title='bbox 751 5839 825 5910; x_wconf 87' lang='lat' dir='ltr'>eius</span> <span class='ocrx_word' id='word_1_280' title='bbox 852 5841 1057 5912; x_wconf 89' lang='lat' dir='ltr'>aestimatur</span> <span class='ocrx_word' id='word_1_281' title='bbox 1083 5840 1128 5911; x_wconf 87' lang='lat' dir='ltr'>ad</span> <span class='ocrx_word' id='word_1_282' title='bbox 1155 5895 1269 5911; x_wconf 88' lang='grc'><strong>.....</strong></span> <span class='ocrx_word' id='word_1_283' title='bbox 1310 5841 1396 5912; x_wconf 81' lang='lat' dir='ltr'>Item</span> <span class='ocrx_word' id='word_1_284' title='bbox 1425 5846 1477 5910; x_wconf 84' lang='lat' dir='ltr'>est</span> <span class='ocrx_word' id='word_1_285' title='bbox 1507 5840 1556 5911; x_wconf 92' lang='lat' dir='ltr'>ibi</span> <span class='ocrx_word' id='word_1_286' title='bbox 1582 5861 1690 5912; x_wconf 90' lang='lat' dir='ltr'>unum</span> <span class='ocrx_word' id='word_1_287' title='bbox 1718 5863 1812 5933; x_wconf 87' lang='lat' dir='ltr'>prae-</span> 
     </span>
     <span class='ocr_line' id='line_1_34' title="bbox 255 5961 1813 6056; baseline 0 -22"><span class='ocrx_word' id='word_1_288' title='bbox 255 5965 362 6051; x_wconf 88' lang='lat' dir='ltr'>dimn,</span> <span class='ocrx_word' id='word_1_289' title='bbox 382 5963 424 6035; x_wconf 89' lang='lat' dir='ltr'>da</span> <span class='ocrx_word' id='word_1_290' title='bbox 439 5985 506 6053; x_wconf 87' lang='lat' dir='ltr'>quo</span> <span class='ocrx_word' id='word_1_291' title='bbox 522 5962 653 6033; x_wconf 84' lang='lat' dir='ltr'>decima</span> <span class='ocrx_word' id='word_1_292' title='bbox 669 5961 773 6034; x_wconf 73' lang='lat' dir='ltr'>alatur</span> <span class='ocrx_word' id='word_1_293' title='bbox 788 5981 856 6034; x_wconf 89' lang='lat' dir='ltr'>uuo</span> <span class='ocrx_word' id='word_1_294' title='bbox 875 5982 965 6035; x_wconf 81' lang='lat' dir='ltr'>auaro</span> <span class='ocrx_word' id='word_1_295' title='bbox 985 5961 1149 6035; x_wconf 84' lang='lat' dir='ltr'>eeclesiae</span> <span class='ocrx_word' id='word_1_296' title='bbox 1168 5963 1203 6033; x_wconf 93' lang='lat' dir='ltr'>in</span> <span class='ocrx_word' id='word_1_297' title='bbox 1222 5963 1366 6035; x_wconf 74' lang='lat' dir='ltr'>t&#39;lodn</span> <span class='ocrx_word' id='word_1_298' title='bbox 1376 5988 1397 6056; x_wconf 73' lang='lat' dir='ltr'>p</span> <span class='ocrx_word' id='word_1_299' title='bbox 1410 5986 1496 6054; x_wconf 77' lang='lat' dir='ltr'>cra,</span> <span class='ocrx_word' id='word_1_300' title='bbox 1519 5965 1638 6037; x_wconf 80' lang='lat' dir='ltr'>altero</span> <span class='ocrx_word' id='word_1_301' title='bbox 1650 5964 1813 6037; x_wconf 85' lang='lat' dir='ltr'>ecclesiae</span> 
     </span>
     <span class='ocr_line' id='line_1_35' title="bbox 256 6084 1643 6175; baseline -0.012 -18"><span class='ocrx_word' id='word_1_302' title='bbox 256 6087 289 6157; x_wconf 86' lang='lat' dir='ltr'>in</span> <span class='ocrx_word' id='word_1_303' title='bbox 319 6084 642 6175; x_wconf 71' lang='lat' dir='ltr'>liosrnyszen.</span> <span class='ocrx_word' id='word_1_304' title='bbox 1633 6151 1643 6163; x_wconf 48' lang='lat'>‚</span> 
     </span>
    </p>

    <p class='ocr_par' dir='ltr' id='par_1_7' title="bbox 255 6204 1814 6541">
     <span class='ocr_line' id='line_1_36' title="bbox 361 6204 1814 6299; baseline 0 -21"><span class='ocrx_word' id='word_1_305' title='bbox 361 6205 653 6293; x_wconf 64' lang='lat' dir='ltr'>Cercasorum,</span> <span class='ocrx_word' id='word_1_306' title='bbox 683 6204 762 6276; x_wconf 83' lang='lat' dir='ltr'>rilla</span> <span class='ocrx_word' id='word_1_307' title='bbox 791 6207 854 6279; x_wconf 82' lang='lat' dir='ltr'>sub</span> <span class='ocrx_word' id='word_1_308' title='bbox 874 6206 1039 6297; x_wconf 85' lang='lat' dir='ltr'>parochia</span> <span class='ocrx_word' id='word_1_309' title='bbox 1067 6205 1109 6278; x_wconf 88' lang='lat' dir='ltr'>dc</span> <span class='ocrx_word' id='word_1_310' title='bbox 1128 6207 1388 6299; x_wconf 78' lang='lat' dir='ltr'>Clednycza</span> <span class='ocrx_word' id='word_1_311' title='bbox 1415 6210 1492 6296; x_wconf 78' lang='lat' dir='ltr'>sita,</span> <span class='ocrx_word' id='word_1_312' title='bbox 1520 6209 1618 6280; x_wconf 87' lang='lat' dir='ltr'>cuius</span> <span class='ocrx_word' id='word_1_313' title='bbox 1646 6208 1814 6280; x_wconf 78' lang='lat' dir='ltr'>haeredes</span> 
     </span>
     <span class='ocr_line' id='line_1_37' title="bbox 255 6328 1814 6421; baseline 0.001 -23"><span class='ocrx_word' id='word_1_314' title='bbox 255 6328 401 6417; x_wconf 80' lang='lat' dir='ltr'>praelati</span> <span class='ocrx_word' id='word_1_315' title='bbox 432 6328 814 6418; x_wconf 60' lang='lat' dir='ltr'>llaezepouacrp.</span> <span class='ocrx_word' id='word_1_316' title='bbox 855 6328 894 6397; x_wconf 92' lang='lat' dir='ltr'>lu</span> <span class='ocrx_word' id='word_1_317' title='bbox 914 6349 982 6418; x_wconf 87' lang='lat' dir='ltr'>qua</span> <span class='ocrx_word' id='word_1_318' title='bbox 1014 6336 1096 6399; x_wconf 82' lang='lat' dir='ltr'>saint</span> <span class='ocrx_word' id='word_1_319' title='bbox 1126 6328 1217 6400; x_wconf 81' lang='lat' dir='ltr'>larici</span> <span class='ocrx_word' id='word_1_320' title='bbox 1244 6329 1495 6418; x_wconf 74' lang='lat' dir='ltr'>emetlronale5‚</span> <span class='ocrx_word' id='word_1_321' title='bbox 1523 6330 1566 6399; x_wconf 90' lang='lat' dir='ltr'>de</span> <span class='ocrx_word' id='word_1_322' title='bbox 1595 6329 1724 6421; x_wconf 88' lang='lat' dir='ltr'>quibus</span> <span class='ocrx_word' id='word_1_323' title='bbox 1750 6328 1814 6400; x_wconf 88' lang='lat' dir='ltr'>sol·</span> 
     </span>
     <span class='ocr_line' id='line_1_38' title="bbox 256 6449 1809 6541; baseline 0.008 -28"><span class='ocrx_word' id='word_1_324' title='bbox 256 6451 349 6518; x_wconf 73' lang='lat' dir='ltr'>vitan</span> <span class='ocrx_word' id='word_1_325' title='bbox 376 6450 508 6521; x_wconf 82' lang='lat' dir='ltr'>declina</span> <span class='ocrx_word' id='word_1_326' title='bbox 536 6449 761 6541; x_wconf 82' lang='lat' dir='ltr'>nranipularis</span> <span class='ocrx_word' id='word_1_327' title='bbox 795 6458 830 6520; x_wconf 89' lang='lat' dir='ltr'>et</span> <span class='ocrx_word' id='word_1_328' title='bbox 859 6450 1033 6541; x_wconf 87' lang='lat' dir='ltr'>canapalis</span> <span class='ocrx_word' id='word_1_329' title='bbox 1060 6452 1271 6523; x_wconf 86' lang='lat' dir='ltr'>monasterio</span> <span class='ocrx_word' id='word_1_330' title='bbox 1304 6450 1451 6524; x_wconf 90' lang='lat' dir='ltr'>Sanctae</span> <span class='ocrx_word' id='word_1_331' title='bbox 1479 6449 1620 6540; x_wconf 87' lang='lat' dir='ltr'>Crucis,</span> <span class='ocrx_word' id='word_1_332' title='bbox 1647 6460 1687 6522; x_wconf 91' lang='lat' dir='ltr'>et</span> <span class='ocrx_word' id='word_1_333' title='bbox 1712 6451 1809 6528; x_wconf 86' lang='lat' dir='ltr'>valor</span> 
     </span>
    </p>
   </div>
   <div class='ocr_carea' id='block_1_2' title="bbox 0 0 2104 8342">
    <p class='ocr_par' dir='ltr' id='par_1_8' title="bbox 0 0 2104 8342">
     <span class='ocr_line' id='line_1_39' title="bbox 0 0 2104 8342; baseline 0 0"><span class='ocrx_word' id='word_1_334' title='bbox 0 0 2104 8342; x_wconf 95' lang='lat' dir='ltr'> </span> 
     </span>
    </p>
   </div>
  </div>
 </body>
</html>
