4200 8342
285 1625 358 1699 406

284 1841 319 1907 et
345 1835 471 1907 ibidem
498 1837 645 1923 pratum.
672 1829 758 1903 Item
785 1831 892 1903 hahet
919 1832 1086 1922 piscinam
1113 1837 1192 1903 ante
1218 1831 1407 1902 ecclesiam.
1434 1828 1522 1902 Item
1544 1830 1682 1904 invilla
1708 1828 1855 1916 Soza,

284 1977 448 2027 rzasza
474 1955 580 2025 habet
607 1953 773 2025 decimam
800 1953 1051 2043 manipularem
1078 1959 1159 2043 post
1186 1975 1289 2042 agros
1317 1953 1464 2042 scolteti,
1491 1954 1527 2023 iu
1555 1953 1674 2026 valore
1699 1952 1839 2025 merline

284 2098 428 2147 marcae.
455 2076 544 2147 Item
571 2076 607 2145 ln
626 2076 709 2147 villa
735 2075 1038 2165 Lyaskowka,
1067 2075 1130 2146 sub
1150 2075 1315 2165 parochia
1333 2075 1377 2146 de
1403 2072 1730 2164 Oporzisohow
1757 2075 1838 2166 sita,

283 2200 390 2270 habet
417 2198 584 2269 decimam
611 2196 861 2286 manipularem
897 2201 976 2287 post
1002 2217 1106 2287 agros
1133 2196 1287 2304 scolteti,
1315 2217 1404 2287 quae
1431 2197 1632 2269 aestImatur
1658 2196 1704 2268 ad
1729 2216 1839 2267 unum

286 2320 464 2396 fertonem.
490 2320 578 2390 Item
598 2319 633 2388 in
651 2317 1032 2410 villaOhrzastow
1058 2319 1122 2389 sub
1140 2318 1307 2407 parochia
1328 2317 1372 2388 do
1397 2315 1730 2408 Oporzisehorr
1757 2318 1838 2407 sita,

285 2442 393 2512 habet
419 2441 586 2512 decimam
613 2440 861 2529 manipularem
888 2445 970 2529 post
995 2460 1099 2529 agros
1126 2418 1340 2530 praediales,
1367 2440 1465 2510 onius
1492 2440 1591 2512 valor
1616 2438 1662 2512 ad
1687 2438 1839 2511 medinm

287 2583 438 2633 maroam
466 2561 678 2634 aestimatur.
705 2560 792 2631 Item
811 2562 846 2631 in
865 2560 948 2631 villa
973 2560 1212 2632 Zelazowa
1238 2559 1398 2650 Wolya
1426 2561 1532 2632 habet
1551 2559 1716 2632 decimam
1735 2581 1838 2651 prae-

289 2682 432 2771 dialem,
467 2682 503 2752 in
530 2681 648 2753 valore
674 2681 774 2752 unius
801 2680 957 2752 serlonis.
1000 2680 1088 2752 Item
1123 2681 1229 2753 habet
1264 2681 1484 2752 medietatem
1520 2679 1717 2769 molendini,
1744 2680 1839 2770 quod

288 2805 390 2875 situm
418 2809 473 2874 est
498 2803 532 2873 in
560 2802 779 2891 granioiebua
805 2801 924 2892 oppidi
951 2801 1123 2893 Zabno,
1150 2801 1193 2873 de
1220 2823 1288 2892 quo
1315 2802 1383 2873 sibi
1409 2821 1473 2892 pro
1500 2822 1605 2874 oensn
1632 2802 1842 2892 proveniunt

288 2925 412 3013 viginti
438 2924 561 3013 grossi.
606 2922 672 2994 Est
698 2924 803 2994 etlam
831 2924 924 2995 eirca
950 2923 1164 3014 praedictum
1192 2923 1424 2995 molendInum
1452 2943 1536 3012 ager
1563 2922 1769 3013 praediaIIs,
1795 2921 1857 2994 de·

224 3075 232 3085 s
291 3066 357 3136 quo
385 3045 532 3117 solvitur
558 3044 690 3116 decima
717 3044 942 3136 manipularis
968 3066 1032 3135 pro
1060 3043 1207 3117 ecclesia
1232 3045 1268 3115 in
1295 3042 1628 3135 Oporzisohow
1658 3045 1694 3115 in
1720 3043 1842 3115 valore

290 3167 393 3239 unius
418 3167 572 3239 fortunis.

296 3367 302 3383 ¹
394 3269 672 3378 Onnznsrnom,
712 3287 796 3359 villa
823 3287 887 3359 sub
914 3288 1081 3377 parochia
1115 3287 1281 3359 ecclesiae
1307 3286 1350 3358 de
1377 3285 1722 3377 Oporzyschow
1761 3285 1841 3377 sita,

291 3411 388 3496 ou'qus
423 3410 547 3480 haeres
585 3408 737 3478 Jacobus
773 3406 1203 3498 Oporzyschowshy
1238 3408 1324 3479 alias
1361 3407 1762 3498 Chransthowsky
1797 3408 1842 3478 de

291 3530 392 3600 domo
420 3529 762 3619 Sthrzogomya.
789 3529 829 3598 ln
858 3550 926 3618 qua
953 3535 1034 3600 sunt
1062 3529 1129 3600 duo
1156 3529 1248 3600 lanei
1276 3528 1593 3619 cmethonnle8,.de
1620 3530 1746 3619 quibus
1772 3529 1844 3600 sol·
1938 3565 1942 3574 ·

106 3739 110 3746 ¹
146 3737 150 3744 ¹
291 3651 386 3723 vitm·
413 3649 545 3720 decima
571 3649 796 3738 manipularis
824 3657 860 3720 et
886 3670 950 3740 per
976 3655 1127 3740 quatuor
1153 3650 1292 3740 ierugas
1320 3650 1494 3741 canopalis
1521 3649 1652 3722 decano
1680 3648 1843 3721 Grecovi-

128 3755 162 3812 -.2
294 3771 377 3860 ensi,
405 3771 501 3841 cuius
529 3771 626 3840 valor
653 3771 859 3842 aestimatur
876 3770 920 3842 ad
938 3771 1024 3841 duas
1051 3790 1195 3842 marcas.
1222 3771 1309 3842 Item
1328 3777 1383 3842 est
1409 3771 1457 3842 ibi
1480 3770 1659 3861 praedium
1679 3771 1841 3861 militare,

293 3892 335 3962 de
362 3892 460 3963 cuius
487 3892 581 3981 agris
609 3891 742 3963 decima
768 3893 916 3964 solvitur
934 3892 1109 3990 eoclosIae
1136 3898 1172 3963 et
1198 3891 1346 3982 plebano
1373 3893 1408 3963 in
1436 3890 1785 3982 Oporzyschow.

396 4013 670 4104 Lrnszrowun,
697 4014 781 4084 villa
806 4015 871 4085 sub
897 4015 1063 4103 parochia
1090 4012 1133 4084 do
1159 4012 1501 4105 Oporzyschow
1527 4014 1607 4103 sita,
1635 4014 1732 4085 colus
1759 4014 1844 4085 hae-

293 4156 349 4205 ros
375 4135 553 4205 Iohannes
579 4134 932 4225 Ra-bsohtinsky
959 4134 1003 4206 de
1031 4135 1132 4207 domo
1159 4134 1475 4225 Bippennium.
1501 4134 1541 4206 In
1569 4140 1737 4226 quaeunt
1757 4156 1845 4225 qua-

293 4262 374 4326 tuor
400 4275 477 4325 cum
504 4255 617 4325 medio
644 4256 736 4326 lanei
763 4256 1014 4347 cmothonales,
1056 4256 1099 4326 de
1132 4255 1255 4346 quibus
1291 4255 1424 4328 decima
1459 4256 1685 4347 manipularis
1719 4260 1756 4326 et
1781 4276 1847 4345 per

295 4382 443 4465 quatuor
471 4377 608 4465 ierugas
635 4376 810 4465 canapalis
839 4376 968 4447 decano
997 4375 1226 4466 cracoviensi,
1254 4383 1290 4448 et
1308 4377 1406 4449 valor
1423 4378 1499 4448 eius
1518 4377 1562 4449 ad
1586 4383 1734 4467 quatuor
1751 4398 1846 4466 mer-

295 4518 353 4567 oas
381 4497 593 4566 aestimatur.
620 4496 668 4566 Ilt
694 4497 776 4568 licet
802 4497 924 4568 haeres
950 4497 1043 4568 colat
1069 4497 1156 4569 duos
1181 4499 1301 4569 laneos
1328 4498 1571 4588 emethonales,
1596 4487 1701 4569 solvit
1725 4502 1845 4570 tameo

295 4618 461 4688 decimam
489 4617 531 4687 do
559 4617 688 4688 eisdem
714 4618 843 4690 decano
871 4620 907 4688 in
930 4615 1146 4714 pooitlnoom.
1172 4619 1260 4690 Item
1288 4625 1343 4691 est
1370 4619 1419 4689 ibi
1444 4640 1551 4691 unum
1577 4619 1771 4709 praedium,
1799 4617 1845 4690 de

295 4741 392 4811 ouius
418 4740 513 4830 agris
540 4739 731 4812 decimatur
757 4740 921 4812 ecclesiae
946 4746 983 4811 et
1009 4739 1156 4830 plebano
1184 4742 1218 4811 in
1246 4739 1599 4833 Oporzyschow.

399 4861 655 4952 Zarnzowun,
695 4861 779 4934 uilla
806 4861 870 4934 sub
896 4862 1063 4953 parochia
1089 4862 1254 4934 ecclesiae
1281 4862 1325 4932 de
1355 4854 1709 4953 Oporuys'ohow,
1749 4860 1849 4933 onius

296 4985 420 5056 haeres
446 4984 624 5057 Iohannes
652 4982 1046 5076 Chrzasthowshy
1074 4984 1245 5056 dedomo
1273 4982 1585 5076 Strzegomya.
1611 4982 1739 5087 Inqua
1765 4987 1851 5054 sunt

297 5107 447 5196 quiaque
474 5107 566 5177 lanei
593 5112 628 5177 ot
655 5106 789 5196 aliquot
815 5112 979 5196 quartae,
1016 5105 1059 5177 de
1086 5106 1211 5196 quibus
1238 5105 1371 5177 decima
1397 5104 1578 5177 lertonalis
1605 5103 1753 5177 solvitur
1778 5124 1846 5205 pro

298 5226 427 5297 decano
456 5225 686 5317 cracoviensi,
712 5227 875 5299 videlicet
901 5248 970 5299 una
997 5246 1170 5317 sexagena
1197 5232 1234 5298 et
1260 5231 1409 5317 quatuor
1434 5227 1558 5316 grossi.

402 5345 630 5434 Wszuaanz,
659 5347 741 5419 villa
766 5348 830 5420 sub
858 5349 1024 5438 parochia
1050 5348 1094 5419 de
1120 5346 1460 5439 Oporzyschow
1487 5348 1573 5437 sita,
1601 5346 1698 5418 cuius
1724 5346 1850 5417 haeres

299 5466 475 5539 Johannes
510 5467 864 5559 Rapsohtinsky
901 5468 944 5540 de
972 5469 1074 5541 domo
1101 5469 1419 5559 Bippennium.
1460 5467 1501 5538 In
1529 5488 1598 5558 qua
1624 5466 1851 5539 suntdeoem
1968 5551 1970 5556 ¹

300 5589 392 5661 lanei
419 5588 661 5679 emethonales,
688 5588 732 5660 de
760 5589 883 5680 quibus
910 5610 973 5684 pro
1001 5590 1134 5662 decima
1159 5588 1323 5662 fertonali
1341 5588 1524 5662 solvuntur
1542 5588 1630 5661 duae
1649 5608 1853 5678 sexagenas,

299 5731 363 5802 pro
391 5710 521 5784 decano
549 5709 779 5783 Cracovionsi.

413 5833 527 5906 Villae
566 5833 799 5924 parochiales:
840 5831 1192 5925 Oporzischow,
1228 5831 1525 5925 Ohrasthow,
1560 5830 1851 5922 Lyaskowka

249 6006 253 6014 ι
301 5953 542 6047 Scheraza,
568 5955 813 6028 Zelazowa
839 5952 1008 6047 Wolya

977 6074 1214 6150 Orarmows·

406 6198 500 6271 Villa
526 6199 657 6271 habens
684 6199 720 6270 iu
748 6218 785 6269 se
811 6197 1045 6288 parochialem
1081 6196 1261 6269 ecclesiam
1287 6196 1455 6287 ligneam,
1482 6195 1608 6267 Sancto
1636 6193 1740 6266 Petro
1768 6214 1854 6285 apo-

303 6318 393 6391 stolo
420 6320 580 6411 dicatam,
607 6321 704 6392 cuius
731 6319 899 6391 haeredes
926 6325 962 6390 et
988 6319 1127 6409 patroni
1154 6319 1332 6406 toilonum
1359 6318 1402 6388 de
1419 6317 1658 6389 Drocheca
1685 6317 1729 6388 de
1746 6317 1855 6388 armis

303 6440 503 6532 Zabawa,
531 6440 770 6532 Sigismundus
797 6439 840 6511 de
866 6440 1058 6513 Tochow
1085 6435 1547 6528 dearmisGrilfonum,
1569 6438 1784 6530 Naszyon
1811 6434 1902 6522 de„

294 6557 554 6649 ‚Pyrszioze
581 6563 624 6634 de
642 6563 747 6634 armis
766 6561 1074 6653 Bippenhinm
1101 6560 1372 6634 etWisohelr
1399 6560 1442 6632 de
1459 6556 1859 6634 domoGrilionum.
