4200 8342
282 1603 353 1675 558

279 1819 360 1882 sunt
385 1811 477 1882 lanei
504 1808 753 1901 cmethonales,
781 1810 823 1881 de
851 1810 975 1900 quibus
1004 1808 1152 1884 solvitur
1180 1817 1215 1882 et
1243 1809 1455 1885 conducitur»
1592 1828 1677 1912 31:²¹
1745 1847 1758 1873 .·
1777 1849 1791 1876 ,-

279 1936 328 2005 ris
356 1940 391 2004 et
416 1932 590 2022 canapalis
618 1952 681 2020 pro
709 1931 866 2003 custodia
893 1930 1173 2021 Sandomiriensi‚
1200 1939 1237 2003 et
1259 1933 1356 2004 valor
1383 1934 1456 2004 eius
1474 1933 1564 2007 ad·'
1763 2022 1766 2033 Ι
1800 2020 1802 2024 ,

279 2075 336 2125 cas
364 2054 574 2124 aestimatur.
620 2053 708 2122 Item
734 2052 953 2122 hortulaniae
981 2073 1050 2123 non
1077 2057 1176 2142 sunt,
1202 2053 1286 2125 item
1313 2053 1480 2125 tabernae
1507 2075 1581 2141 non·
1603 2042 1697 2129 suna
1723 2030 1822 2135 'lh

278 2181 331 2245 est
356 2175 405 2249 ibi
432 2173 611 2265 praedium
639 2174 777 2243 unicum
804 2172 965 2261 militare,
993 2172 1036 2243 de
1055 2171 1152 2245 cuins
1171 2173 1273 2264 'agris
1290 2146 1483 2246 decimatur
1502 2175 1683 2271 ecclesiae,
1697 2148 1820 2253 ibide·

277 2294 313 2364 in
340 2294 649 2384 Lanzenycze.
675 2293 762 2364 Item
790 2293 934 2364 ecclesia
960 2292 1068 2367 habet
1093 2292 1144 2367 ibi
1170 2292 1331 2397 proprios
1350 2314 1453 2385 agros
1481 2302 1517 2367 et
1533 2274 1747 2388 prmipro
1762 2316 1819 2370 sno

277 2437 342 2488 usn
369 2420 404 2487 et
431 2415 645 2486 necessitate.
1090 2420 1093 2427 '
1203 2396 1212 2407 ⁸
1820 2411 1826 2417 '

380 2537 657 2624 homousios,
686 2534 767 2605 villa
786 2535 848 2605 suh
867 2534 1033 2624 parochia
1051 2534 1215 2606 ecclesiae
1235 2535 1277 2605 de
1304 2535 1596 2607 Lanzenicze
1623 2538 1700 2628 sita
1727 2538 1818 2613 eun

277 2652 400 2729 haeres
427 2656 518 2728 idem
544 2653 909 2745 Lanzanyczsky
936 2653 1175 2747 Sandivogius.
1201 2655 1242 2725 In
1261 2676 1329 2745 qua
1356 2662 1438 2727 sunt
1463 2656 1556 2727 lanei
1583 2632 1818 2751 emethonalea

277 2778 319 2848 de
347 2778 470 2868 quihus
498 2777 642 2849 solvitur
670 2784 706 2847 et
732 2775 934 2846 conducitur
961 2775 1094 2847 decima
1119 2775 1405 2883 manipularipfflt
1422 2777 1600 2868 canapalis
1628 2798 1693 2869 pro
1711 2787 1817 2861 costo-

277 2899 334 2970 dia
360 2897 638 2986 Sandomiriensi‚
666 2903 702 2967 et
728 2896 824 2968 valor
850 2896 925 2966 eius
952 2896 1156 2967 aestimatur
1182 2896 1227 2966 ad
1253 2916 1374 2967 novem
1402 2917 1547 2969 marcas.
1562 2933 1576 2947 =
1590 2899 1817 2973 Item·.taher·

276 3040 341 3090 nae
367 3040 436 3091 non
463 3025 544 3090 sunt
572 3019 628 3107 ihi,
657 3036 767 3107 neque
794 3016 1022 3086 hortulaniaea
1049 3016 1136 3086 Item
1163 3022 1216 3087 est
1242 3017 1292 3087 ihi
1318 3017 1498 3108 praedium
1525 3040 1635 3089 unum
1661 3019 1815 3109 militare,

276 3140 317 3211 de
345 3140 441 3211 cuius
469 3140 562 3231 agris
590 3138 738 3210 solvitur
764 3137 896 3207 decima
921 3136 1147 3226 manipularis
1173 3137 1339 3208 ecclesiae
1358 3144 1394 3209 et
1413 3138 1560 3227 plebano
1585 3161 1626 3261 ῃ
1653 3137 1816 3213 Glowa·

275 3282 401 3352 ozon,
428 3260 524 3332 cuius
551 3258 648 3345 valor
676 3258 720 3328 ad
749 3258 834 3328 duas
861 3276 996 3328 marcas
1024 3257 1239 3328 aestimatur.

377 3383 676 3468 Srnuonnnunn,
703 3378 787 3449 nilla
814 3379 878 3449 sub
905 3377 1071 3467 parochia
1097 3377 1140 3449 de
1168 3377 1470 3469 Lanzenycze
1496 3379 1584 3471 sita,
1612 3381 1713 3452 cuius
1739 3381 1814 3455 hac-

274 3526 330 3577 res
357 3504 586 3594 Sandivogius
613 3499 975 3590 Lunzunyczsky
1001 3497 1187 3589 praefatus.
1214 3498 1255 3568 ln
1274 3520 1343 3589 qua
1361 3504 1441 3570 sunt
1457 3499 1549 3571 lanei
1576 3501 1820 3711 enaim

274 3628 316 3698 de
343 3626 466 3716 quibus
494 3623 640 3696 solvitur·
668 3629 704 3692 et
730 3619 932 3691 conducitur
968 3618 1101 3689 decima
1126 3620 1352 3710 manipularis
1379 3627 1414 3690 et
1440 3621 1617 3710 canapalis
1645 3643 1664 3693 c
1749 3606 1827 3717 [p

274 3733 552 3833 Sandomiriensi‚
580 3743 677 3814 cuius
704 3732 801 3812 valor
829 3739 873 3811 ad
900 3740 1051 3830 quinque
1077 3760 1212 3811 marcas
1238 3741 1450 3813 aestimatur.
1477 3741 1565 3812 Item
1585 3741 1635 3813 ibi
1654 3763 1725 3817 non
1741 3726 1833 3817 suff?

274 3868 500 3955 hortulaniae‚
528 3885 638 3955 neque
664 3863 842 3951 tabernae,
869 3862 953 3931 item
980 3861 1085 3932 etiam
1113 3861 1245 3932 nullum
1272 3866 1326 3933 est
1352 3861 1541 3951 praedidm.
1679 3856 1723 3987 '3'
1808 3844 1821 3859 ”

375 3988 649 4060 Srnunznnsna
676 3983 840 4071 Wonnn,
881 3982 963 4053 villa
999 3982 1064 4051 suh
1091 3982 1257 4071 parochia
1292 3983 1412 4053 eadem
1448 3983 1491 4053 de
1517 3983 1824 4077 Lanzanyczc,

272 4113 347 4201 sita,
388 4110 483 4181 cuius
510 4107 634 4179 haeres
661 4104 860 4195 praedictus
888 4101 1117 4193 Sandivogius
1144 4102 1510 4195 Lanzenyczslry
1537 4104 1580 4175 de
1607 4107 1717 4178 armis
1742 4106 1814 4178 Na·

272 4234 410 4304 lancz.
437 4232 475 4300 ln
505 4250 571 4320 qua
599 4232 680 4298 sunt
706 4225 797 4296 lanei
825 4223 1075 4312 cmethorraleS‚
1103 4225 1145 4294 de
1174 4216 1300 4314 quibus
1327 4225 1473 4297 solvitur
1501 4225 1636 4297 decima
1665 4229 1813 4319 manipu-

273 4355 355 4424 laris
382 4359 418 4424 et
444 4350 618 4439 canapalis
645 4367 708 4437 pro
735 4345 894 4417 custodia
920 4343 1210 4434 Sandomiriensi‚
1251 4347 1346 4417 cuius
1373 4346 1470 4417 valor
1497 4346 1542 4416 ad
1570 4347 1659 4419 duas
1687 4369 1812 4423 mma

274 4475 485 4563 aestimatur.
511 4471 600 4541 Item
619 4490 686 4539 non
706 4471 759 4538 est
777 4467 826 4536 ihi
844 4465 1031 4554 praedium,
1060 4487 1129 4537 non
1148 4473 1230 4537 sunt
1257 4467 1484 4557 hortulaniae,
1512 4488 1624 4558 neque
1644 4470 1810 4543 tabernae.

375 4593 577 4679 Guonsou',
605 4589 687 4659 silla
715 4588 777 4657 sub
806 4587 970 4675 parochia
997 4585 1039 4656 de
1067 4586 1331 4677 Lazenpcze
1359 4589 1435 4677 sita,
1464 4590 1561 4659 cuius
1579 4590 1707 4662 haeres
1725 4590 1807 4662 idem

270 4715 498 4805 Sandivogius
524 4708 865 4799 Lazanyczsky.
890 4706 931 4778 In
951 4728 1019 4796 qna
1038 4715 1118 4778 sunt
1146 4708 1236 4779 lanei
1264 4708 1505 4798 ernethonales
1533 4709 1576 4780 de
1604 4711 1730 4800 quihus
1748 4711 1807 4782 sol·

269 4840 362 4909 vitun
389 4844 424 4908 et
452 4833 654 4907 conducitur
682 4829 814 4900 decima
840 4828 1065 4918 manipularis
1093 4835 1129 4899 et
1156 4830 1328 4918 canapalis
1355 4850 1418 4918 pro
1446 4829 1605 4901 custodia
1635 4831 1806 4904 Sandoni-

268 4959 391 5046 riensi,
427 4963 463 5028 et
488 4955 586 5026 valor
622 4953 696 5023 eius
733 4950 776 5020 ad
804 4951 954 5040 quinque
990 4970 1124 5020 marcas
1161 4950 1373 5020 aestimatur.
1417 4951 1505 5022 Item
1541 4953 1590 5022 ibi
1627 4975 1697 5024 non
1733 4963 1805 5024 suut

268 5081 441 5168 tabernae,
468 5096 578 5168 neque
606 5073 834 5163 hunteduniae,
861 5073 945 5143 item
971 5071 1102 5143 nullum
1130 5078 1185 5142 est
1212 5072 1259 5142 ihi
1287 5071 1475 5161 praedium.

897 5314 1191 5386 Tnuerrownncz.

370 5444 543 5535 Oppidum
570 5442 701 5512 habens
727 5439 763 5507 in
791 5458 828 5508 se
855 5436 1087 5526 parochialem
1114 5435 1293 5507 ecclesiam
1320 5433 1477 5524 ligneam,
1504 5434 1654 5508 Sanctae
1676 5437 1803 5509 Mariae

266 5567 493 5657 hlagdalenac
522 5565 681 5650 dicatam,
709 5559 804 5629 cuius
832 5558 955 5627 haeres
983 5555 1178 5627 Gromek
1207 5555 1332 5626 nobilis
1360 5535 1526 5626 dedomo
1553 5555 1744 5649 Zgraya
1768 5559 1803 5630 ln

266 5712 334 5783 qna
361 5695 442 5760 sunt
477 5686 569 5756 lanei
596 5677 847 5766 cmethonalcs‚
889 5678 971 5748 item
999 5678 1193 5765 tabernae,¹
1225 5676 1307 5747 item
1340 5676 1575 5766 hort-ulamma,
1617 5678 1803 5770 dequibus

265 5813 422 5886 omnibus
449 5807 597 5879 soluitur
623 5812 659 5874 et
686 5799 888 5873 conducitur
916 5797 1046 5868 decimu
1064 5798 1288 5886 manipularis
1316 5804 1349 5867 et
1378 5797 1553 5886 canapalis
1580 5799 1747 5871 ecclesiae
1773 5803 1802 5871 in

177 5925 182 5935 ’
264 5933 624 6019 Thuchowyccz;
659 5923 757 5994 valor
784 5921 857 5991 eins
884 5919 928 5989 ad
956 5918 1072 5989 decem
1100 5940 1233 5990 marcas
1261 5919 1474 5988 aestimatur.
1513 5918 1602 5988 item
1631 5922 1803 6010 praediun

262 6077 368 6127 unum
394 6053 564 6139 militare,
604 6055 639 6117 et
666 6046 709 6116 cle
736 6043 887 6114 omniumr
914 6041 1008 6129 agris
1035 6046 1107 6110 tarn
1135 6039 1406 6111 emethonalihns
1435 6059 1536 6128 quam
1563 6042 1803 6131 praedialihns

262 6179 454 6249 decimatur
480 6170 644 6243 ecclesiae
671 6168 706 6236 in
735 6163 1089 6251 Thnchowyecz.
1117 6163 1202 6232 ltenr
1231 6161 1375 6231 ecclesia
1402 6161 1506 6231 habet
1530 6161 1579 6231 ibi
1607 6183 1712 6252 agros
1731 6185 1802 6255 pro

261 6300 363 6387 prius
390 6317 453 6387 pro
481 6314 543 6364 suo
570 6310 634 6362 usu
662 6295 698 6359 et
725 6268 941 6356 necessitate.

363 6419 613 6490 Rnusnznons
650 6411 814 6496 ilioni,
856 6407 937 6477 villa
973 6405 1037 6476 suh
1074 6403 1239 6494 parochia
1274 6403 1317 6473 de
1346 6401 1691 6497 Thuchowyecz
1732 6399 1802 6493 sita,

258 6542 355 6613 cuius
380 6541 504 6612 haeres
522 6536 699 6609 iohannes
728 6527 1093 6618 Parthoslawshy
1121 6525 1164 6595 de
1183 6525 1289 6595 armis
1316 6521 1550 6595 Hahdank.
1576 6525 1618 6596 ln
1639 6547 1709 6618 qua
1727 6534 1804 6598 sunt
