4200 8342
1733 1668 1806 1748 tat

258 1871 302 1953 de
328 1874 452 1971 quibus
479 1873 627 1952 solvitur
662 1881 697 1950 et
724 1873 928 1952 conducitur
954 1874 1089 1953 decima
1123 1875 1348 1973 manipularis
1382 1886 1418 1954 et
1445 1877 1618 1974 canapalis
1645 1903 1709 1977 pro
1736 1884 1808 1976 ple-

257 2000 349 2073 bano
384 2001 420 2071 in
448 2000 793 2092 Bacchowieze,
830 2007 865 2074 et
892 2002 991 2074 valor
1026 2003 1100 2073 eius
1136 2004 1339 2075 aestimatur
1375 2004 1418 2075 ad
1446 2025 1505 2075 sex
1533 2025 1676 2077 marcas.
1720 2007 1808 2078 Item

258 2142 327 2193 non
345 2128 400 2195 est
418 2123 466 2194 ibi
484 2122 665 2213 praedium
683 2143 795 2213 neque
813 2124 986 2215 scoltetia,
1013 2145 1082 2196 non
1102 2130 1184 2196 sunt
1202 2126 1376 2216 tabernae,
1396 2147 1464 2197 non
1483 2132 1565 2198 sunt
1582 2128 1810 2200 hortulaniac.

364 2243 568 2336 Pannona
594 2244 760 2335 Wonr'A,
787 2245 871 2316 villa
893 2247 957 2316 sub
975 2246 1141 2336 parochia
1168 2247 1210 2318 de
1229 2245 1389 2337 Lagou
1415 2248 1500 2338 sita,
1529 2250 1625 2320 cuius
1652 2249 1807 2341 proprie-

256 2372 314 2437 tas
341 2365 384 2437 ad
412 2364 723 2437 VladislarIensem
751 2367 987 2456 episcopatum
1015 2367 1177 2457 pertinet.
1220 2366 1260 2436 In
1284 2388 1352 2458 qua
1379 2374 1459 2438 snrrt
1487 2374 1564 2441 octo
1593 2391 1669 2440 enm
1696 2370 1809 2443 modio

256 2486 350 2559 lanei
377 2486 628 2578 emethonales,
656 2488 739 2559 item
766 2508 834 2558 una
861 2488 1008 2559 taberna
1033 2488 1166 2559 habens
1194 2509 1314 2579 agros,
1344 2488 1530 2579 dequibus
1557 2492 1715 2562 omnibus
1742 2492 1810 2562 sol-

257 2608 353 2682 vitur
379 2614 415 2680 et
432 2608 637 2681 conducitur
662 2608 795 2680 decIma
821 2609 1045 2700 manipularis
1072 2616 1108 2681 et
1126 2588 1300 2701 canapalis
1327 2630 1391 2701 pro
1410 2611 1611 2701 episcopatu
1637 2610 1811 2683 Vladisla-

258 2732 389 2822 riensi,
415 2737 452 2804 et
470 2730 568 2803 valor
595 2731 669 2802 eius
697 2731 903 2803 aestimatur
930 2732 974 2803 ad
993 2752 1054 2803 sex
1072 2752 1216 2803 marcas.
1258 2731 1346 2804 Item
1365 2738 1437 2804 tres
1464 2732 1693 2824 hortulaniae,
1723 2754 1811 2826 quae

259 2853 432 2925 decimant
467 2854 639 2944 episcopo.
697 2852 785 2924 Item
821 2859 875 2924 ost
910 2853 959 2925 ibi
978 2853 1155 2953 ¹scoltetia
1190 2854 1323 2925 hahens
1359 2854 1446 2926 duos
1482 2854 1601 2928 laneos
1638 2877 1811 2946 agrorum,

259 2996 349 3067 quae
375 2975 550 3048 decimant
566 2974 742 3065 manipulo
761 2975 926 3046 ecelesiae
949 2974 985 3047 in
1002 2974 1176 3066 Lagow,
1204 2981 1240 3047 et
1258 2975 1357 3047 valor
1375 2976 1448 3047 eius
1467 2977 1511 3048 ad
1530 2997 1633 3048 unam
1651 2972 1811 3048 marcam.

366 3096 564 3187 Seunnen,
592 3097 674 3168 villa
701 3097 765 3167 surb
784 3097 949 3187 parochia
975 3096 1018 3168 de
1035 3096 1199 3188 Lagou
1225 3098 1312 3188 sita,
1340 3099 1436 3169 cuins
1454 3100 1651 3189 proprietas
1678 3099 1723 3170 ad
1741 3099 1812 3188 epi-

258 3225 439 3311 scopatum
464 3218 775 3290 Vladislaviensem
811 3218 972 3315 pertinet.
1012 3214 1054 3289 In'
1081 3240 1148 3309 qua
1175 3226 1256 3290 sarrit
1288 3225 1421 3309 septem
1449 3219 1540 3291 lanei
1568 3220 1812 3310 emethonaleS,

259 3340 305 3415 de
331 3340 456 3431 quibus
482 3340 632 3411 solvitur
658 3346 694 3410 et
721 3340 927 3412 conducitur
963 3316 1096 3411 decima
1123 3340 1347 3431 manipularis
1383 3349 1420 3412 et
1447 3342 1622 3433 canapalis
1649 3364 1712 3435 pro
1740 3342 1813 3433 epi-

260 3467 404 3553 scopatu
432 3461 718 3552 Vtarhslariensi,
755 3466 790 3532 et
818 3462 914 3533 valor
942 3462 1015 3533 eins
1043 3463 1248 3534 aestimatur
1284 3462 1327 3533 ad
1356 3463 1506 3554 quinque
1533 3484 1676 3536 marcas.
1721 3463 1811 3536 Item

259 3588 316 3655 est
349 3584 399 3655 ibi
433 3583 596 3655 scoltetia
629 3583 761 3654 habens
798 3582 883 3655 duos
924 3583 1060 3673 laneos,
1101 3583 1144 3655 de
1181 3584 1305 3675 quibus
1346 3584 1538 3658 decimatur
1573 3585 1738 3658 ecclesiae
1776 3586 1813 3655 iu

261 3704 597 3778 Baczhouicze.
646 3704 732 3776 Item
768 3710 919 3777 nonest
954 3705 1003 3776 ibi
1030 3705 1229 3796 praedium,
1263 3727 1331 3779 non
1368 3712 1449 3778 sunt
1483 3707 1664 3799 tabernae,
1692 3722 1811 3798 'neque

261 3825 491 3900 hortulaniae.
1683 3840 1686 3847 '

314 3966 317 3973 ·
364 3947 545 4037 Lacnow,
573 3945 657 4019 villa
682 3948 747 4019 sub
764 3947 930 4038 parochia
966 3946 1008 4018 de
1025 3946 1087 4018 La
1095 3968 1190 4038 gon
1226 3947 1312 4037 sita,
1340 3948 1437 4019 euius
1455 3949 1650 4040 proprietas
1678 3947 1722 4020 ad
1740 3950 1813 4039 epi-

261 4073 441 4162 scopatum
469 4067 780 4141 VladIsIauiensem
808 4069 968 4159 pertinet.
1013 4068 1054 4139 In
1082 4089 1150 4160 qua
1177 4073 1259 4139 sunt
1294 4074 1424 4158 septem
1453 4070 1545 4140 lanei
1573 4070 1814 4160 emethonales,

262 4191 306 4263 de
333 4190 459 4282 quibus
485 4189 634 4263 solrItur
669 4196 706 4262 et
732 4189 937 4262 conducitur
973 4188 1105 4261 decima
1132 4190 1358 4280 manipularis
1386 4196 1422 4261 et
1449 4192 1624 4282 cariapalis
1651 4212 1714 4282 pro
1742 4191 1815 4282 opi-

262 4318 408 4405 scopatu
434 4311 721 4402 Vladislaviensi,
757 4318 794 4384 et
818 4310 918 4385 valor
953 4312 1026 4383 eius
1054 4312 1258 4383 aestimatur
1289 4312 1332 4381 ad
1361 4312 1511 4403 quinque
1539 4326 1698 4384 marcas.¹
1726 4312 1814 4384 Item

262 4438 318 4506 eet
334 4434 385 4507 ibi
404 4433 564 4506 scoltetia
590 4433 721 4506 habens
748 4431 836 4506 duos
853 4432 981 4524 laneca
1009 4432 1052 4505 de
1072 4433 1197 4524 quibus
1224 4432 1418 4505 decimatur
1435 4434 1599 4506 ccclesiae
1626 4434 1662 4506 in
1681 4434 1815 4506 Bacz-

263 4554 476 4629 houleze.
510 4555 600 4628 Item
618 4576 688 4628 uon
704 4560 760 4627 est
776 4554 825 4627 ibi
843 4554 1038 4646 praedium,
1056 4576 1125 4627 non
1144 4561 1226 4627 sunt
1243 4554 1425 4646 tabernae,
1451 4577 1561 4647 neque
1580 4556 1811 4628 hortulaniac.

366 4676 589 4768 Zaunnomi
614 4676 778 4768 werre,
814 4676 898 4749 villa
924 4677 989 4750 sub
1016 4674 1181 4767 parochia
1217 4676 1259 4748 de
1285 4676 1451 4766 Lagou
1478 4678 1564 4767 sita,
1602 4678 1699 4750 cuius
1734 4697 1814 4768 pro-

262 4798 395 4891 prietas
430 4797 475 4871 ad
510 4799 745 4891 episcopatum
781 4796 1093 4869 Vladislaviensem
1125 4799 1284 4889 pertinet.
1337 4798 1378 4869 In
1406 4819 1474 4888 quaa
1509 4803 1590 4870 sunt
1626 4819 1687 4870 sex
1721 4796 1814 4868 lanei

265 4920 518 5012 tmetbonales,
553 4921 597 4992 de
624 4921 749 5011 quibus
776 4918 924 4992 solvitur
950 4925 985 4990 et
1011 4919 1216 4992 conducitur
1242 4918 1375 4990 decima
1402 4918 1626 5009 manipularIs
1654 4924 1689 4991 ct
1715 4937 1816 4990 cana-

264 5042 355 5137 pons
381 5063 446 5135 pro
472 5043 634 5135 episcopo
660 5041 945 5132 Vladislaviensi,
975 5047 1011 5113 et
1029 5042 1128 5113 valor
1154 5040 1229 5111 eius
1256 5033 1460 5114 aestimatur
1486 5040 1530 5112 ad
1550 5041 1700 5132 quinque
1726 5060 1817 5111 mar-

264 5182 334 5239 eas
383 5164 472 5237 Item
506 5170 588 5257 post
622 5186 727 5256 agros
764 5162 975 5236 scoltetiaIes
1010 5168 1046 5234 et
1070 5162 1290 5235 hortulaniae
1328 5167 1363 5234 et
1396 5163 1562 5234 tabernae
1602 5152 1816 5252 scoltetiahs‚

265 5286 370 5359 detur
396 5286 528 5360 decima
553 5286 780 5378 manipularis
805 5285 954 5378 plebano
981 5285 1017 5355 in
1044 5284 1396 5375 Bacchouicze,
1423 5290 1459 5357 et
1486 5285 1583 5357 valor
1610 5285 1685 5357 eins
1712 5284 1817 5357 aesti-

239 5412 383 5519 ⁸matur
408 5408 454 5480 ad
478 5429 582 5481 unam
608 5429 769 5480 marcam.

369 5528 568 5621 Promona,
595 5531 678 5602 villa
705 5531 769 5603 sub
797 5528 962 5621 parochia
988 5528 1031 5601 de
1057 5528 1222 5620 Lagow
1248 5528 1325 5601 sita.
1369 5528 1408 5600 In
1429 5548 1498 5629 qua
1515 5535 1596 5601 sunt
1623 5526 1816 5620 quindecim

264 5648 358 5725 lanei
384 5652 636 5744 emethonales,
663 5652 746 5724 item
772 5652 918 5723 taberna
944 5673 1014 5723 una
1040 5649 1258 5742 episcopalis,
1288 5651 1474 5741 dequibus
1502 5651 1649 5722 solvitur
1675 5653 1711 5719 et
1737 5668 1817 5717 con-

266 5772 405 5848 1061101
431 5774 564 5846 decima
589 5774 815 5864 manipularis
844 5778 879 5845 et
897 5772 1073 5864 cariapaIIs
1100 5793 1163 5864 pro
1182 5773 1343 5864 episcopo
1361 5770 1640 5859 Vladislaviensi,
1655 5754 1703 5839 ¹ct
1721 5766 1819 5839 valor

266 5894 343 5968 eius
370 5895 573 5968 aestimatur
599 5895 643 5968 ad
663 5895 780 5967 decem
798 5915 940 5966 marcas.
981 5894 1069 5967 Item
1088 5902 1142 5965 est
1169 5894 1217 5964 ibi
1241 5892 1415 5982 scoltetia,
1443 5891 1575 5962 habens
1594 5889 1681 5961 duros
1699 5889 1818 5959 laneos

267 6022 308 6091 ot
321 6038 426 6091 unam
453 6019 634 6091 tabernam
662 6019 846 6090 habentem
874 6037 994 6107 agros,
1022 6018 1103 6087 item
1123 6037 1227 6087 unam
1245 6014 1477 6086 hortulaniam
1504 6012 1690 6083 habentem
1709 6030 1812 6101 agros

266 6146 305 6213 et
331 6138 522 6214 decimatur
549 6141 591 6213 de
610 6141 767 6215 onmibus
795 6139 958 6211 ccclesiae
985 6138 1021 6209 in
1049 6137 1405 6226 Baczkon'yeze,
1433 6139 1469 6206 et
1487 6134 1586 6208 valor
1613 6133 1686 6205 eius
1714 6130 1819 6204 aesti-

267 6268 386 6336 metur
410 6262 455 6334 ad
482 6284 585 6335 unam
611 6282 828 6354 sexagenam.

372 6383 486 6457 Villae
513 6385 729 6476 parochiales
760 6381 913 6454 eiusdem
940 6380 1106 6451 ecclesiae
1132 6378 1399 6469 bangoriensis:
1434 6377 1609 6469 Langon
1645 6373 1818 6467 oppidum,

271 6504 481 6600 (lebetone,
506 6507 707 6580 Panloua
732 6503 884 6598 Wolya,
910 6501 1108 6592 Schadek,
1143 6501 1359 6594 Lyeohou,
1395 6498 1637 6573 Zambkoua
1665 6497 1821 6589 Wolya,

268 6628 474 6723 Pyotrou,
499 6628 683 6723 Python.
