<?xml version="1.0" encoding="UTF-8"?>
<!DOCTYPE html PUBLIC "-//W3C//DTD XHTML 1.0 Transitional//EN"
    "http://www.w3.org/TR/xhtml1/DTD/xhtml1-transitional.dtd">
<html xmlns="http://www.w3.org/1999/xhtml" xml:lang="en" lang="en">
 <head>
  <title>
</title>
<meta http-equiv="Content-Type" content="text/html;charset=utf-8" />
  <meta name='ocr-system' content='tesseract 3.04.00' />
  <meta name='ocr-capabilities' content='ocr_page ocr_carea ocr_par ocr_line ocrx_word'/>
</head>
<body>
  <div class='ocr_page' id='page_1' title='image "./joannisdugoszse01dugoog_0414.png"; bbox 0 0 4200 8342; ppageno 0'>
   <div class='ocr_carea' id='block_1_1' title="bbox 316 1621 388 1694">
    <p class='ocr_par' dir='ltr' id='par_1_1' title="bbox 316 1621 388 1694">
     <span class='ocr_line' id='line_1_1' title="bbox 316 1621 388 1694; baseline 0.056 -3"><span class='ocrx_word' id='word_1_1' title='bbox 316 1621 388 1694; x_wconf 76' lang='grc'>382</span> 
     </span>
    </p>
   </div>
   <div class='ocr_carea' id='block_1_2' title="bbox 253 1827 1869 3250">
    <p class='ocr_par' dir='ltr' id='par_1_2' title="bbox 253 1827 1864 2039">
     <span class='ocr_line' id='line_1_2' title="bbox 314 1827 1864 1921; baseline 0.002 -22"><span class='ocrx_word' id='word_1_2' title='bbox 314 1829 350 1899; x_wconf 93' lang='lat' dir='ltr'>in</span> <span class='ocrx_word' id='word_1_3' title='bbox 376 1827 400 1899; x_wconf 92' lang='lat' dir='ltr'><strong>J</strong></span> <span class='ocrx_word' id='word_1_4' title='bbox 405 1830 542 1918; x_wconf 88' lang='lat' dir='ltr'>anina,</span> <span class='ocrx_word' id='word_1_5' title='bbox 573 1834 610 1900; x_wconf 90' lang='lat' dir='ltr'>et</span> <span class='ocrx_word' id='word_1_6' title='bbox 636 1827 734 1900; x_wconf 89' lang='lat' dir='ltr'>valor</span> <span class='ocrx_word' id='word_1_7' title='bbox 761 1829 835 1900; x_wconf 89' lang='lat' dir='ltr'>eiua</span> <span class='ocrx_word' id='word_1_8' title='bbox 862 1829 1038 1903; x_wconf 88' lang='lat' dir='ltr'>adunam</span> <span class='ocrx_word' id='word_1_9' title='bbox 1064 1850 1230 1919; x_wconf 86' lang='lat' dir='ltr'>marcam,</span> <span class='ocrx_word' id='word_1_10' title='bbox 1271 1834 1414 1919; x_wconf 88' lang='lat' dir='ltr'>etpost</span> <span class='ocrx_word' id='word_1_11' title='bbox 1448 1849 1553 1901; x_wconf 90' lang='lat' dir='ltr'>unum</span> <span class='ocrx_word' id='word_1_12' title='bbox 1580 1828 1738 1921; x_wconf 86' lang='lat' dir='ltr'>cainpum</span> <span class='ocrx_word' id='word_1_13' title='bbox 1764 1829 1864 1902; x_wconf 86' lang='lat' dir='ltr'>iuxta</span> 
     </span>
     <span class='ocr_line' id='line_1_3' title="bbox 253 1947 1149 2039; baseline 0.001 -18"><span class='ocrx_word' id='word_1_14' title='bbox 253 1969 257 1976; x_wconf 87' lang='lat'><strong>·</strong></span> <span class='ocrx_word' id='word_1_15' title='bbox 315 1950 415 2038; x_wconf 89' lang='lat' dir='ltr'>vium,</span> <span class='ocrx_word' id='word_1_16' title='bbox 443 1969 530 2039; x_wconf 87' lang='lat' dir='ltr'>quae</span> <span class='ocrx_word' id='word_1_17' title='bbox 556 1947 652 2020; x_wconf 88' lang='lat' dir='ltr'>ducit</span> <span class='ocrx_word' id='word_1_18' title='bbox 677 1950 713 2019; x_wconf 95' lang='lat' dir='ltr'>in</span> <span class='ocrx_word' id='word_1_19' title='bbox 740 1948 1011 2023; x_wconf 82' lang='lat' dir='ltr'>Wi-duohoua</span> <span class='ocrx_word' id='word_1_20' title='bbox 1036 2005 1149 2022; x_wconf 92' lang='grc'><strong>.....</strong></span> 
     </span>
    </p>

    <p class='ocr_par' dir='ltr' id='par_1_3' title="bbox 312 2062 1868 2868">
     <span class='ocr_line' id='line_1_4' title="bbox 386 2062 1864 2162; baseline 0.001 -21"><span class='ocrx_word' id='word_1_21' title='bbox 386 2062 387 2066; x_wconf 57' lang='lat'><em>&#39;</em></span> <span class='ocrx_word' id='word_1_22' title='bbox 418 2067 743 2158; x_wconf 57' lang='lat' dir='ltr'>annczowrczn,</span> <span class='ocrx_word' id='word_1_23' title='bbox 770 2070 853 2141; x_wconf 88' lang='lat' dir='ltr'>villa</span> <span class='ocrx_word' id='word_1_24' title='bbox 872 2072 936 2146; x_wconf 91' lang='lat' dir='ltr'>sub</span> <span class='ocrx_word' id='word_1_25' title='bbox 955 2073 1120 2162; x_wconf 87' lang='lat' dir='ltr'>parochia</span> <span class='ocrx_word' id='word_1_26' title='bbox 1147 2071 1378 2161; x_wconf 80' lang='lat' dir='ltr'>delenire,</span> <span class='ocrx_word' id='word_1_27' title='bbox 1406 2071 1502 2142; x_wconf 90' lang='lat' dir='ltr'>cuius</span> <span class='ocrx_word' id='word_1_28' title='bbox 1528 2070 1706 2144; x_wconf 72' lang='lat' dir='ltr'>haeredes</span> <span class='ocrx_word' id='word_1_29' title='bbox 1732 2069 1864 2142; x_wconf 89' lang='lat' dir='ltr'>Johan-</span> 
     </span>
     <span class='ocr_line' id='line_1_5' title="bbox 313 2188 1867 2287; baseline 0.002 -27"><span class='ocrx_word' id='word_1_30' title='bbox 313 2210 373 2260; x_wconf 89' lang='lat' dir='ltr'>nes</span> <span class='ocrx_word' id='word_1_31' title='bbox 401 2195 437 2261; x_wconf 92' lang='lat' dir='ltr'>ot</span> <span class='ocrx_word' id='word_1_32' title='bbox 464 2189 614 2262; x_wconf 81' lang='lat' dir='ltr'><strong>Thomas</strong></span> <span class='ocrx_word' id='word_1_33' title='bbox 640 2188 970 2280; x_wconf 87' lang='lat' dir='ltr'>Kolyuczowsczi</span> <span class='ocrx_word' id='word_1_34' title='bbox 988 2192 1032 2263; x_wconf 93' lang='lat' dir='ltr'>dc</span> <span class='ocrx_word' id='word_1_35' title='bbox 1050 2193 1155 2264; x_wconf 90' lang='lat' dir='ltr'>armis</span> <span class='ocrx_word' id='word_1_36' title='bbox 1172 2192 1197 2264; x_wconf 90' lang='lat' dir='ltr'><strong>J</strong></span> <span class='ocrx_word' id='word_1_37' title='bbox 1202 2193 1386 2264; x_wconf 87' lang='lat' dir='ltr'>anina...</span> <span class='ocrx_word' id='word_1_38' title='bbox 1413 2191 1457 2262; x_wconf 88' lang='lat' dir='ltr'>Iu·</span> <span class='ocrx_word' id='word_1_39' title='bbox 1473 2211 1541 2282; x_wconf 90' lang='lat' dir='ltr'>qua</span> <span class='ocrx_word' id='word_1_40' title='bbox 1558 2196 1641 2287; x_wconf 77' lang='lat' dir='ltr'>sunt</span> <span class='ocrx_word' id='word_1_41' title='bbox 1657 2190 1749 2263; x_wconf 87' lang='lat' dir='ltr'>lanei</span> <span class='ocrx_word' id='word_1_42' title='bbox 1776 2211 1867 2263; x_wconf 91' lang='lat' dir='ltr'>cme·</span> 
     </span>
     <span class='ocr_line' id='line_1_6' title="bbox 312 2310 1867 2402; baseline 0.001 -22"><span class='ocrx_word' id='word_1_43' title='bbox 312 2310 491 2400; x_wconf 89' lang='lat' dir='ltr'>thonales,</span> <span class='ocrx_word' id='word_1_44' title='bbox 518 2310 561 2382; x_wconf 89' lang='lat' dir='ltr'>de</span> <span class='ocrx_word' id='word_1_45' title='bbox 588 2310 712 2401; x_wconf 92' lang='lat' dir='ltr'>quibus</span> <span class='ocrx_word' id='word_1_46' title='bbox 739 2311 887 2384; x_wconf 88' lang='lat' dir='ltr'>solvitur</span> <span class='ocrx_word' id='word_1_47' title='bbox 913 2318 951 2385; x_wconf 88' lang='lat' dir='ltr'>ct</span> <span class='ocrx_word' id='word_1_48' title='bbox 977 2312 1180 2386; x_wconf 83' lang='lat' dir='ltr'>conducitur</span> <span class='ocrx_word' id='word_1_49' title='bbox 1207 2311 1340 2385; x_wconf 89' lang='lat' dir='ltr'>decima</span> <span class='ocrx_word' id='word_1_50' title='bbox 1375 2311 1601 2402; x_wconf 79' lang='lat' dir='ltr'>manipularis</span> <span class='ocrx_word' id='word_1_51' title='bbox 1629 2318 1665 2383; x_wconf 89' lang='lat' dir='ltr'>et</span> <span class='ocrx_word' id='word_1_52' title='bbox 1691 2311 1867 2402; x_wconf 88' lang='lat' dir='ltr'>canapalis</span> 
     </span>
     <span class='ocr_line' id='line_1_7' title="bbox 314 2430 1867 2533; baseline 0.001 -32"><span class='ocrx_word' id='word_1_53' title='bbox 314 2452 378 2519; x_wconf 93' lang='lat' dir='ltr'>pro</span> <span class='ocrx_word' id='word_1_54' title='bbox 406 2431 552 2502; x_wconf 87' lang='lat' dir='ltr'>ecclesia</span> <span class='ocrx_word' id='word_1_55' title='bbox 572 2432 615 2502; x_wconf 90' lang='lat' dir='ltr'>-in</span> <span class='ocrx_word' id='word_1_56' title='bbox 640 2430 918 2523; x_wconf 82' lang='lat' dir='ltr'>Delesenicze,</span> <span class='ocrx_word' id='word_1_57' title='bbox 945 2441 982 2504; x_wconf 86' lang='lat' dir='ltr'>ot</span> <span class='ocrx_word' id='word_1_58' title='bbox 1008 2433 1106 2506; x_wconf 89' lang='lat' dir='ltr'>valor</span> <span class='ocrx_word' id='word_1_59' title='bbox 1133 2434 1207 2505; x_wconf 91' lang='lat' dir='ltr'>eius</span> <span class='ocrx_word' id='word_1_60' title='bbox 1234 2434 1438 2533; x_wconf 89' lang='lat' dir='ltr'>aestimatur</span> <span class='ocrx_word' id='word_1_61' title='bbox 1465 2431 1509 2505; x_wconf 88' lang='lat' dir='ltr'>ad</span> <span class='ocrx_word' id='word_1_62' title='bbox 1527 2452 1589 2504; x_wconf 85' lang='lat' dir='ltr'>sex</span> <span class='ocrx_word' id='word_1_63' title='bbox 1607 2452 1750 2504; x_wconf 87' lang='lat' dir='ltr'>marcas.</span> <span class='ocrx_word' id='word_1_64' title='bbox 1777 2431 1867 2503; x_wconf 82' lang='lat' dir='ltr'>Item</span> 
     </span>
     <span class='ocr_line' id='line_1_8' title="bbox 313 2550 1866 2644; baseline 0 -21"><span class='ocrx_word' id='word_1_65' title='bbox 313 2553 456 2643; x_wconf 89' lang='lat' dir='ltr'>praedia</span> <span class='ocrx_word' id='word_1_66' title='bbox 481 2550 551 2624; x_wconf 86' lang='lat' dir='ltr'>tria</span> <span class='ocrx_word' id='word_1_67' title='bbox 576 2552 751 2643; x_wconf 90' lang='lat' dir='ltr'>militaria,</span> <span class='ocrx_word' id='word_1_68' title='bbox 778 2553 821 2626; x_wconf 89' lang='lat' dir='ltr'>de</span> <span class='ocrx_word' id='word_1_69' title='bbox 849 2554 973 2644; x_wconf 86' lang='lat' dir='ltr'>quibus</span> <span class='ocrx_word' id='word_1_70' title='bbox 1008 2554 1155 2628; x_wconf 87' lang='lat' dir='ltr'>solvitur</span> <span class='ocrx_word' id='word_1_71' title='bbox 1181 2560 1218 2625; x_wconf 89' lang='lat' dir='ltr'>et</span> <span class='ocrx_word' id='word_1_72' title='bbox 1243 2554 1446 2626; x_wconf 80' lang='lat' dir='ltr'>conducitur</span> <span class='ocrx_word' id='word_1_73' title='bbox 1480 2553 1615 2628; x_wconf 90' lang='lat' dir='ltr'>decima</span> <span class='ocrx_word' id='word_1_74' title='bbox 1639 2553 1866 2644; x_wconf 79' lang='lat' dir='ltr'>manipularis</span> 
     </span>
     <span class='ocr_line' id='line_1_9' title="bbox 315 2671 1868 2765; baseline 0 -21"><span class='ocrx_word' id='word_1_75' title='bbox 315 2678 351 2745; x_wconf 92' lang='lat' dir='ltr'>et</span> <span class='ocrx_word' id='word_1_76' title='bbox 378 2671 551 2764; x_wconf 89' lang='lat' dir='ltr'>canapalis</span> <span class='ocrx_word' id='word_1_77' title='bbox 578 2692 640 2762; x_wconf 94' lang='lat' dir='ltr'>pro</span> <span class='ocrx_word' id='word_1_78' title='bbox 668 2673 813 2746; x_wconf 87' lang='lat' dir='ltr'>ecclesia</span> <span class='ocrx_word' id='word_1_79' title='bbox 840 2675 876 2745; x_wconf 93' lang='lat' dir='ltr'>in</span> <span class='ocrx_word' id='word_1_80' title='bbox 902 2673 925 2746; x_wconf 88' lang='lat' dir='ltr'>J</span> <span class='ocrx_word' id='word_1_81' title='bbox 935 2675 1089 2765; x_wconf 89' lang='lat' dir='ltr'>anina,</span> <span class='ocrx_word' id='word_1_82' title='bbox 1125 2681 1161 2747; x_wconf 92' lang='lat' dir='ltr'>ct</span> <span class='ocrx_word' id='word_1_83' title='bbox 1186 2675 1284 2747; x_wconf 84' lang='lat' dir='ltr'>valor</span> <span class='ocrx_word' id='word_1_84' title='bbox 1312 2676 1385 2746; x_wconf 90' lang='lat' dir='ltr'>eius</span> <span class='ocrx_word' id='word_1_85' title='bbox 1413 2674 1619 2746; x_wconf 87' lang='lat' dir='ltr'>aestimatur</span> <span class='ocrx_word' id='word_1_86' title='bbox 1645 2673 1689 2746; x_wconf 89' lang='lat' dir='ltr'>ad</span> <span class='ocrx_word' id='word_1_87' title='bbox 1716 2680 1868 2765; x_wconf 87' lang='lat' dir='ltr'>quatuor</span> 
     </span>
     <span class='ocr_line' id='line_1_10' title="bbox 315 2814 458 2868; baseline -0.014 -2"><span class='ocrx_word' id='word_1_88' title='bbox 315 2814 458 2868; x_wconf 89' lang='lat' dir='ltr'>marcas.</span> 
     </span>
    </p>

    <p class='ocr_par' dir='ltr' id='par_1_4' title="bbox 315 2915 1869 3250">
     <span class='ocr_line' id='line_1_11' title="bbox 418 2915 1869 3007; baseline -0.001 -19"><span class='ocrx_word' id='word_1_89' title='bbox 418 2915 532 2988; x_wconf 82' lang='lat' dir='ltr'>Villae</span> <span class='ocrx_word' id='word_1_90' title='bbox 562 2915 797 3007; x_wconf 82' lang='lat' dir='ltr'>parochiales:</span> <span class='ocrx_word' id='word_1_91' title='bbox 828 2915 992 3007; x_wconf 89' lang='lat' dir='ltr'>Janina,</span> <span class='ocrx_word' id='word_1_92' title='bbox 1022 2916 1289 3007; x_wconf 74' lang='lat' dir='ltr'>Rus-salinum,</span> <span class='ocrx_word' id='word_1_93' title='bbox 1323 2915 1563 3005; x_wconf 84' lang='lat' dir='ltr'>Strzalkou‚</span> <span class='ocrx_word' id='word_1_94' title='bbox 1595 2915 1764 3006; x_wconf 88' lang='lat' dir='ltr'>Karszy,</span> <span class='ocrx_word' id='word_1_95' title='bbox 1794 2915 1869 2986; x_wconf 91' lang='lat' dir='ltr'>Ba-</span> 
     </span>
     <span class='ocr_line' id='line_1_12' title="bbox 315 3036 1868 3129; baseline 0.001 -22"><span class='ocrx_word' id='word_1_96' title='bbox 315 3037 438 3127; x_wconf 78' lang='lat' dir='ltr'>liene,</span> <span class='ocrx_word' id='word_1_97' title='bbox 477 3036 662 3127; x_wconf 82' lang='lat' dir='ltr'>Zawada,</span> <span class='ocrx_word' id='word_1_98' title='bbox 701 3036 923 3129; x_wconf 82' lang='lat' dir='ltr'>Pulyeuky,</span> <span class='ocrx_word' id='word_1_99' title='bbox 962 3036 1138 3129; x_wconf 86' lang='lat' dir='ltr'>Kothky,</span> <span class='ocrx_word' id='word_1_100' title='bbox 1182 3036 1463 3127; x_wconf 89' lang='lat' dir='ltr'>Widuchowa,</span> <span class='ocrx_word' id='word_1_101' title='bbox 1503 3036 1868 3127; x_wconf 81' lang='lat' dir='ltr'>Myedzigorzicze‚</span> 
     </span>
     <span class='ocr_line' id='line_1_13' title="bbox 315 3157 1129 3250; baseline -0.001 -21"><span class='ocrx_word' id='word_1_102' title='bbox 315 3157 546 3250; x_wconf 86' lang='lat' dir='ltr'>Scithuiky‚</span> <span class='ocrx_word' id='word_1_103' title='bbox 572 3158 754 3250; x_wconf 87' lang='lat' dir='ltr'>Zirniky,</span> <span class='ocrx_word' id='word_1_104' title='bbox 785 3157 1129 3248; x_wconf 87' lang='lat' dir='ltr'>Kolyaczouicze.</span> 
     </span>
    </p>
   </div>
   <div class='ocr_carea' id='block_1_3' title="bbox 734 3418 1455 3501">
    <p class='ocr_par' dir='ltr' id='par_1_5' title="bbox 734 3418 1455 3501">
     <span class='ocr_line' id='line_1_14' title="bbox 734 3418 1455 3501; baseline -0.001 -3"><span class='ocrx_word' id='word_1_105' title='bbox 734 3419 978 3501; x_wconf 81' lang='lat' dir='ltr'>Praebenda</span> <span class='ocrx_word' id='word_1_106' title='bbox 1013 3422 1052 3500; x_wconf 87' lang='lat' dir='ltr'>ln</span> <span class='ocrx_word' id='word_1_107' title='bbox 1086 3418 1239 3500; x_wconf 80' lang='lat' dir='ltr'>chatel</span> <span class='ocrx_word' id='word_1_108' title='bbox 1275 3419 1455 3500; x_wconf 83' lang='lat' dir='ltr'>Militari.</span> 
     </span>
    </p>
   </div>
   <div class='ocr_carea' id='block_1_4' title="bbox 315 3637 1875 6680">
    <p class='ocr_par' dir='ltr' id='par_1_6' title="bbox 315 3637 1872 4577">
     <span class='ocr_line' id='line_1_15' title="bbox 422 3637 1871 3730; baseline -0.001 -18"><span class='ocrx_word' id='word_1_109' title='bbox 422 3637 573 3730; x_wconf 77' lang='lat' dir='ltr'>Oneum</span> <span class='ocrx_word' id='word_1_110' title='bbox 599 3639 813 3730; x_wconf 68' lang='lat' dir='ltr'>Mmrrnara</span> <span class='ocrx_word' id='word_1_111' title='bbox 841 3639 923 3711; x_wconf 88' lang='lat' dir='ltr'>villa</span> <span class='ocrx_word' id='word_1_112' title='bbox 941 3660 1028 3730; x_wconf 88' lang='lat' dir='ltr'>quae</span> <span class='ocrx_word' id='word_1_113' title='bbox 1046 3640 1135 3711; x_wconf 88' lang='lat' dir='ltr'>olias</span> <span class='ocrx_word' id='word_1_114' title='bbox 1157 3640 1329 3712; x_wconf 84' lang='lat' dir='ltr'>vocitatur</span> <span class='ocrx_word' id='word_1_115' title='bbox 1345 3639 1463 3712; x_wconf 82' lang='lat' dir='ltr'>Zram</span> <span class='ocrx_word' id='word_1_116' title='bbox 1489 3638 1650 3730; x_wconf 76' lang='lat' dir='ltr'>Onerat,</span> <span class='ocrx_word' id='word_1_117' title='bbox 1678 3640 1742 3712; x_wconf 87' lang='lat' dir='ltr'>sub</span> <span class='ocrx_word' id='word_1_118' title='bbox 1768 3659 1871 3729; x_wconf 89' lang='lat' dir='ltr'>paro-</span> 
     </span>
     <span class='ocr_line' id='line_1_16' title="bbox 317 3759 1868 3851; baseline 0.001 -22"><span class='ocrx_word' id='word_1_119' title='bbox 317 3759 395 3829; x_wconf 89' lang='lat' dir='ltr'>chia</span> <span class='ocrx_word' id='word_1_120' title='bbox 421 3759 465 3831; x_wconf 91' lang='lat' dir='ltr'>de</span> <span class='ocrx_word' id='word_1_121' title='bbox 489 3759 643 3832; x_wconf 87' lang='lat' dir='ltr'>Buako</span> <span class='ocrx_word' id='word_1_122' title='bbox 670 3761 747 3832; x_wconf 89' lang='lat' dir='ltr'>sita.</span> <span class='ocrx_word' id='word_1_123' title='bbox 786 3759 827 3831; x_wconf 92' lang='lat' dir='ltr'>In</span> <span class='ocrx_word' id='word_1_124' title='bbox 855 3781 924 3850; x_wconf 88' lang='lat' dir='ltr'>qua</span> <span class='ocrx_word' id='word_1_125' title='bbox 950 3765 1004 3832; x_wconf 89' lang='lat' dir='ltr'>est</span> <span class='ocrx_word' id='word_1_126' title='bbox 1030 3761 1177 3832; x_wconf 88' lang='lat' dir='ltr'>ecclesia</span> <span class='ocrx_word' id='word_1_127' title='bbox 1203 3761 1277 3833; x_wconf 86' lang='lat' dir='ltr'>sive</span> <span class='ocrx_word' id='word_1_128' title='bbox 1304 3761 1513 3851; x_wconf 87' lang='lat' dir='ltr'>oratorium,</span> <span class='ocrx_word' id='word_1_129' title='bbox 1539 3759 1667 3832; x_wconf 88' lang='lat' dir='ltr'>Sancto</span> <span class='ocrx_word' id='word_1_130' title='bbox 1693 3759 1868 3832; x_wconf 87' lang='lat' dir='ltr'>Stunislao</span> 
     </span>
     <span class='ocr_line' id='line_1_17' title="bbox 317 3879 1870 3973; baseline 0 -23"><span class='ocrx_word' id='word_1_131' title='bbox 317 3881 463 3970; x_wconf 83' lang='lat' dir='ltr'>martyri</span> <span class='ocrx_word' id='word_1_132' title='bbox 489 3880 650 3971; x_wconf 89' lang='lat' dir='ltr'>dicatum,</span> <span class='ocrx_word' id='word_1_133' title='bbox 675 3882 713 3952; x_wconf 93' lang='lat' dir='ltr'>in</span> <span class='ocrx_word' id='word_1_134' title='bbox 741 3902 809 3973; x_wconf 83' lang='lat' dir='ltr'>quo</span> <span class='ocrx_word' id='word_1_135' title='bbox 837 3881 1037 3971; x_wconf 90' lang='lat' dir='ltr'>praebenda</span> <span class='ocrx_word' id='word_1_136' title='bbox 1064 3881 1192 3953; x_wconf 86' lang='lat' dir='ltr'>nullam</span> <span class='ocrx_word' id='word_1_137' title='bbox 1220 3879 1353 3953; x_wconf 73' lang='lat' dir='ltr'>laudens</span> <span class='ocrx_word' id='word_1_138' title='bbox 1379 3902 1499 3954; x_wconf 88' lang='lat' dir='ltr'>curam</span> <span class='ocrx_word' id='word_1_139' title='bbox 1525 3880 1727 3952; x_wconf 90' lang='lat' dir='ltr'>animarum.</span> <span class='ocrx_word' id='word_1_140' title='bbox 1761 3879 1870 3969; x_wconf 81' lang='lat' dir='ltr'>Quam</span> 
     </span>
     <span class='ocr_line' id='line_1_18' title="bbox 318 3999 1872 4096; baseline 0 -24"><span class='ocrx_word' id='word_1_141' title='bbox 318 3999 440 4073; x_wconf 88' lang='lat' dir='ltr'>Vittus</span> <span class='ocrx_word' id='word_1_142' title='bbox 466 4001 643 4076; x_wconf 84' lang='lat' dir='ltr'>Pincensia</span> <span class='ocrx_word' id='word_1_143' title='bbox 669 4003 870 4096; x_wconf 88' lang='lat' dir='ltr'>episcopus,</span> <span class='ocrx_word' id='word_1_144' title='bbox 905 4004 1108 4076; x_wconf 89' lang='lat' dir='ltr'>monasterii</span> <span class='ocrx_word' id='word_1_145' title='bbox 1135 4003 1170 4073; x_wconf 93' lang='lat' dir='ltr'>in</span> <span class='ocrx_word' id='word_1_146' title='bbox 1197 4002 1379 4092; x_wconf 85' lang='lat' dir='ltr'>Buszko</span> <span class='ocrx_word' id='word_1_147' title='bbox 1405 4001 1578 4093; x_wconf 81' lang='lat' dir='ltr'>fundator,</span> <span class='ocrx_word' id='word_1_148' title='bbox 1604 4022 1647 4074; x_wconf 85' lang='lat' dir='ltr'>ex</span> <span class='ocrx_word' id='word_1_149' title='bbox 1673 4022 1736 4074; x_wconf 91' lang='lat' dir='ltr'>suo</span> <span class='ocrx_word' id='word_1_150' title='bbox 1762 4001 1872 4090; x_wconf 86' lang='lat' dir='ltr'>patri-</span> 
     </span>
     <span class='ocr_line' id='line_1_19' title="bbox 317 4122 1871 4215; baseline 0 -22"><span class='ocrx_word' id='word_1_151' title='bbox 317 4123 432 4195; x_wconf 90' lang='lat' dir='ltr'>monio</span> <span class='ocrx_word' id='word_1_152' title='bbox 458 4122 621 4196; x_wconf 89' lang='lat' dir='ltr'>fundator</span> <span class='ocrx_word' id='word_1_153' title='bbox 648 4125 842 4215; x_wconf 87' lang='lat' dir='ltr'>primarius,</span> <span class='ocrx_word' id='word_1_154' title='bbox 869 4124 995 4197; x_wconf 81' lang='lat' dir='ltr'>nobilis</span> <span class='ocrx_word' id='word_1_155' title='bbox 1022 4124 1065 4198; x_wconf 90' lang='lat' dir='ltr'>dc</span> <span class='ocrx_word' id='word_1_156' title='bbox 1091 4122 1193 4197; x_wconf 92' lang='lat' dir='ltr'>domo</span> <span class='ocrx_word' id='word_1_157' title='bbox 1220 4122 1242 4195; x_wconf 90' lang='lat' dir='ltr'>J</span> <span class='ocrx_word' id='word_1_158' title='bbox 1253 4124 1409 4213; x_wconf 86' lang='lat' dir='ltr'>anina,</span> <span class='ocrx_word' id='word_1_159' title='bbox 1444 4124 1489 4197; x_wconf 92' lang='lat' dir='ltr'>ob</span> <span class='ocrx_word' id='word_1_160' title='bbox 1515 4124 1683 4213; x_wconf 89' lang='lat' dir='ltr'>pietatem</span> <span class='ocrx_word' id='word_1_161' title='bbox 1709 4122 1747 4194; x_wconf 92' lang='lat' dir='ltr'>in</span> <span class='ocrx_word' id='word_1_162' title='bbox 1772 4123 1871 4211; x_wconf 86' lang='lat' dir='ltr'>geni-</span> 
     </span>
     <span class='ocr_line' id='line_1_20' title="bbox 315 4243 1870 4336; baseline 0.001 -22"><span class='ocrx_word' id='word_1_163' title='bbox 315 4244 439 4316; x_wconf 81' lang='lat' dir='ltr'>tricem</span> <span class='ocrx_word' id='word_1_164' title='bbox 457 4266 624 4336; x_wconf 87' lang='lat' dir='ltr'>snam...,</span> <span class='ocrx_word' id='word_1_165' title='bbox 651 4251 691 4317; x_wconf 93' lang='lat' dir='ltr'>ut</span> <span class='ocrx_word' id='word_1_166' title='bbox 707 4246 855 4318; x_wconf 89' lang='lat' dir='ltr'>haberet</span> <span class='ocrx_word' id='word_1_167' title='bbox 874 4245 1008 4336; x_wconf 88' lang='lat' dir='ltr'>locum,</span> <span class='ocrx_word' id='word_1_168' title='bbox 1034 4246 1071 4316; x_wconf 92' lang='lat' dir='ltr'>in</span> <span class='ocrx_word' id='word_1_169' title='bbox 1091 4267 1158 4336; x_wconf 92' lang='lat' dir='ltr'>quo</span> <span class='ocrx_word' id='word_1_170' title='bbox 1178 4265 1312 4318; x_wconf 88' lang='lat' dir='ltr'>sacrum</span> <span class='ocrx_word' id='word_1_171' title='bbox 1331 4244 1476 4334; x_wconf 70' lang='lat' dir='ltr'>audiret,</span> <span class='ocrx_word' id='word_1_172' title='bbox 1504 4264 1580 4317; x_wconf 91' lang='lat' dir='ltr'>cum</span> <span class='ocrx_word' id='word_1_173' title='bbox 1597 4243 1797 4334; x_wconf 81' lang='lat' dir='ltr'>grandaeua</span> <span class='ocrx_word' id='word_1_174' title='bbox 1823 4244 1870 4315; x_wconf 90' lang='lat' dir='ltr'>ob</span> 
     </span>
     <span class='ocr_line' id='line_1_21' title="bbox 323 4364 1872 4471; baseline 0.001 -37"><span class='ocrx_word' id='word_1_175' title='bbox 323 4366 454 4435; x_wconf 88' lang='lat' dir='ltr'>senium</span> <span class='ocrx_word' id='word_1_176' title='bbox 473 4367 672 4455; x_wconf 88' lang='lat' dir='ltr'>parochiam</span> <span class='ocrx_word' id='word_1_177' title='bbox 697 4368 735 4437; x_wconf 93' lang='lat' dir='ltr'>in</span> <span class='ocrx_word' id='word_1_178' title='bbox 753 4367 937 4440; x_wconf 86' lang='lat' dir='ltr'>Buszko</span> <span class='ocrx_word' id='word_1_179' title='bbox 964 4367 1062 4439; x_wconf 88' lang='lat' dir='ltr'>adire</span> <span class='ocrx_word' id='word_1_180' title='bbox 1079 4388 1148 4439; x_wconf 91' lang='lat' dir='ltr'>non</span> <span class='ocrx_word' id='word_1_181' title='bbox 1166 4373 1294 4458; x_wconf 86' lang='lat' dir='ltr'>posset,</span> <span class='ocrx_word' id='word_1_182' title='bbox 1320 4365 1488 4458; x_wconf 85' lang='lat' dir='ltr'>fundauit,</span> <span class='ocrx_word' id='word_1_183' title='bbox 1514 4371 1551 4437; x_wconf 88' lang='lat' dir='ltr'>et</span> <span class='ocrx_word' id='word_1_184' title='bbox 1568 4364 1705 4471; x_wconf 77' lang='lat' dir='ltr'>dotauit</span> <span class='ocrx_word' id='word_1_185' title='bbox 1729 4364 1872 4438; x_wconf 90' lang='lat' dir='ltr'>decimis</span> 
     </span>
     <span class='ocr_line' id='line_1_22' title="bbox 317 4483 852 4577; baseline 0.011 -25"><span class='ocrx_word' id='word_1_186' title='bbox 317 4483 546 4576; x_wconf 80' lang='lat' dir='ltr'>infrascriptis</span> <span class='ocrx_word' id='word_1_187' title='bbox 573 4488 852 4577; x_wconf 87' lang='lat' dir='ltr'>manipularibus.</span> 
     </span>
    </p>

    <p class='ocr_par' dir='ltr' id='par_1_7' title="bbox 315 4605 1873 6145">
     <span class='ocr_line' id='line_1_23' title="bbox 326 4605 1869 4699; baseline 0.001 -23"><span class='ocrx_word' id='word_1_188' title='bbox 326 4631 333 4645; x_wconf 86' lang='grc'><em>·</em></span> <span class='ocrx_word' id='word_1_189' title='bbox 422 4605 573 4678; x_wconf 78' lang='lat' dir='ltr'>Gnornn</span> <span class='ocrx_word' id='word_1_190' title='bbox 599 4606 812 4682; x_wconf 81' lang='lat' dir='ltr'>Mmmnars.</span> <span class='ocrx_word' id='word_1_191' title='bbox 827 4608 915 4682; x_wconf 80' lang='lat' dir='ltr'>allas</span> <span class='ocrx_word' id='word_1_192' title='bbox 950 4607 1087 4697; x_wconf 82' lang='lat' dir='ltr'>Zrnm,</span> <span class='ocrx_word' id='word_1_193' title='bbox 1122 4628 1186 4698; x_wconf 92' lang='lat' dir='ltr'>pro</span> <span class='ocrx_word' id='word_1_194' title='bbox 1213 4628 1283 4680; x_wconf 91' lang='lat' dir='ltr'>una</span> <span class='ocrx_word' id='word_1_195' title='bbox 1309 4610 1362 4680; x_wconf 93' lang='lat' dir='ltr'>sui</span> <span class='ocrx_word' id='word_1_196' title='bbox 1389 4608 1591 4699; x_wconf 85' lang='lat' dir='ltr'>medietate,</span> <span class='ocrx_word' id='word_1_197' title='bbox 1626 4607 1750 4682; x_wconf 88' lang='lat' dir='ltr'>fluvius</span> <span class='ocrx_word' id='word_1_198' title='bbox 1776 4606 1869 4678; x_wconf 90' lang='lat' dir='ltr'>enim</span> 
     </span>
     <span class='ocr_line' id='line_1_24' title="bbox 318 4724 1870 4819; baseline 0 -20"><span class='ocrx_word' id='word_1_199' title='bbox 318 4724 464 4800; x_wconf 81' lang='lat' dir='ltr'>Ghotel</span> <span class='ocrx_word' id='word_1_200' title='bbox 490 4726 636 4819; x_wconf 89' lang='lat' dir='ltr'>sulphur</span> <span class='ocrx_word' id='word_1_201' title='bbox 662 4728 822 4802; x_wconf 89' lang='lat' dir='ltr'>redolens</span> <span class='ocrx_word' id='word_1_202' title='bbox 848 4749 925 4802; x_wconf 89' lang='lat' dir='ltr'>eam</span> <span class='ocrx_word' id='word_1_203' title='bbox 952 4728 1115 4819; x_wconf 87' lang='lat' dir='ltr'>dissecat,</span> <span class='ocrx_word' id='word_1_204' title='bbox 1148 4727 1193 4800; x_wconf 91' lang='lat' dir='ltr'>ad</span> <span class='ocrx_word' id='word_1_205' title='bbox 1219 4728 1424 4802; x_wconf 89' lang='lat' dir='ltr'>decanatum</span> <span class='ocrx_word' id='word_1_206' title='bbox 1450 4728 1764 4802; x_wconf 84' lang='lat' dir='ltr'>Sandomiriensem</span> <span class='ocrx_word' id='word_1_207' title='bbox 1790 4747 1870 4818; x_wconf 90' lang='lat' dir='ltr'>per-</span> 
     </span>
     <span class='ocr_line' id='line_1_25' title="bbox 317 4849 1871 4944; baseline -0.001 -24"><span class='ocrx_word' id='word_1_208' title='bbox 317 4849 425 4938; x_wconf 88' lang='lat' dir='ltr'>tinct;</span> <span class='ocrx_word' id='word_1_209' title='bbox 462 4850 499 4922; x_wconf 92' lang='lat' dir='ltr'>in</span> <span class='ocrx_word' id='word_1_210' title='bbox 526 4871 595 4944; x_wconf 84' lang='lat' dir='ltr'>qua</span> <span class='ocrx_word' id='word_1_211' title='bbox 621 4856 702 4923; x_wconf 88' lang='lat' dir='ltr'>sunt</span> <span class='ocrx_word' id='word_1_212' title='bbox 737 4856 869 4942; x_wconf 89' lang='lat' dir='ltr'>septem</span> <span class='ocrx_word' id='word_1_213' title='bbox 904 4852 995 4924; x_wconf 87' lang='lat' dir='ltr'>lanei</span> <span class='ocrx_word' id='word_1_214' title='bbox 1031 4850 1283 4943; x_wconf 85' lang='lat' dir='ltr'>cmcthonales,</span> <span class='ocrx_word' id='word_1_215' title='bbox 1319 4851 1362 4922; x_wconf 94' lang='lat' dir='ltr'>de</span> <span class='ocrx_word' id='word_1_216' title='bbox 1397 4852 1522 4941; x_wconf 91' lang='lat' dir='ltr'>quibus</span> <span class='ocrx_word' id='word_1_217' title='bbox 1556 4852 1704 4924; x_wconf 84' lang='lat' dir='ltr'>soluitur</span> <span class='ocrx_word' id='word_1_218' title='bbox 1738 4849 1871 4921; x_wconf 83' lang='lat' dir='ltr'>decima</span> 
     </span>
     <span class='ocr_line' id='line_1_26' title="bbox 318 4970 1870 5066; baseline 0.001 -24"><span class='ocrx_word' id='word_1_219' title='bbox 318 4970 545 5063; x_wconf 88' lang='lat' dir='ltr'>manipularis</span> <span class='ocrx_word' id='word_1_220' title='bbox 570 4977 608 5046; x_wconf 92' lang='lat' dir='ltr'>et</span> <span class='ocrx_word' id='word_1_221' title='bbox 633 4974 817 5065; x_wconf 88' lang='lat' dir='ltr'>canapalis-</span> <span class='ocrx_word' id='word_1_222' title='bbox 846 4993 911 5066; x_wconf 91' lang='lat' dir='ltr'>pro</span> <span class='ocrx_word' id='word_1_223' title='bbox 936 4974 1135 5065; x_wconf 88' lang='lat' dir='ltr'>decanatu,</span> <span class='ocrx_word' id='word_1_224' title='bbox 1170 4979 1207 5048; x_wconf 93' lang='lat' dir='ltr'>et</span> <span class='ocrx_word' id='word_1_225' title='bbox 1233 4973 1331 5046; x_wconf 86' lang='lat' dir='ltr'>valor</span> <span class='ocrx_word' id='word_1_226' title='bbox 1358 4974 1432 5046; x_wconf 90' lang='lat' dir='ltr'>eius</span> <span class='ocrx_word' id='word_1_227' title='bbox 1469 4973 1673 5045; x_wconf 85' lang='lat' dir='ltr'>aestimatur</span> <span class='ocrx_word' id='word_1_228' title='bbox 1708 4970 1753 5043; x_wconf 84' lang='lat' dir='ltr'>ad</span> <span class='ocrx_word' id='word_1_229' title='bbox 1788 4976 1870 5044; x_wconf 88' lang='lat' dir='ltr'>octo</span> 
     </span>
     <span class='ocr_line' id='line_1_27' title="bbox 318 5092 1871 5188; baseline -0.001 -24"><span class='ocrx_word' id='word_1_230' title='bbox 318 5112 465 5183; x_wconf 80' lang='lat' dir='ltr'>nrarcas3</span> <span class='ocrx_word' id='word_1_231' title='bbox 491 5094 671 5185; x_wconf 87' lang='lat' dir='ltr'>praedium</span> <span class='ocrx_word' id='word_1_232' title='bbox 697 5116 766 5167; x_wconf 94' lang='lat' dir='ltr'>non</span> <span class='ocrx_word' id='word_1_233' title='bbox 793 5101 864 5188; x_wconf 89' lang='lat' dir='ltr'>est,</span> <span class='ocrx_word' id='word_1_234' title='bbox 891 5115 1003 5187; x_wconf 87' lang='lat' dir='ltr'>neque</span> <span class='ocrx_word' id='word_1_235' title='bbox 1029 5095 1195 5186; x_wconf 88' lang='lat' dir='ltr'>taberna,</span> <span class='ocrx_word' id='word_1_236' title='bbox 1222 5115 1332 5186; x_wconf 89' lang='lat' dir='ltr'>neque</span> <span class='ocrx_word' id='word_1_237' title='bbox 1359 5093 1567 5167; x_wconf 82' lang='lat' dir='ltr'>hortuleuia</span> <span class='ocrx_word' id='word_1_238' title='bbox 1603 5092 1729 5164; x_wconf 78' lang='lat' dir='ltr'>Altera¹</span> <span class='ocrx_word' id='word_1_239' title='bbox 1752 5097 1871 5164; x_wconf 82' lang='lat' dir='ltr'>autem</span> 
     </span>
     <span class='ocr_line' id='line_1_28' title="bbox 318 5211 1873 5308; baseline 0 -24"><span class='ocrx_word' id='word_1_240' title='bbox 318 5214 484 5287; x_wconf 84' lang='lat' dir='ltr'>medietas</span> <span class='ocrx_word' id='word_1_241' title='bbox 511 5217 664 5307; x_wconf 88' lang='lat' dir='ltr'>pertinet</span> <span class='ocrx_word' id='word_1_242' title='bbox 682 5218 726 5289; x_wconf 93' lang='lat' dir='ltr'>ad</span> <span class='ocrx_word' id='word_1_243' title='bbox 745 5216 954 5290; x_wconf 82' lang='lat' dir='ltr'>Clementem</span> <span class='ocrx_word' id='word_1_244' title='bbox 981 5225 1019 5289; x_wconf 85' lang='lat' dir='ltr'>et</span> <span class='ocrx_word' id='word_1_245' title='bbox 1045 5216 1188 5290; x_wconf 90' lang='lat' dir='ltr'>Petrum</span> <span class='ocrx_word' id='word_1_246' title='bbox 1215 5216 1326 5289; x_wconf 87' lang='lat' dir='ltr'>dictes</span> <span class='ocrx_word' id='word_1_247' title='bbox 1352 5215 1645 5308; x_wconf 85' lang='lat' dir='ltr'>Korzycnsczi‚</span> <span class='ocrx_word' id='word_1_248' title='bbox 1673 5212 1716 5285; x_wconf 88' lang='lat' dir='ltr'>de</span> <span class='ocrx_word' id='word_1_249' title='bbox 1741 5211 1873 5285; x_wconf 83' lang='lat' dir='ltr'>famssia</span> 
     </span>
     <span class='ocr_line' id='line_1_29' title="bbox 317 5332 1870 5429; baseline -0.001 -24"><span class='ocrx_word' id='word_1_250' title='bbox 317 5333 571 5428; x_wconf 84' lang='lat' dir='ltr'>Streparum‚</span> <span class='ocrx_word' id='word_1_251' title='bbox 599 5339 659 5429; x_wconf 91' lang='lat' dir='ltr'>qui</span> <span class='ocrx_word' id='word_1_252' title='bbox 690 5345 772 5412; x_wconf 91' lang='lat' dir='ltr'>suut</span> <span class='ocrx_word' id='word_1_253' title='bbox 799 5340 890 5412; x_wconf 88' lang='lat' dir='ltr'>unici</span> <span class='ocrx_word' id='word_1_254' title='bbox 922 5339 1107 5412; x_wconf 89' lang='lat' dir='ltr'>collatores</span> <span class='ocrx_word' id='word_1_255' title='bbox 1133 5339 1227 5416; x_wconf 89' lang='lat' dir='ltr'>illius</span> <span class='ocrx_word' id='word_1_256' title='bbox 1252 5337 1481 5429; x_wconf 63' lang='lat' dir='ltr'>praebendae</span> <span class='ocrx_word' id='word_1_257' title='bbox 1512 5338 1549 5408; x_wconf 94' lang='lat' dir='ltr'>in</span> <span class='ocrx_word' id='word_1_258' title='bbox 1575 5357 1644 5429; x_wconf 87' lang='lat' dir='ltr'>qua</span> <span class='ocrx_word' id='word_1_259' title='bbox 1670 5340 1753 5409; x_wconf 86' lang='lat' dir='ltr'>surrt</span> <span class='ocrx_word' id='word_1_260' title='bbox 1777 5332 1870 5405; x_wconf 88' lang='lat' dir='ltr'>lanei</span> 
     </span>
     <span class='ocr_line' id='line_1_30' title="bbox 320 5455 1872 5552; baseline -0.001 -25"><span class='ocrx_word' id='word_1_261' title='bbox 320 5458 554 5532; x_wconf 83' lang='lat' dir='ltr'>cmetlronales</span> <span class='ocrx_word' id='word_1_262' title='bbox 582 5465 618 5533; x_wconf 92' lang='lat' dir='ltr'>et</span> <span class='ocrx_word' id='word_1_263' title='bbox 643 5461 857 5552; x_wconf 70' lang='lat' dir='ltr'>praedulce,</span> <span class='ocrx_word' id='word_1_264' title='bbox 883 5462 969 5534; x_wconf 88' lang='lat' dir='ltr'>item</span> <span class='ocrx_word' id='word_1_265' title='bbox 995 5461 1174 5551; x_wconf 87' lang='lat' dir='ltr'>praedium</span> <span class='ocrx_word' id='word_1_266' title='bbox 1203 5480 1309 5531; x_wconf 90' lang='lat' dir='ltr'>unum</span> <span class='ocrx_word' id='word_1_267' title='bbox 1336 5458 1486 5531; x_wconf 89' lang='lat' dir='ltr'>militare</span> <span class='ocrx_word' id='word_1_268' title='bbox 1513 5459 1649 5550; x_wconf 89' lang='lat' dir='ltr'>bonum,</span> <span class='ocrx_word' id='word_1_269' title='bbox 1676 5458 1719 5529; x_wconf 90' lang='lat' dir='ltr'>de</span> <span class='ocrx_word' id='word_1_270' title='bbox 1746 5455 1872 5547; x_wconf 88' lang='lat' dir='ltr'>quibus</span> 
     </span>
     <span class='ocr_line' id='line_1_31' title="bbox 318 5580 1871 5674; baseline -0.005 -17"><span class='ocrx_word' id='word_1_271' title='bbox 318 5584 495 5673; x_wconf 89' lang='lat' dir='ltr'>omnibus,</span> <span class='ocrx_word' id='word_1_272' title='bbox 531 5583 678 5656; x_wconf 85' lang='lat' dir='ltr'>solvitur</span> <span class='ocrx_word' id='word_1_273' title='bbox 704 5590 741 5655; x_wconf 89' lang='lat' dir='ltr'>et</span> <span class='ocrx_word' id='word_1_274' title='bbox 766 5584 971 5657; x_wconf 90' lang='lat' dir='ltr'>conducitur</span> <span class='ocrx_word' id='word_1_275' title='bbox 1002 5583 1136 5655; x_wconf 89' lang='lat' dir='ltr'>decima</span> <span class='ocrx_word' id='word_1_276' title='bbox 1162 5580 1386 5674; x_wconf 81' lang='lat' dir='ltr'>manipularis</span> <span class='ocrx_word' id='word_1_277' title='bbox 1413 5585 1451 5654; x_wconf 86' lang='lat' dir='ltr'>et</span> <span class='ocrx_word' id='word_1_278' title='bbox 1476 5581 1652 5672; x_wconf 72' lang='lat' dir='ltr'>aucupans</span> <span class='ocrx_word' id='word_1_279' title='bbox 1678 5599 1743 5669; x_wconf 92' lang='lat' dir='ltr'>pro</span> <span class='ocrx_word' id='word_1_280' title='bbox 1769 5597 1871 5668; x_wconf 92' lang='lat' dir='ltr'>prae·</span> 
     </span>
     <span class='ocr_line' id='line_1_32' title="bbox 318 5697 1872 5798; baseline -0.007 -18"><span class='ocrx_word' id='word_1_281' title='bbox 318 5705 432 5780; x_wconf 91' lang='lat' dir='ltr'>benda</span> <span class='ocrx_word' id='word_1_282' title='bbox 458 5703 615 5798; x_wconf 87' lang='lat' dir='ltr'>praefata</span> <span class='ocrx_word' id='word_1_283' title='bbox 640 5705 677 5777; x_wconf 94' lang='lat' dir='ltr'>in</span> <span class='ocrx_word' id='word_1_284' title='bbox 704 5703 892 5797; x_wconf 73' lang='lat' dir='ltr'>chatel,</span> <span class='ocrx_word' id='word_1_285' title='bbox 928 5711 965 5777; x_wconf 89' lang='lat' dir='ltr'>et</span> <span class='ocrx_word' id='word_1_286' title='bbox 990 5704 1090 5776; x_wconf 83' lang='lat' dir='ltr'>vulm</span> <span class='ocrx_word' id='word_1_287' title='bbox 1115 5704 1191 5788; x_wconf 79' lang='lat' dir='ltr'>eius</span> <span class='ocrx_word' id='word_1_288' title='bbox 1218 5701 1262 5774; x_wconf 90' lang='lat' dir='ltr'>ad</span> <span class='ocrx_word' id='word_1_289' title='bbox 1289 5697 1474 5775; x_wconf 87' lang='lat' dir='ltr'>duodecim&#39;</span> <span class='ocrx_word' id='word_1_290' title='bbox 1495 5721 1631 5774; x_wconf 88' lang='lat' dir='ltr'>mareas</span> <span class='ocrx_word' id='word_1_291' title='bbox 1657 5699 1872 5785; x_wconf 70' lang='lat' dir='ltr'>aestimatum</span> 
     </span>
     <span class='ocr_line' id='line_1_33' title="bbox 315 5822 1864 5920; baseline -0.006 -20"><span class='ocrx_word' id='word_1_292' title='bbox 315 5829 399 5901; x_wconf 86' lang='lat' dir='ltr'>item</span> <span class='ocrx_word' id='word_1_293' title='bbox 424 5829 587 5920; x_wconf 85' lang='lat' dir='ltr'>taberne,</span> <span class='ocrx_word' id='word_1_294' title='bbox 621 5827 706 5900; x_wconf 92' lang='lat' dir='ltr'>item</span> <span class='ocrx_word' id='word_1_295' title='bbox 733 5825 924 5916; x_wconf 88' lang='lat' dir='ltr'>hortulani;</span> <span class='ocrx_word' id='word_1_296' title='bbox 958 5827 1041 5897; x_wconf 84' lang='lat' dir='ltr'>item</span> <span class='ocrx_word' id='word_1_297' title='bbox 1066 5824 1173 5898; x_wconf 83' lang='lat' dir='ltr'>hebet</span> <span class='ocrx_word' id='word_1_298' title='bbox 1208 5823 1329 5898; x_wconf 75' lang='lat' dir='ltr'>ecdem</span> <span class='ocrx_word' id='word_1_299' title='bbox 1355 5824 1554 5915; x_wconf 77' lang='lat' dir='ltr'>praebenda</span> <span class='ocrx_word' id='word_1_300' title='bbox 1588 5822 1716 5896; x_wconf 88' lang='lat' dir='ltr'>ibidem</span> <span class='ocrx_word' id='word_1_301' title='bbox 1742 5840 1864 5911; x_wconf 78' lang='lat' dir='ltr'>agrum</span> 
     </span>
     <span class='ocr_line' id='line_1_34' title="bbox 318 5945 1870 6044; baseline -0.005 -23"><span class='ocrx_word' id='word_1_302' title='bbox 318 5949 464 6022; x_wconf 87' lang='lat' dir='ltr'>liberum</span> <span class='ocrx_word' id='word_1_303' title='bbox 490 5972 554 6042; x_wconf 94' lang='lat' dir='ltr'>pro</span> <span class='ocrx_word' id='word_1_304' title='bbox 581 5950 724 6041; x_wconf 88' lang='lat' dir='ltr'>praedio</span> <span class='ocrx_word' id='word_1_305' title='bbox 752 5970 824 6039; x_wconf 92' lang='lat' dir='ltr'>suo,</span> <span class='ocrx_word' id='word_1_306' title='bbox 850 5947 934 6022; x_wconf 92' lang='lat' dir='ltr'>item</span> <span class='ocrx_word' id='word_1_307' title='bbox 961 5947 1129 6038; x_wconf 80' lang='lat' dir='ltr'>piscinam</span> <span class='ocrx_word' id='word_1_308' title='bbox 1156 5965 1268 6038; x_wconf 87' lang='lat' dir='ltr'>uuam,</span> <span class='ocrx_word' id='word_1_309' title='bbox 1296 5945 1377 6044; x_wconf 88' lang='lat' dir='ltr'>item</span> <span class='ocrx_word' id='word_1_310' title='bbox 1388 6019 1393 6042; x_wconf 23' lang='grc' dir='ltr'>,Ι</span> <span class='ocrx_word' id='word_1_311' title='bbox 1403 5949 1543 6040; x_wconf 71' lang='lat' dir='ltr'>pratarm</span> <span class='ocrx_word' id='word_1_312' title='bbox 1569 5949 1605 6017; x_wconf 90' lang='lat' dir='ltr'>et</span> <span class='ocrx_word' id='word_1_313' title='bbox 1630 5965 1767 6036; x_wconf 80' lang='lat' dir='ltr'>gayum,</span> <span class='ocrx_word' id='word_1_314' title='bbox 1793 5961 1870 6016; x_wconf 83' lang='lat' dir='ltr'>cum</span> 
     </span>
     <span class='ocr_line' id='line_1_35' title="bbox 318 6049 1850 6145; baseline 0 -1"><span class='ocrx_word' id='word_1_315' title='bbox 318 6068 453 6144; x_wconf 87' lang='lat' dir='ltr'>duobus</span> <span class='ocrx_word' id='word_1_316' title='bbox 479 6071 601 6145; x_wconf 87' lang='lat' dir='ltr'>hortis.</span> <span class='ocrx_word' id='word_1_317' title='bbox 1085 6075 1097 6084; x_wconf 87' lang='grc'><strong>”</strong></span> <span class='ocrx_word' id='word_1_318' title='bbox 1110 6075 1122 6086; x_wconf 83' lang='grc'>“’</span> <span class='ocrx_word' id='word_1_319' title='bbox 1299 6121 1306 6134; x_wconf 90' lang='grc'>.-</span> <span class='ocrx_word' id='word_1_320' title='bbox 1380 6057 1382 6062; x_wconf 63' lang='grc'><strong>’</strong></span> <span class='ocrx_word' id='word_1_321' title='bbox 1417 6049 1445 6140; x_wconf 60' lang='grc'>’,</span> <span class='ocrx_word' id='word_1_322' title='bbox 1700 6133 1704 6140; x_wconf 83' lang='grc'><strong><em>,</em></strong></span> <span class='ocrx_word' id='word_1_323' title='bbox 1845 6115 1850 6138; x_wconf 90' lang='grc'>-.</span> 
     </span>
    </p>

    <p class='ocr_par' dir='ltr' id='par_1_8' title="bbox 316 6169 1875 6680">
     <span class='ocr_line' id='line_1_36' title="bbox 423 6169 1872 6286; baseline -0.006 -21"><span class='ocrx_word' id='word_1_324' title='bbox 423 6190 651 6283; x_wconf 80' lang='lat' dir='ltr'>Coumurnn,</span> <span class='ocrx_word' id='word_1_325' title='bbox 690 6192 774 6264; x_wconf 89' lang='lat' dir='ltr'>villa</span> <span class='ocrx_word' id='word_1_326' title='bbox 800 6191 864 6265; x_wconf 86' lang='lat' dir='ltr'>sub</span> <span class='ocrx_word' id='word_1_327' title='bbox 891 6190 1061 6282; x_wconf 83' lang='lat' dir='ltr'>parochia</span> <span class='ocrx_word' id='word_1_328' title='bbox 1086 6169 1217 6284; x_wconf 36' lang='lat' dir='ltr'>Sanctis</span> <span class='ocrx_word' id='word_1_329' title='bbox 1233 6190 1422 6264; x_wconf 78' lang='lat' dir='ltr'>laurentii¹</span> <span class='ocrx_word' id='word_1_330' title='bbox 1446 6195 1549 6264; x_wconf 82' lang='lat' dir='ltr'>extra</span> <span class='ocrx_word' id='word_1_331' title='bbox 1574 6208 1692 6260; x_wconf 87' lang='lat' dir='ltr'>muros</span> <span class='ocrx_word' id='word_1_332' title='bbox 1720 6185 1872 6286; x_wconf 62' lang='lat' dir='ltr'>Wisliap</span> 
     </span>
     <span class='ocr_line' id='line_1_37' title="bbox 318 6307 1872 6405; baseline -0.005 -19"><span class='ocrx_word' id='word_1_333' title='bbox 318 6333 417 6387; x_wconf 88' lang='lat' dir='ltr'>enses</span> <span class='ocrx_word' id='word_1_334' title='bbox 445 6314 531 6405; x_wconf 85' lang='lat' dir='ltr'>sita,</span> <span class='ocrx_word' id='word_1_335' title='bbox 572 6313 672 6386; x_wconf 90' lang='lat' dir='ltr'>cuius</span> <span class='ocrx_word' id='word_1_336' title='bbox 698 6314 895 6403; x_wconf 90' lang='lat' dir='ltr'>proprietas</span> <span class='ocrx_word' id='word_1_337' title='bbox 921 6313 966 6386; x_wconf 85' lang='lat' dir='ltr'>ad</span> <span class='ocrx_word' id='word_1_338' title='bbox 993 6312 1251 6386; x_wconf 91' lang='lat' dir='ltr'>serenissimum</span> <span class='ocrx_word' id='word_1_339' title='bbox 1278 6312 1441 6387; x_wconf 89' lang='lat' dir='ltr'>Poloniae</span> <span class='ocrx_word' id='word_1_340' title='bbox 1468 6332 1585 6402; x_wconf 80' lang='lat' dir='ltr'>regem</span> <span class='ocrx_word' id='word_1_341' title='bbox 1625 6309 1787 6402; x_wconf 82' lang='lat' dir='ltr'>pertinet</span> <span class='ocrx_word' id='word_1_342' title='bbox 1829 6307 1872 6380; x_wconf 87' lang='lat' dir='ltr'>ln</span> 
     </span>
     <span class='ocr_line' id='line_1_38' title="bbox 316 6431 1871 6534; baseline 0 -29"><span class='ocrx_word' id='word_1_343' title='bbox 316 6457 383 6523; x_wconf 86' lang='lat' dir='ltr'>qua</span> <span class='ocrx_word' id='word_1_344' title='bbox 409 6440 492 6506; x_wconf 91' lang='lat' dir='ltr'>sunt</span> <span class='ocrx_word' id='word_1_345' title='bbox 519 6432 717 6526; x_wconf 81' lang='lat' dir='ltr'>quindecim</span> <span class='ocrx_word' id='word_1_346' title='bbox 753 6433 845 6505; x_wconf 87' lang='lat' dir='ltr'>lanei</span> <span class='ocrx_word' id='word_1_347' title='bbox 881 6434 1137 6526; x_wconf 84' lang='lat' dir='ltr'>emethouules,</span> <span class='ocrx_word' id='word_1_348' title='bbox 1174 6437 1259 6534; x_wconf 63' lang='lat' dir='ltr'>itam</span> <span class='ocrx_word' id='word_1_349' title='bbox 1286 6435 1375 6508; x_wconf 79' lang='lat' dir='ltr'>duae</span> <span class='ocrx_word' id='word_1_350' title='bbox 1406 6433 1610 6508; x_wconf 85' lang='lat' dir='ltr'>advocatiae</span> <span class='ocrx_word' id='word_1_351' title='bbox 1637 6431 1871 6521; x_wconf 72' lang='lat' dir='ltr'>vulteranus</span> 
     </span>
     <span class='ocr_line' id='line_1_39' title="bbox 322 6553 1875 6680; baseline 0.002 -56"><span class='ocrx_word' id='word_1_352' title='bbox 322 6553 404 6626; x_wconf 83' lang='lat' dir='ltr'>item</span> <span class='ocrx_word' id='word_1_353' title='bbox 431 6557 582 6629; x_wconf 86' lang='lat' dir='ltr'>taberna</span> <span class='ocrx_word' id='word_1_354' title='bbox 606 6555 779 6648; x_wconf 72' lang='lat' dir='ltr'>advocmi,</span> <span class='ocrx_word' id='word_1_355' title='bbox 805 6576 874 6629; x_wconf 92' lang='lat' dir='ltr'>non</span> <span class='ocrx_word' id='word_1_356' title='bbox 892 6557 1026 6631; x_wconf 79' lang='lat' dir='ltr'>habens</span> <span class='ocrx_word' id='word_1_357' title='bbox 1043 6563 1165 6647; x_wconf 63' lang='lat' dir='ltr'>umus,</span> <span class='ocrx_word' id='word_1_358' title='bbox 1191 6553 1236 6630; x_wconf 85' lang='lat' dir='ltr'>da</span> <span class='ocrx_word' id='word_1_359' title='bbox 1253 6556 1378 6648; x_wconf 80' lang='lat' dir='ltr'>quibus</span> <span class='ocrx_word' id='word_1_360' title='bbox 1396 6553 1554 6628; x_wconf 87' lang='lat' dir='ltr'>omuibus</span> <span class='ocrx_word' id='word_1_361' title='bbox 1568 6554 1723 6652; x_wconf 71' lang='lat' dir='ltr'>solvitup</span> <span class='ocrx_word' id='word_1_362' title='bbox 1734 6558 1776 6642; x_wconf 73' lang='lat' dir='ltr'>et</span> <span class='ocrx_word' id='word_1_363' title='bbox 1791 6571 1875 6680; x_wconf 51' lang='grc' dir='ltr'>αρ-</span> 
     </span>
    </p>
   </div>
   <div class='ocr_carea' id='block_1_5' title="bbox 0 0 2113 8340">
    <p class='ocr_par' dir='ltr' id='par_1_9' title="bbox 0 0 2113 8340">
     <span class='ocr_line' id='line_1_40' title="bbox 0 0 2113 8340; baseline 0 0"><span class='ocrx_word' id='word_1_364' title='bbox 0 0 2113 8340; x_wconf 95' lang='lat' dir='ltr'> </span> 
     </span>
    </p>
   </div>
  </div>
 </body>
</html>
