4200 8342
1665 1735 1667 1742 Ι
1691 1626 1764 1699 395

320 1833 658 1926 Nrnoscuowroza,
685 1836 767 1909 uilla
794 1834 1043 1928 sub-parochia
1070 1833 1112 1907 de
1131 1833 1495 1927 Pyotrlrowicze
1515 1834 1592 1906 sita.
1627 1815 1671 1906 'In
1699 1857 1768 1926 qua

219 1964 301 2029 suot
335 1956 427 2028 lanei
463 1945 712 2047 amethonales,
748 1959 831 2030 item
867 1957 1065 2047 praedium,
1100 1958 1182 2028 item
1219 1958 1384 2046 taberna,
1420 1957 1504 2028 item
1539 1955 1767 2045 hortulaniae,

221 2078 264 2150 de
300 2079 426 2171 quibus
462 2079 620 2151 omnibus
656 2078 821 2169 solvitur,
861 2086 898 2150 et
933 2079 1136 2150 conducitur
1172 2078 1303 2149 decimo
1338 2078 1563 2168 manipularis
1598 2084 1647 2149 ct·
1669 2099 1770 2149 cana-

99 2257 106 2266 .
216 2200 305 2291 palis
341 2220 410 2291 pro.
431 2200 578 2272 ecclesia
611 2200 646 2271 in
674 2197 1047 2291 Pyotrkowicze,
1083 2206 1120 2271 ot
1146 2199 1245 2271 valor
1280 2199 1357 2271 cius·
1381 2200 1586 2272 aestimatur
1611 2198 1657 2271 ad
1684 2220 1766 2290 qua-

218 2327 299 2394 tuor
325 2341 470 2394 marcas.

321 2442 562 2532 Suurscuow,
588 2442 672 2514 rilla
698 2442 762 2514 sub
780 2443 945 2533 parochia
972 2442 1015 2515 de
1038 2441 1391 2533 Pyotrlrowiczc
1419 2442 1496 2512 sito.
1535 2443 1577 2511 ln
1596 2462 1664 2531 qua
1689 2447 1770 2514 sunt

219 2563 311 2635 lanei
337 2564 588 2654 cmethonnleS,
616 2565 701 2636 item
727 2564 923 2656 praedium,
950 2565 1033 2637 item
1059 2564 1223 2653 taberna,
1250 2564 1333 2635 item
1362 2562 1557 2651 hortulani,
1584 2562 1770 2653 dequibus

219 2684 378 2782 omnibus
404 2685 551 2759 solvitur
578 2691 614 2757 et
634 2685 838 2758 conducitur
864 2686 998 2758 decima
1025 2684 1249 2775 manipularis
1281 2691 1317 2756 ct
1335 2684 1511 2775 carrapalis
1539 2705 1605 2774 pro
1626 2684 1771 2756 ecclesia

220 2807 257 2878 iu
282 2805 666 2899 Pyotrkowycze,
693 2808 791 2880 cuius
817 2807 916 2880 valor
942 2808 987 2879 ad
1013 2813 1163 2900 quatuor
1190 2827 1332 2878 marcas.
1462 2871 1464 2876 .

220 3007 223 3012 ,
330 2927 446 3001 Villae
471 2929 707 3020 parochiales:
734 2923 1109 3022 Pyotrlrowicz'e,
1142 2927 1533 3020 Nynoschowicze,
1560 2927 1771 3018 Sulyszow

222 3048 583 3124 Wlosczowicze
609 3057 646 3122 et
673 3048 983 3124 Grabowicze.

325 3169 451 3242 Puera
478 3171 817 3262 Maurascucwrm,
844 3172 927 3244 villa
953 3173 1018 3245 sub
1044 3173 1211 3262 parochia
1237 3173 1281 3244 de
1308 3172 1666 3262 Pyotrlrowicze
1693 3172 1772 3244 situ.

221 3291 261 3362 In
288 3312 355 3382 qua
382 3297 464 3363 sunt
489 3292 633 3382 praedio
658 3292 843 3382 nobilium,
880 3313 968 3383 quae
994 3314 1059 3385 per
1085 3314 1145 3366 eos
1163 3299 1330 3383 arantur,
1362 3293 1405 3364 de
1433 3293 1557 3383 quihus
1584 3293 1771 3365 secundum

222 3413 449 3485 assertionem
476 3413 615 3502 plebani
646 3414 681 3484 in
708 3413 886 3485 Lissow
922 3414 1072 3486 dabatur
1107 3414 1245 3486 decima
1268 3415 1492 3503 manipularis
1520 3414 1564 3484 ad
1591 3389 1771 3484 ecclesiam
1874 3423 1876 3428 '
2006 3495 2013 3510 ι

222 3536 262 3614 in,
276 3534 468 3624 Lissum,
494 3533 555 3606 sod
573 3535 725 3607 alienata
751 3542 806 3608 est
832 3541 869 3607 et
886 3537 1078 3626 abstracta,
1114 3541 1150 3607 et
1167 3536 1339 3608 ecclesiae
1359 3536 1395 3607 in
1413 3535 1772 3627 Pyotrhowiczo

231 3656 395 3728 adiuncta
408 3649 457 3729 'et
473 3657 708 3748 appropriata,
724 3664 770 3734 ,et
787 3657 847 3730 illa
873 3677 964 3730 nunc
981 3663 1035 3730 est
1053 3658 1090 3729 in
1108 3659 1181 3730 eius
1208 3659 1425 3749 possessione
1451 3657 1603 3748 pacifica.

812 3877 1191 3955 anuuscrrowrczn.

328 4019 422 4094 Villa
436 4021 579 4094 hahens
614 4021 650 4091 in
676 4041 714 4092 sc
740 4019 920 4092 ecclesiam
956 4020 1206 4110 parochialem,
1242 4019 1369 4092 Sancto
1405 4019 1598 4092 Adalberto
1618 4022 1789 4110 martpri·
1866 4042 1868 4047 ·
1959 3991 1961 3996 ’

225 4143 391 4233 dicatam,
427 4143 523 4214 cuius
559 4142 683 4214 haeres
718 4141 896 4214 lohannes
922 4141 966 4213 de
1001 4141 1281 4234 Rythwyani
1304 4139 1499 4213 ¹Palatinus
1534 4139 1773 4214 Gracoriensia

226 4263 270 4336 de
287 4264 393 4335 armis
420 4262 722 4353 Accipitrum.
761 4263 891 4353 Inque
916 4266 998 4334 sunt
1022 4262 1114 4335 lanei
1142 4261 1387 4353 cmethonaleS,
1413 4262 1601 4354 dequibus
1627 4262 1775 4336 soluitur

226 4389 263 4455 et
288 4385 493 4456 conducitur
527 4384 660 4457 decima
686 4384 912 4474 manipularis
947 4389 983 4455 et
1009 4383 1184 4474 canapalis
1221 4404 1284 4475 pro
1312 4384 1514 4476 episcopatu
1541 4383 1772 4474 Crotoniensi,

220 4489 262 4576 et
279 4506 375 4577 valor
401 4506 475 4576 eins
502 4506 705 4578 aestimatur
731 4505 776 4577 ad
793 4511 943 4597 quatuor
961 4525 1095 4576 marcos
1122 4510 1159 4577 et
1176 4505 1283 4578 habet
1307 4505 1454 4578 ecclesia
1479 4507 1556 4597 ipsa
1573 4506 1774 4596 infrascrip-

138 4657 141 4662 ·
226 4631 282 4698 tos
310 4632 508 4716 proventus.
551 4626 668 4698 Primo
686 4632 860 4718 stagnum,
887 4625 1003 4698 domui
1022 4625 1195 4716 plebanali
1222 4626 1434 4728 contiguum,
1462 4632 1541 4718 post
1559 4627 1651 4720 quod
1668 4611 1775 4698 hahet

226 4747 363 4819 laneum
390 4765 553 4837 agrorum
578 4767 643 4838 pro
670 4746 814 4838 praedio
840 4766 919 4837 suo,
945 4751 983 4818 et
1008 4751 1146 4838 pratum
1173 4746 1206 4817 ei
1232 4746 1412 4837 adiacens,
1439 4751 1475 4819 et
1501 4745 1712 4839 protendens
1738 4765 1776 4824 sa
1921 4795 1923 4802 ,

225 4887 334 4961 usque
368 4867 414 4940 ad
439 4867 567 4942 limites
601 4867 705 4940 uilloc
730 4866 977 4958 Klysszow.
1024 4866 1113 4940 Itcm
1139 4866 1247 4939 hahet
1272 4886 1394 4939 arrum
1420 4885 1526 4957 penes
1554 4887 1657 4957 agros
1684 4875 1775 4937 crnc-¹

227 4989 387 5062 thonales
413 4989 542 5062 dictum
568 4986 821 5078 Wawrzelr,
848 4987 955 5061 etiam
981 4986 1098 5060 domui
1117 4987 1324 5078 contiguum.
1364 4988 1452 5060 Item
1469 4987 1577 5060 habet
1602 4987 1696 5074 circa
1711 4986 1774 5060 llu-

227 5112 324 5184 vinm
349 5109 565 5203 Wysloka
590 5129 717 5210 goynm
745 5128 821 5180 curn
849 5105 1205 5200 mollihciis,·dictum
1232 5107 1462 5200 Zawirzh,
1498 5113 1534 5180 et
1561 5108 1626 5182 suh
1652 5108 1773 5183 eodem

227 5235 333 5307 hahet
367 5239 529 5325 stagnum
564 5237 601 5304 et
626 5235 782 5322 pratum,
817 5249 928 5320 usqne
963 5228 1008 5301 ad
1043 5229 1214 5321 granities
1247 5229 1350 5302 villae
1386 5229 1594 5334 lilysch'o
1605 5253 1645 5303 w.
1685 5230 1773 5303 item

227 5355 263 5424 in
290 5353 449 5446 praelata
483 5353 567 5428 villa
602 5358 684 5427 sunt
710 5352 787 5443 agri
814 5351 898 5424 olim
932 5350 1144 5442 praediales,
1180 5371 1267 5454 quos
1294 5352 1413 5425 colunt
1447 5356 1521 5425 tres
1557 5353 1776 5441 emethones3

229 5474 313 5545 item
340 5474 408 5548 duo
425 5477 512 5566 agri.
528 5473 753 5565 scoltetiales,
778 5473 862 5547 item
888 5473 1036 5546 taberna
1061 5493 1130 5545 una
1147 5472 1289 5546 habens·
1305 5493 1426 5566 agros,
1453 5474 1496 5546 de
1516 5475 1776 5567 quibus-omni-

186 5587 470 5672 Uhussolvitur
496 5601 533 5669 et
558 5597 763 5670 conducitur
789 5595 922 5669 decima
957 5593 1184 5687 manipularis
1214 5601 1252 5669 et
1278 5596 1453 5687 canapalis
1479 5615 1542 5686 pro
1570 5596 1716 5667 ccclesia
1742 5595 1778 5664 in

232 5710 667 5818 Gawlnschowicze,
693 5723 730 5788 et
754 5717 853 5818 valor
878 5717 953 5790 eius
978 5715 1024 5788 ad
1050 5721 1184 5808 septem
1210 5713 1345 5792 marcas
1372 5715 1584 5789 aestimatur.
1623 5716 1711 5787 Item
1737 5714 1774 5786 in

231 5836 314 5908 villa
338 5835 882 5928 Klysschowsuoparochia
900 5835 1324 5913 Gaul-oschowioze
1350 5837 1426 5926 sita,
1453 5842 1654 5926 postagros
1672 5855 1773 5926 prae-

233 5959 341 6032 dialcs
367 5957 550 6054 alternatis
580 5957 700 6048 unnis;
735 5978 803 6032 uno
830 5959 921 6032 enirn
956 5979 1047 6032 anno
1074 5959 1222 6050 percipit
1257 5977 1334 6029 eam
1360 5956 1505 6027 ecclesia
1539 5957 1575 6028 iu
1603 5953 1778 6030 Gaulu-

234 6081 508 6169 schopicze,
536 6077 931 6170 alterovero-plebonns
956 6079 993 6152 in
1011 6077 1345 6172 Wielyawycsch.
1379 6075 1468 6148 Item
1485 6076 1592 6151 habet
1608 6077 1776 6160 decimam

188 6199 446 6295 =praedialom
471 6199 610 6272 invilla
636 6199 886 6292 Braeuaye,
911 6199 1161 6291 subparochia
1187 6197 1230 6270 de
1248 6194 1673 6272 Gauluschowicne
1699 6199 1778 6290 sita,

234 6330 270 6397 et
295 6325 395 6399 valor
420 6323 496 6397 eius
512 6321 717 6394 aestimatur
733 6322 778 6393 ad
796 6326 944 6413 quatuor
960 6339 1105 6392 marcas.
1147 6318 1236 6392 Item
1261 6316 1367 6392 hahet
1384 6311 1551 6394 decimam
1569 6320 1779 6412 praedialem

234 6447 371 6520 invilla
395 6441 879 6538 zdakow,suoparoouia
904 6438 1388 6514 deGawluschowicze
1415 6443 1500 6533 sita,
1527 6449 1563 6514 et
1580 6443 1679 6516 valor
1705 6442 1779 6513 eius

236 6543 438 6642 mouetur
463 6568 878 6658 adnnomsexagenam,
902 6569 984 6656 post
1008 6561 1399 6654 emethonesecclesiae
1425 6564 1460 6635 in
1479 6563 1781 6658 Polyany'ecz.
