4200 8342
299 1628 372 1705 432

297 1861 385 1930 quae
412 1848 553 1911 consuat
590 1838 755 1910 ecclesiae
781 1836 868 1909 duas
895 1856 1046 1925 marcas,
1082 1840 1119 1906 et
1145 1855 1249 1906 unum
1277 1832 1410 1905 octuale
1445 1831 1631 1922 cervisiae,
1666 1831 1846 1923 profesto

143 1933 152 1943 ⁸
296 1960 501 2032 Natiuitatis
529 1959 669 2032 Christi.
696 1960 783 2031 Item
810 1960 937 2031 braxat
963 1957 1112 2048 plebano
1130 1976 1194 2046 pro
1213 1955 1367 2046 qualibet
1393 1955 1600 2028 necessitate
1626 1960 1662 2027 et
1689 1959 1846 2045 ternpore

295 2081 495 2171 cervisiam,
523 2082 653 2172 absque
680 2081 804 2173 pretio.
840 2081 927 2153 Item
954 2080 1092 2171 quoties
1129 2081 1258 2150 mactat
1289 2078 1428 2169 aliquod
1455 2098 1569 2168 pecus,
1595 2081 1734 2149 tenetur
1761 2076 1845 2149 dare

186 2245 188 2252 ·
294 2204 441 2293 plebano
478 2209 638 2295 quartam
673 2209 807 2294 partem
843 2203 942 2275 dono.
979 2203 1065 2274 Item
1107 2202 1242 2292 quoties
1269 2200 1364 2271 ducit
1398 2199 1599 2290 cervisiam,
1633 2198 1845 2272 decivitate

293 2331 462 2416 emptam,
489 2332 550 2398 aut
578 2325 713 2417 quoties
740 2347 803 2415 per
830 2346 867 2396 se
893 2326 1073 2397 branciam
1101 2323 1281 2414 propinat,
1309 2327 1449 2394 tenetur
1475 2315 1623 2412 plebano
1651 2321 1746 2411 dare,
1773 2344 1845 2393 me-

294 2447 387 2518 dium
415 2447 572 2537 quartale
599 2447 776 2519 cervislae.
803 2446 890 2518 Item
909 2445 1046 2537 quando
1065 2446 1149 2517 emIt
1167 2445 1210 2516 ab
1229 2463 1272 2518 eo
1289 2444 1458 2535 plebanus
1485 2444 1678 2534 cervisiam,
1703 2449 1844 2517 tenetur

293 2588 369 2640 eam
397 2569 462 2641 sibi
490 2568 667 2642 remIssius
694 2568 778 2647 dare
796 2590 864 2641 uno
882 2590 1019 2659 grosso,
1048 2588 1151 2658 quam
1178 2566 1425 2657 cmotbouibua
1453 2573 1513 2638 aut
1538 2566 1688 2638 caeteris
1713 2567 1844 2638 exteris

293 2691 510 2780 bominibus3
538 2687 575 2762 et
602 2691 739 2782 quoties
753 2690 903 2762 modium
922 2688 1082 2781 quartale
1108 2688 1275 2760 cervisiae
1293 2688 1429 2780 recipit,
1456 2692 1596 2761 tenetur
1614 2709 1682 2762 uno
1701 2676 1845 2761 denario

292 2811 403 2883 levius
430 2811 496 2884 sibi
523 2811 626 2902 illud,
663 2833 766 2903 quam
784 2812 869 2890 ,aliis
896 2809 990 2883 dare.
1023 2811 1112 2883 Item
1140 2810 1275 2901 quoties
1307 2811 1433 2883 braxat
1467 2810 1668 2902 cervisiam,
1704 2817 1845 2884 tenetur

292 2933 439 3023 plebano
467 2951 569 3004 vniam
595 2934 703 3005 tinam
731 2933 908 3024 siligarum
935 2932 1029 3005 darc.
1056 2931 1144 3004 Item
1170 2936 1311 3008 tenetur
1335 2931 1540 3006 falcastrare
1566 2937 1678 3006 totum
1705 2937 1843 3024 pratum

294 3054 386 3127 solus
414 3055 563 3146 plebani,
591 3056 681 3147 quod
709 3061 764 3128 est
789 3076 897 3146 penes
923 3055 1114 3127 tabernam.
1470 3063 1485 3076 ·’

397 3176 538 3267 Basia,
573 3177 656 3250 villa
682 3178 746 3249 sub
782 3176 948 3268 parocbia
974 3175 1017 3249 de
1043 3176 1316 3249 Dambroua
1351 3176 1427 3248 sita.
1467 3176 1508 3249 In
1535 3195 1603 3268 qua
1638 3182 1719 3250 sunt
1752 3176 1846 3251 lanei

291 3298 543 3389 cmethonales,
571 3299 614 3373 de
642 3298 765 3390 quibus
793 3299 942 3372 solvitur
968 3303 1004 3370 et
1031 3298 1236 3370 conducitur
1262 3297 1397 3370 decima
1425 3297 1652 3389 manipularis
1678 3305 1715 3372 et
1741 3321 1843 3372 cana·

292 3419 380 3509 palla
407 3441 471 3511 pro
491 3475 632 3491 ......
668 3422 757 3492 Item
784 3424 838 3494 est
863 3420 913 3493 ibi
939 3420 1102 3493 scoltetia
1127 3420 1260 3492 babens
1287 3440 1401 3511 agros,
1430 3421 1473 3492 de
1502 3420 1626 3512 quibus
1653 3420 1844 3494 decimatur

292 3540 458 3615 eeclesiae
484 3544 519 3613 in
546 3542 835 3631 Dambrova,
857 3545 908 3613 'et
934 3541 1031 3614 valor
1059 3542 1212 3615 decimae
1248 3542 1454 3616 aestimatur
1479 3542 1525 3615 ad
1552 3564 1656 3615 unam
1682 3565 1843 3617 marcam.

397 3660 617 3755 Gaoscuovv,
645 3665 728 3737 villa
754 3665 818 3736 sub
846 3663 1012 3754 parocbia
1038 3663 1082 3736 de
1108 3663 1377 3737 Dambrovra
1403 3664 1480 3738 alta.
1511 3665 1552 3736 ln
1579 3671 1728 3757 quaest
1755 3666 1843 3738 scol-

291 3787 379 3859 tella
406 3786 537 3859 habens
564 3777 675 3877 agros,
703 3787 747 3859 de
774 3785 899 3878 quibus
926 3784 1117 3858 decimatur
1144 3786 1309 3859 ecclesIae
1336 3777 1373 3857 in
1400 3787 1656 3878 Dambrowa,
1683 3791 1720 3860 et
1745 3786 1843 3861 valor

292 3909 445 3981 dammae
473 3906 676 3982 aestimatur
702 3909 748 3981 ad
775 3928 877 3980 unam
904 3927 1065 3980 marcam.

394 4030 616 4121 szauuow,
651 4029 734 4103 villa
761 4030 824 4102 sub
851 4030 1017 4121 parocbia
1052 4029 1096 4102 de
1121 4028 1325 4103 Korczin
1353 4031 1430 4106 sita
1470 4032 1511 4104 ln
1539 4053 1607 4124 qua
1642 4040 1723 4107 sunt
1749 4034 1843 4109 lanei

289 4153 532 4243 cmetb'onales,
560 4153 603 4226 de
630 4152 754 4244 quibus
781 4152 928 4225 solvitur
943 4151 1077 4224 decima
1102 4152 1329 4244 manipularis
1356 4158 1391 4226 et
1410 4154 1637 4246 canapalis...
1672 4155 1759 4227 Item
1787 4160 1841 4227 est

289 4275 338 4346 ibi
364 4274 544 4366 praedium
572 4274 743 4364 militare,
770 4273 813 4346 de
840 4275 937 4346 cuius
964 4274 1059 4365 agris
1086 4273 1279 4348 docImatur
1305 4275 1471 4349 ecclesiae
1500 4276 1536 4349 in
1561 4276 1845 4370 Dambrovva,

290 4396 385 4467 cuius
412 4395 510 4467 valor
537 4393 581 4466 ad
608 4399 680 4467 tres
707 4416 841 4466 marcas
868 4395 1084 4486 aestImatur.

393 4515 599 4605 Somenovv,
635 4515 719 4587 villa
746 4517 810 4588 sub
837 4515 1003 4608 parochia
1028 4516 1072 4589 de
1099 4515 1346 4590 Stroziska
1372 4520 1458 4609 sita,
1486 4521 1583 4594 cuius
1609 4521 1733 4608 haeres
1752 4577 1760 4593 .
1779 4577 1787 4594 .
1805 4577 1841 4594 ..
1883 4528 1887 4535 '

288 4638 331 4710 de
350 4638 455 4709 armies
472 4637 686 4710 Polukoze.
713 4638 753 4709 ln
780 4658 850 4730 qua
867 4643 948 4710 suut
974 4639 1067 4711 lanei
1093 4639 1336 4730 cmethonales,
1363 4639 1405 4713 de
1433 4641 1559 4733 quibus
1586 4641 1734 4717 soletur
1752 4699 1759 4713 .
1779 4698 1786 4714 .
1805 4700 1839 4714 ..

288 4760 376 4832 Item
404 4764 457 4832 est
483 4758 532 4831 ibi
560 4759 741 4850 praedium
767 4760 927 4851 militare,
955 4760 999 4833 de
1026 4782 1094 4852 quo
1112 4760 1305 4834 decimatur
1333 4763 1499 4836 ecclesiae
1525 4764 1562 4836 in
1589 4764 1842 4857 Dambrovva,

288 4883 385 4954 cuius
411 4882 511 4954 valor
537 4881 582 4954 ad
611 4903 712 4953 uuam
739 4902 890 4954 marcam
918 4883 1130 4955 aestimatur.

206 5089 213 5102 Ι
391 5003 666 5094 Bnnzrmrsznn,
701 5003 785 5076 villa
817 5005 882 5078 sub
909 5005 1076 5096 parocbia
1102 5003 1173 5080 dd'a
1191 5057 1300 5096 .....
1326 5027 1449 5079 versus
1474 5006 1736 5098 Ropczicze
1762 5011 1840 5083 sita.

287 5125 328 5196 In
355 5146 424 5216 qua
456 5127 540 5198 sunt
564 5130 644 5199 octo
671 5126 761 5199 lanei
793 5126 1045 5216 cmethonales,
1081 5128 1124 5200 de
1151 5125 1275 5220 quibus
1312 5128 1459 5201 solvitur
1485 5134 1523 5202 et
1548 5130 1754 5204 conducitur
1780 5132 1841 5205 de-

289 5246 378 5317 cima
402 5246 630 5335 manipularis
656 5253 692 5320 et
719 5249 894 5340 canapalis
922 5270 985 5340 pro
1005 5249 1150 5323 ecclesia
1177 5252 1213 5322 in
1239 5250 1520 5344 Dambrowa,
1547 5252 1644 5325 cuius
1672 5255 1769 5328 valor
1796 5254 1841 5329 ad

252 5353 256 5357 ’
289 5370 368 5437 octo
394 5386 531 5438 marcas
557 5365 770 5440 amilmatur.
807 5371 895 5441 ltem
922 5373 980 5443 est
1002 5367 1054 5444 rbi
1079 5372 1259 5462 praedium
1286 5373 1456 5464 militare,
1483 5372 1527 5447 de
1553 5395 1621 5468 quo
1648 5377 1753 5450 ctiam
1780 5377 1840 5451 de·

289 5488 435 5560 cimatur
460 5485 498 5560 in
523 5485 811 5580 Dambroua;
838 5491 936 5564 valor
963 5490 1116 5564 decimae
1143 5493 1188 5566 ad
1215 5500 1289 5567 tres
1315 5516 1458 5567 marcas.

390 5601 607 5699 cacanus,
631 5611 714 5683 villa
740 5612 804 5683 sub
832 5612 998 5703 parocbia
1024 5613 1067 5686 de
1086 5669 1093 5683 .
1113 5668 1121 5684 .
1140 5669 1175 5684 ..
1202 5616 1279 5688 sita
1305 5616 1346 5688 ln
1374 5639 1443 5708 qua
1461 5622 1544 5690 sunt
1570 5618 1728 5710 lanai...‚
1754 5619 1838 5693 item

287 5737 341 5804 est
367 5731 416 5803 ibi
443 5730 622 5822 praedium
649 5731 809 5824 milltare,
835 5734 878 5807 de
905 5756 973 5826 quo
1001 5735 1148 5809 solvitur
1165 5742 1202 5810 et
1220 5736 1425 5811 conducitur
1451 5739 1586 5812 decima
1611 5742 1837 5833 manipularis

287 5859 323 5926 et
350 5853 525 5945 canapabs
552 5874 617 5945 pro
643 5855 788 5928 ecclesia
813 5856 850 5929 ln
876 5855 1162 5949 Dambrovva‚
1189 5861 1287 5934 cuins
1305 5860 1404 5933 valor
1430 5862 1636 5937 aestimatur
1662 5861 1838 5938 curandi

274 5995 448 6048 ‘marcam

942 6099 1188 6180 Bonvnscnw.
1479 6135 1482 6140 ·

390 6217 484 6289 Villa
497 6209 642 6292 'babens
669 6219 704 6289 in
733 6240 775 6291 se
797 6209 978 6294 ambasiam
1014 6223 1248 6314 pambIalcm
1278 6193 1445 6318 ligneam,
1483 6227 1626 6302 Sancto-
1645 6226 1838 6324 Adalbertu

286 6340 432 6429 martyri
458 6342 495 6409 et
520 6338 675 6430 pontifici
702 6338 861 6429 modom,
888 6343 987 6416 cuius
1012 6345 1138 6419 haeres
1162 6331 1342 6420 biennes
1363 6347 1646 6442 Lipniczlry*
1660 6347 1704 6421 de
1730 6337 1838 6440 αὴ

287 6457 557 6548 Polukoaza,
583 6460 681 6534 cuius
698 6460 866 6553 plebanus
883 6464 1079 6546 Stanisluvs
1104 6447 1642 6564 uracovmrbaceuaurem,
1668 6475 1706 6545 ot
1730 6461 1839 6546 habac

287 6577 432 6658 ecclesia
456 6577 549 6659 iuba
573 6581 724 6683 scriptas
758 6583 962 6686 proventias:
1001 6591 1040 6661 et
1064 6581 1197 6686 priano,
1233 6609 1336 6684 afim
1361 6587 1557 6692 prumia
1582 6590 1837 6720 propios*
