4200 8342
322 1656 345 1727 6

315 1881 533 1933 successores
558 1860 670 1950 ipsius
700 1859 920 1947 Orienth,
947 1858 1046 1932 cuius
1065 1858 1227 1931 altarista
1244 1858 1415 1951 Georgius
1443 1859 1485 1930 de
1513 1856 1753 1951 Wynezilr,
1781 1861 1872 1950 quod

317 1981 425 2055 habet
451 1983 636 2053 consulein
663 1982 747 2053 villa
781 1980 911 2054 domini
945 1980 1071 2054 Jacobi
1097 1981 1140 2053 de
1165 1980 1368 2053 Dambno
1406 1980 1589 2052 castellani
1625 1979 1871 2069 masoviensis,

313 2102 478 2175 tredecim
506 2122 640 2173 marcas
667 2102 818 2175 latorum
844 2123 1055 2193 grossorum.
1694 2188 1696 2193 ¹

418 2222 542 2296 Altare
559 2221 772 2295 fundationis
787 2222 1042 2313 Sleptrogel,
1060 2223 1158 2295 euius
1172 2224 1311 2313 patroni
1329 2229 1405 2294 tota
1418 2222 1624 2313 genealogia
1637 2222 1747 2311 ipsius
1761 2220 1872 2312 Slcp-

312 2344 456 2434 trogel,
471 2343 568 2415 euius
582 2344 742 2416 altarista
756 2400 764 2413 .
779 2399 785 2413 .
802 2399 829 2435 .,
853 2343 944 2435 quod
957 2344 1065 2417 habet
1078 2344 1113 2414 in
1128 2338 1304 2435 praetorio
1319 2342 1541 2415 cracoviensi
1562 2342 1710 2414 sedecim
1729 2362 1871 2413 mareas.

416 2453 541 2536 Altare'
565 2463 668 2536 Beati
693 2463 840 2539 Martini
866 2452 966 2537 eirca
986 2465 1191 2554 sacristiam,
1216 2464 1314 2537 cuius
1341 2464 1480 2555 patroni
1500 2518 1616 2533 .....

577 2706 775 2805 'Ecclesia
810 2710 1004 2792 Omnium
1037 2711 1290 2835 Sanctorum
1324 2714 1363 2791 in
1397 2682 1641 2792 crederis.-

346 3030 350 3037 ,
418 2949 459 3023 In
480 2947 628 3020 ecclesia
645 2947 805 3020 Omnium
824 2948 1029 3023 Sanctorum
1047 2928 1084 3020 in
1113 2948 1339 3020 Gracovia
1363 2968 1385 3018 a
1401 2940 1580 3039 primaeva
1597 2948 1651 3018 sui
1668 2947 1870 3019 fundatione

314 3088 403 3145 uuus
430 3076 507 3141 erat
532 3070 711 3161 plebanus,
739 3092 827 3142 unus
853 3076 989 3160 rector3
1014 3071 1171 3162 patronis
1199 3090 1281 3143 vero
1310 3068 1599 3169 discordantibus,
1625 3073 1762 3140 creatae
1790 3076 1871 3140 sunt

313 3190 403 3265 duae
417 3191 607 3283 plebaniae,
634 3196 671 3263 et
696 3198 887 3282 proventus
915 3191 1142 3264 ecelesiastici
1155 3192 1204 3281 ¹in
1232 3189 1627 3281 utramque'distributi.
1663 3189 1728 3261 Est
1754 3196 1870 3261 autem

317 3313 464 3386 ecclesia
488 3318 644 3402 murata,
681 3313 808 3401 partim
834 3312 968 3405 lapide,
1003 3313 1132 3403 partim
1157 3310 1286 3402 latere,
1321 3311 1470 3403 amplam
1502 3304 1634 3384 babens
1660 3311 1870 3402 parochiam,

315 3434 380 3507 sub
408 3455 477 3524 qua
503 3440 540 3506 et
565 3434 753 3507 castrensis
780 3439 856 3507 tota
881 3456 903 3505 a
930 3433 1060 3506 circulo
1088 3433 1281 3505 inchoando
1309 3438 1346 3504 et
1372 3433 1445 3506 lata
1470 3433 1618 3524 plateae,
1645 3438 1681 3504 et
1707 3433 1871 3504 universa

315 3554 582 3627 Stradomia
608 3576 685 3625 eum
712 3555 784 3627 suis
808 3555 1029 3646 pertinentiis
1047 3560 1084 3626 et
1096 3552 1260 3626 domibus
1278 3554 1313 3624 in
1332 3554 1479 3627 circuitu
1498 3532 1604 3625 castri
1631 3553 1870 3626 cracoviensis

317 3676 450 3767 locatis,
476 3679 513 3746 et
539 3676 645 3747 etiam
672 3695 750 3747 cum
775 3676 900 3767 platea,
927 3677 1040 3748 alata
1066 3676 1182 3766 platea
1207 3696 1314 3765 usque
1342 3674 1387 3746 ad
1413 3696 1549 3749 murum
1576 3674 1721 3766 civilem,
1749 3696 1870 3747 versus

312 3796 560 3869 monasterium
588 3794 708 3868 Sancti
732 3796 918 3887 Franaisei
945 3796 1078 3873 inclusa
1104 3796 1202 3867 curia
1228 3795 1382 3887 episcopi
1410 3794 1668 3885 cracoviensis,
1697 3803 1869 3888 porrecta.

312 3916 477 3989 Fundata
507 3922 633 4008 autem,
661 3916 782 3989 dotata
810 3923 847 3989 et
873 3923 989 3989 erecta
1015 3917 1185 3990 asseritur
1211 3937 1275 4007 per
1302 3917 1472 4007 quendam
1498 3916 1667 3991 Jacobum
1694 3916 1870 3990 Bobola

315 4038 461 4111 militem
488 4037 784 4129 strenuissimum,
820 4037 982 4111 devotum
1008 4039 1110 4112 valde
1136 4044 1174 4110 et
1200 4037 1419 4129 religiosum,
1456 4039 1515 4128 qui
1542 4060 1606 4130 pro
1633 4059 1696 4109 suo
1724 4045 1806 4111 voto
1833 4041 1869 4111 in

315 4161 410 4233 omni
436 4166 607 4253 apparatu
626 4160 793 4232 exteriori
818 4165 893 4232 tum
912 4160 947 4231 iu
971 4180 1022 4250 se,
1049 4164 1124 4232 tum
1142 4160 1249 4232 etiam
1266 4159 1303 4231 in
1322 4180 1386 4230 sua
1411 4156 1543 4231 familia
1560 4160 1725 4233 utebatur
1744 4181 1869 4250 panno,

216 4310 219 4315 ·
314 4286 351 4352 et
377 4302 447 4352 nen
474 4280 517 4352 de
544 4280 612 4353 alio
640 4301 743 4371 quam
770 4282 813 4351 de
840 4281 920 4353 albo
947 4282 1079 4371 colore,
1117 4279 1378 4353 huiusdomus
1405 4286 1442 4352 et
1467 4278 1667 4383 baereditas
1701 4281 1869 4372 primaria

314 4400 541 4473 ethabitatio
568 4402 733 4473 continua
758 4403 956 4491 inparva
982 4401 1190 4494 Pyasselr
1216 4400 1301 4491 fuit,
1328 4399 1508 4492 Slupen
1536 4386 1619 4474 uero
1646 4407 1683 4475 et
1708 4422 1869 4492 magna

286 4520 520 4614 ¹l'yassek
547 4528 584 4592 et
611 4518 808 4593 Godana
834 4527 871 4593 et
897 4522 986 4594 aliae
1004 4521 1108 4596 villae
1134 4526 1237 4593 erant
1253 4520 1328 4594 eius
1347 4520 1593 4594 haereditates.
1624 4521 1721 4594 Idem
1749 4528 1868 4614 porta-

312 4644 375 4716 bat
400 4662 465 4735 pro
491 4643 597 4714 armis
624 4648 661 4714 ct
687 4643 809 4735 clypeo
836 4644 941 4734 ignile
959 4645 1101 4735 longum
1119 4648 1155 4715 et
1172 4644 1355 4731 strictum3
1382 4643 1523 4715 tandem
1550 4641 1625 4715 eius
1652 4663 1869 4716 successores

313 4764 544 4856 multiplicati,
572 4784 649 4836 eum
675 4764 844 4836 militibus
862 4771 899 4836 et
916 4766 1077 4858 satrapis,
1104 4766 1162 4856 qui
1190 4785 1233 4837 ex
1251 4763 1366 4836 Reno
1393 4769 1570 4853 venerant,
1597 4764 1640 4835 de
1667 4764 1868 4838 Tharnen

312 4884 482 4975 videlieet,
517 4883 722 4977 Meistyn
749 4890 792 4961 et
810 4884 834 4955 J
844 4886 1051 4976 aroslan,
1079 4893 1116 4957 et
1141 4885 1259 4957 lunam
1294 4889 1544 4957 menstruatam
1579 4906 1657 4967 crum
1693 4885 1796 4958 stella
1830 4887 1866 4957 in

313 5027 433 5099 campo
461 5007 649 5079 coelestino
676 5028 740 5097 pro
767 5006 894 5097 insigni
920 5009 1119 5097 portabant,
1146 5027 1183 5079 se
1210 5006 1474 5097 coniunxerunt,
1500 5012 1536 5078 et
1562 5011 1701 5080 vetusto
1728 5008 1865 5097 insigni,

315 5128 414 5219 ignili
431 5127 594 5199 uidelicet
610 5127 779 5218 deposito,
805 5129 940 5219 insigne
966 5129 1089 5200 stellae
1115 5134 1152 5200 et
1170 5128 1271 5200 lunae
1298 5132 1533 5200 menstruatae
1560 5127 1652 5200 terre
1670 5135 1866 5220 coeperunt.

313 5246 448 5319 Extant
473 5253 590 5320 tamen
616 5247 772 5321 nonnulli
799 5249 928 5322 milites
954 5250 992 5321 in
1018 5247 1184 5321 Poloniae
1209 5268 1329 5339 regno,-
1355 5252 1392 5322 et
1417 5249 1624 5339 praesertim
1641 5249 1678 5320 in
1697 5249 1867 5339 Mazovia,

313 5369 374 5461 qui
401 5367 500 5459 ignili
526 5388 590 5459 pro
617 5369 723 5441 armis
759 5374 914 5441 utuntur.
958 5369 1119 5443 liabetur
1145 5374 1182 5441 et
1208 5370 1402 5460 aliquorum
1438 5370 1599 5459 assertio,
1636 5391 1723 5460 quae
1757 5392 1866 5461 genus

307 5478 508 5581 Motum
534 5493 571 5560 et
597 5489 736 5581 domus,
773 5489 865 5580 quod
892 5490 1125 5563 sebastenus
1159 5496 1263 5562 necat
1297 5490 1497 5581 Lelyna,
1534 5508 1645 5581 neque
1672 5510 1715 5562 ex
1741 5491 1864 5562 Rene

310 5608 493 5683 Poloniam
529 5610 706 5703 venerint,
741 5631 854 5702 neque
889 5609 1006 5683 lunam
1043 5615 1293 5683 menstruatam
1329 5616 1365 5682 et
1395 5611 1531 5683 stellam
1566 5632 1630 5703 pro
1668 5612 1796 5701 insigni
1822 5633 1865 5683 en

310 5732 434 5819 Reno
460 5730 615 5822 tulerint,
642 5733 703 5804 sed
730 5733 764 5803 in
793 5718 942 5823 quodam
968 5733 1060 5805 bello
1087 5732 1209 5804 contra
1235 5732 1421 5824 Hungaros
1448 5733 1629 5823 instructo,
1656 5738 1693 5804 et
1718 5730 1866 5803 feliciter

311 5852 456 5927 devictis
482 5852 643 5925 hostibus
669 5853 824 5943 obtento,
850 5853 968 5925 lunam
994 5858 1247 5926 menstruatam
1273 5874 1350 5925 cum
1378 5853 1489 5943 stella,
1516 5853 1560 5926 ed
1588 5873 1733 5945 quorum
1752 5859 1865 5925 ortum

311 5977 532 6083 ppgnabant‚
550 5980 586 6049 et
604 5975 716 6067 qualis
733 5980 818 6047 tunc
835 5978 913 6047 erat
930 5970 1159 6047 menstruatie
1177 5974 1295 6064 lunae,
1321 5974 1541 6047 aVladislao
1563 5974 1746 6047 Lolrtelr
1764 5973 1866 6046 Polo—

311 6096 391 6169 niae
416 6118 500 6188 rege
526 6098 562 6168 in
590 6098 726 6188 signum
763 6096 940 6171 virilitatis
966 6101 1050 6169 tunc
1076 6101 1254 6186 ostensae,
1290 6096 1472 6188 praemiati
1506 6100 1605 6187 sunt,
1639 6101 1676 6167 et
1702 6115 1867 6186 processu

313 6220 482 6309 temporis
508 6218 552 6291 ab
579 6217 699 6290 eodem
726 6239 810 6309 rege
836 6225 874 6291 et
895 6218 966 6291 lilio
989 6238 1052 6291 suo
1072 6216 1249 6308 Gasimire,
1276 6216 1433 6309 plerique
1452 6238 1494 6290 ex
1513 6218 1564 6290 eis
1582 6222 1727 6308 propter
1745 6238 1865 6289 cerum

310 6336 537 6412 factivitatem
555 6342 591 6411 et
607 6338 838 6430 prudentiam,
865 6344 901 6411 et
925 6339 1105 6431 signanter
1132 6336 1270 6431 quidam
1288 6338 1554 6430 Spiezmerus,
1579 6337 1864 6427 haereditatibus,

312 6438 560 6533 donationibus
586 6464 623 6533 et
640 6459 902 6550 magistratibus
929 6460 1030 6551 ancti,
1058 6466 1174 6534 castra
1200 6460 1277 6551 tria,
1304 6458 1561 6549 Melsthin,¹
1579 6458 1804 6531 Tharnen
1830 6463 1866 6530 et

297 6574 544 6661 'detestas
559 6600 660 6655 muro
676 6579 846 6675 latericia
863 6578 950 6655 duas
968 6601 1105 6677 quoque
1122 6580 1284 6657 civitates
1311 6578 1537 6655 Tharnen
1563 6586 1601 6653 et
1626 6578 1866 6670 iaroslaw,
