4200 8342
968 1857 1242 1929 Bszsszurczn.
1313 1864 1316 1873 '

442 1980 537 2053 Villa
572 1980 704 2051 habens
740 1980 775 2049 in
811 1998 849 2050 se
876 1977 1117 2068 'parochialem
1153 1978 1332 2049 ecclesiam
1368 1976 1537 2067 ligneam,
1564 1975 1696 2049 Sancto
1732 1973 1878 2048 ¹lobauni

331 2103 511 2192 Baptistae
538 2102 699 2191 dicatam,
726 2101 823 2172 cuius
850 2100 974 2171 haeres
1001 2098 1195 2177 Stanislaus
1213 2099 1429 2189 Lyganza
1455 2098 1498 2170 de
1516 2098 1620 2181 domo
1637 2096 1880 2170 Polukozr.

330 2224 369 2294 ln
397 2245 465 2312 qua
500 2227 581 2293 sunt
615 2222 707 2293 lanei
743 2221 995 2309 emetlronaleS,
1032 2220 1076 2291 de
1112 2221 1237 2310 quibus
1274 2219 1423 2292 solvitur
1458 2225 1494 2290 et
1520 2219 1728 2291 conducitur
1754 2217 1882 2289 decima

330 2343 556 2436 manipularis
582 2348 618 2414 et
644 2343 820 2433 carrapalis
846 2362 910 2432 pro
937 2396 946 2412 .
973 2395 980 2410 .
1008 2395 1015 2412 .
1051 2342 1138 2413 Item
1166 2342 1272 2414 hahet
1297 2341 1347 2413 ibi
1374 2341 1519 2413 ecclesia
1544 2346 1582 2411 et
1607 2340 1780 2430 plebanus
1807 2359 1881 2428 pro

330 2466 426 2556 prios
453 2485 556 2554 agros
582 2465 710 2537 liberos
738 2468 774 2535 et
799 2469 910 2554 prata,
936 2482 1000 2553 pro
1027 2478 1090 2534 suo
1117 2482 1181 2534 usu
1208 2469 1246 2535 et
1271 2462 1490 2535 necessitate.

445 3672 540 3743 Villa
573 3672 706 3743 habens
742 3672 777 3744 iu
815 3692 853 3743 se
887 3672 1119 3763 parochialem
1155 3673 1336 3745 ecclesiam
1370 3673 1538 3764 ligneam,
1565 3672 1712 3744 Sanctae
1749 3671 1884 3744 Mariae

333 3792 561 3883 Magdalenae
588 3793 754 3884 dicatam,
781 3794 879 3865 cuius
914 3793 1111 3885 proprietas
1142 3800 1179 3865 et
1205 3795 1466 3885 inspatronalus
1500 3794 1546 3867 ad
1573 3794 1735 3866 abbatem
1765 3793 1884 3864 Thini-

334 3916 502 3986 czieusem
529 3915 690 4005 pertinet.
725 3914 765 3986 In
793 3936 862 4006 qua
888 3922 969 3987 snut
995 3915 1088 3986 lanei
1114 3916 1368 4007 cmetboncles,
1394 3917 1438 3989 de
1469 3915 1593 4007 quibus
1607 3916 1717 3987 sraric
1754 3915 1886 3987 decima

334 4036 481 4107 solvitur
507 4036 672 4107 ecclesiae
699 4036 735 4107 in
761 4037 1014 4129 Brzyszha3
1041 4057 1120 4109 nam
1145 4037 1253 4131 aliqui
1271 4038 1359 4128 agri.
1374 4037 1717 4127 solvuntmanipulo,
1734 4042 1772 4107 et
1790 4036 1886 4109 valor

332 4158 406 4229 eius
433 4157 478 4229 ad
504 4163 578 4230 tres
604 4178 746 4250 marcas,
773 4159 834 4231 alii
860 4180 930 4250 pen
949 4157 1129 4248 temonem,
1156 4159 1256 4230 valor
1282 4159 1371 4231 duae
1388 4176 1550 4248 marcae3-
1571 4157 1631 4229 alii
1647 4177 1759 4247 grano
1779 4179 1882 4235 uuum

332 4279 475 4351 chorum
502 4279 650 4369 siliginis
676 4285 713 4353 ct
740 4300 843 4352 unum
871 4301 1018 4353 arenae:
1045 4281 1128 4351 item
1154 4281 1270 4352 estin
1297 4279 1429 4365 eadem,
1444 4279 1527 4352 villa
1553 4278 1734 4371 praedium
1762 4298 1884 4350 coeno-

333 4399 444 4488 biale,
472 4400 515 4470 de
551 4400 647 4471 cuius
683 4402 777 4490 agris
814 4401 960 4474 solvitur
995 4402 1129 4474 decima
1144 4405 1147 4411 '
1163 4401 1390 4492 manipularis
1404 4401 1582 4502 ⁴ecclesiae
1609 4406 1646 4471 et
1672 4399 1824 4490 plebano
1850 4401 1884 4470 in

334 4519 587 4611 Brzysska,
613 4521 710 4593 cuius
745 4522 844 4594 valor
879 4521 924 4594 ad
955 4527 1105 4614 quatuor
1132 4543 1285 4613 marcas,
1311 4522 1393 4594 item
1420 4529 1509 4595 sunt
1528 4521 1577 4595 ihi
1600 4521 1693 4599 ¹duae
1718 4521 1886 4593 tabernae

334 4641 504 4713 habentes
530 4661 652 4732 agros,
680 4662 750 4715 una
785 4644 1005 4734 monasterii,
1032 4644 1143 4717 altera
1170 4644 1326 4734 scolteti,
1353 4649 1389 4716 et
1414 4649 1563 4735 utraque
1589 4642 1694 4716 solvit
1719 4642 1885 4715 decimam

329 4762 582 4854 manipularem
619 4763 785 4836 eeclesiae
812 4765 847 4836 in
874 4765 1133 4858 Brzysska3
1169 4766 1253 4837 item
1280 4771 1334 4838 est
1360 4765 1410 4836 ibi
1437 4764 1613 4854 scoltetia,
1640 4764 1774 4835 hahens
1800 4763 1885 4835 duos

335 4884 460 4976 laneos
488 4884 532 4957 dc
559 4885 715 4978 quolibet
742 4886 846 4958 solvit
866 4906 935 4977 pro
963 4885 1269 4978 decimaxplehano
1296 4907 1400 4958 unum
1424 4884 1602 4976 lantonem,
1619 4907 1725 4956 unum
1744 4885 1884 4956 chorum

334 5008 481 5097 siliginis
509 5014 545 5080 et
570 5029 675 5081 unum
702 5026 853 5099 avenae,
880 5009 963 5080 item
991 5014 1072 5086 suut
1097 5009 1147 5081 ibi
1173 5029 1296 5093 novem
1323 5007 1551 5097 hortulaniae,
1578 5006 1746 5079 habentes
1773 5026 1884 5096 agros,

334 5134 370 5198 et
397 5128 501 5201 solvit
527 5130 707 5223 quaelibet.
727 5151 833 5202 unum
860 5130 1004 5203 chorum
1031 5129 1179 5221 siliginis
1205 5130 1353 5201 sinuas
1378 5126 1477 5201 litlot
1494 5129 1617 5218 canapi
1635 5128 1714 5218 puri
1731 5149 1797 5219 pro
1816 5126 1886 5218 ple-

335 5249 447 5338 bano;
473 5246 556 5319 ilani
582 5250 751 5341 plebanus
777 5251 884 5323 habet
910 5251 1071 5343 proprios
1098 5272 1201 5342 agros
1228 5258 1265 5323 et
1289 5255 1402 5342 prata.
1417 5270 1481 5341 pro
1508 5270 1570 5322 suo
1592 5248 1750 5341 praedio.
1773 5247 1885 5322 Villae

325 5366 569 5457 parochiales:
603 5369 861 5461 Brzysaka,
887 5370 1109 5463 Olodawa,
1136 5371 1300 5465 Uyasd,
1326 5370 1626 5462 Wroblyowa,
1651 5369 1885 5461 Lipnicza.

437 5486 589 5579 Urnsn,
626 5488 709 5560 villa
734 5491 798 5564 sub
831 5492 999 5581 parochia
1034 5493 1199 5565 ecclesiae
1235 5493 1278 5565 de
1304 5492 1541 5583 Brzysslra
1567 5492 1653 5581 sita,
1680 5491 1779 5565 cuius
1804 5488 1885 5583 pro-

334 5609 467 5700 prietas
493 5607 538 5680 ad
557 5609 718 5682 abbatem
744 5617 780 5683 et
798 5613 1045 5685 monasterium
1077 5614 1302 5687 Thincziense
1329 5613 1490 5705 pertinet
1529 5612 1570 5684 In
1589 5630 1658 5704 qua
1683 5619 1772 5685 sunt.
1793 5613 1885 5684 lanei

333 5729 578 5822 emethonales,
608 5731 652 5802 de
679 5732 803 5822 quibus
831 5733 989 5809 omnibus
1015 5733 1170 5808 solvitur
1190 5741 1225 5807 et
1251 5733 1467 5806 conducitur·
1490 5732 1623 5805 decima
1656 5733 1884 5824 manipularis

333 5850 501 5924 ecclesiae
525 5853 561 5923 in
589 5853 843 5945 Brzysska,
871 5857 1025 5946 exceptis
1052 5856 1183 5947 tribus,
1220 5856 1262 5927 de
1290 5876 1436 5946 quorum
1460 5855 1558 5945 agris
1590 5853 1726 5926 tollitur
1752 5854 1887 5927 decima

333 5970 498 6044 ecclesiae
524 5973 560 6043 in
587 5972 879 6067 Kolaozicze‚
907 5981 944 6048 et
969 5978 1068 6049 valor
1099 5977 1143 6048 acl
1285 5977 1369 6050 item
1397 5977 1556 6049 scoltetia
1580 5981 1636 6049 est
1661 5976 1725 6066 ihi,
1752 5976 1886 6049 habens

334 6094 422 6164 dnos
449 6092 586 6182 laneos,
613 6094 807 6186 dequibus
834 6097 983 6169 decimat
1007 6098 1172 6170 ecclesiae
1199 6100 1234 6170 in
1262 6097 1504 6189 Brzysslsa
1528 6096 1714 6189 manipulo.

439 6212 711 6305 Waonnrousn,
747 6218 831 6290 silla
856 6219 920 6291 sub
948 6219 1113 6308 parocbia
1138 6220 1304 6293 ecclesiae
1339 6219 1383 6291 de
1410 6218 1647 6310 Brzysska
1677 6219 1763 6309 sita,
1791 6219 1889 6292 cuius

333 6337 532 6427 proprietas
558 6336 602 6408 ad
624 6340 874 6423 monsterium
900 6345 936 6410 et
962 6340 1123 6413 abbatem
1151 6338 1413 6412 Thincziensem
1450 6340 1612 6430 pertinet
1650 6339 1889 6431 liquamus

333 6459 425 6530 lanei
452 6458 783 6550 ememmalesride
811 6462 936 6552 quibus
963 6461 1111 6535 solvitur
1146 6468 1183 6533 et
1203 6462 1414 6536 conducitur
1438 6461 1573 6535 decima
1598 6461 1828 6553 manipularis
1853 6467 1889 6534 et

334 6581 510 6673 campalis
535 6581 701 6657 ecclcsiae
726 6585 765 6655 et
789 6582 1002 6657 momstcrio
1018 6578 1318 6659 runcatoris...
1385 6620 1400 6665 ...¹
