4200 8342
448 1628 469 1697 a

552 1835 681 1905 Braar
716 1832 928 1924 Goscmn,
959 1834 1059 1926 nilla,
1086 1836 1218 1908 habens
1253 1835 1289 1909 in
1326 1857 1363 1908 se
1400 1834 1633 1928 parochialem
1669 1835 1850 1909 ecclesiam
1885 1834 1999 1928 lapide

446 1964 636 2045 muratam,
668 1956 815 2027 Sanctae
842 1956 977 2027 Mariae
1010 1956 1241 2044 Magdalenae
1276 1958 1452 2047 dicatam·
1481 1959 1578 2030 cuius
1606 1959 1802 2049 proprietas
1828 1958 1998 2031 Johaunis

447 2078 825 2167 liorchuiczsky
853 2078 1016 2148 dedomo
1044 2080 1397 2170 Szyrolromlya,
1425 2081 1459 2149 in
1487 2101 1556 2169 qua
1582 2086 1663 2152 sunt
1689 2080 1883 2170 quindecim
1910 2078 1999 2149 lanei

444 2199 695 2287 anathoisdes,
733 2199 815 2269 item
843 2197 1010 2288 scultetis,
1037 2198 1170 2269 habens
1197 2200 1284 2271 duos
1310 2201 1447 2289 laneca,
1482 2202 1564 2273 item
1591 2186 1759 2271 tabernae
1795 2200 1903 2287 duae,
1930 2220 1996 2270 una

445 2320 583 2409 plebani
610 2319 721 2391 altera
748 2320 927 2407 haeredis,
953 2320 1035 2390 item
1063 2321 1233 2409 octaloni,
1260 2322 1303 2391 de
1330 2322 1456 2411 quibus
1475 2322 1633 2393 omnibus
1652 2322 1799 2392 solvitur
1817 2328 1853 2391 et
1871 2318 1997 2392 condu-

445 2441 535 2511 citur
561 2440 695 2511 decima
729 2439 955 2531 manipularis
982 2446 1018 2511 et
1044 2441 1220 2531 canopalis
1252 2462 1315 2531 pro
1342 2442 1503 2531 plebanis
1528 2443 1663 2513 mediae
1699 2443 1809 2532 partis
1836 2440 1996 2511 Omnium

444 2560 649 2632 Sanctorum
676 2561 713 2631 in
739 2558 984 2651 draconis,
1021 2566 1058 2632 et
1083 2562 1184 2635 udor
1217 2562 1292 2634 eius
1327 2566 1404 2634 octo
1440 2560 1652 2651 marcarum
1687 2562 1784 2633 itam
1809 2562 1997 2652 praedium.

444 2683 531 2752 ltcna
558 2682 726 2771 plebanus
753 2681 907 2752 ciusdem
934 2681 1038 2759 villae
1064 2682 1210 2773 Byaly
1236 2682 1459 2774 Gosczyol
1485 2684 1592 2755 habet
1619 2682 1685 2755 sibi
1703 2704 1807 2773 agros
1825 2682 1995 2773 proprios,

445 2803 575 2874 liberos
601 2809 637 2873 ct
663 2808 766 2891 prata
792 2824 856 2892 pro
883 2824 946 2873 suo
973 2803 1127 2892 praedio,
1154 2824 1218 2875 usu
1245 2810 1282 2875 et
1308 2805 1526 2877 necessitate.

548 2924 878 3013 Vrazcuowrsao‚
914 2923 997 2995 villa
1022 2924 1088 2997 sub
1114 2926 1279 3014 parochia
1306 2925 1349 2997 de
1376 2924 1746 2998 Alba-Ecclesia
1776 2910 1864 3015 sita,
1902 2924 1996 2996 cuius

443 3038 639 3137 proprietas
666 3045 710 3115 ud
737 3045 995 3117 serenissimum
1024 3045 1186 3117 Poloniae
1214 3068 1331 3137 regem
1358 3048 1528 3137 pertinet,
1564 3044 1600 3119 ln
1628 3066 1698 3137 qua
1724 3067 1793 3117 uon
1822 3052 1906 3118 sunt
1933 3045 1996 3116 uisi

443 3150 1062 3253 unuslaaenscmotnonalis3'i1em
1098 3168 1246 3238 taberna
1270 3190 1351 3256 una,
1377 3169 1510 3239 habens
1537 3176 1659 3258 agros,
1695 3169 1777 3257 item
1805 3166 1997 3239 ortulaniae

443 3309 515 3377 sea,
540 3288 710 3359 lrabcntes
746 3308 868 3377 agros3
904 3288 987 3358 item
1024 3287 1204 3376 praedium
1241 3309 1310 3359 non
1345 3295 1400 3359 est
1435 3290 1471 3359 in
1497 3284 1618 3359 eadem
1655 3287 1757 3376 villa,
1792 3287 1836 3358 de
1873 3287 1995 3376 quibus

445 3410 604 3480 ominibus
630 3408 777 3479 soluitur
802 3414 840 3477 et
865 3406 1068 3479 conducitur
1094 3408 1228 3478 decima
1253 3408 1479 3498 manipularis
1506 3416 1542 3480 et
1560 3408 1735 3499 canapalis
1762 3428 1828 3498 pro
1855 3407 1999 3487 seclusis

445 3528 580 3599 mediae
605 3529 716 3617 partis
742 3524 903 3598 Omnium
938 3526 1143 3599 Sanctorum
1170 3530 1206 3599 in
1233 3528 1480 3611 cracovia,
1516 3536 1551 3601 et
1577 3529 1674 3599 valor
1709 3528 1785 3599 eius
1812 3528 1999 3607 estimatur

447 3649 492 3719 ad
518 3656 592 3721 tres
619 3654 681 3719 aut
707 3654 856 3739 qrratuor
882 3668 1026 3719 marcas.

548 3768 698 3841 Gzeusn
725 3770 813 3840 alias
839 3768 1003 3851 Worum,
1030 3770 1123 3839 circa
1149 3768 1530 3841 Samostrzedlna
1556 3769 1796 3857 Karczma‚
1823 3767 1908 3839 villa
1935 3768 1997 3839 snb

445 3891 612 3981 parochia
637 3890 803 3960 ecclcsiae
830 3890 874 3959 dc
900 3890 1026 3961 Sancto
1052 3884 1186 3960 Jacobo
1214 3892 1249 3960 in
1276 3891 1529 3961 casimiria
1554 3892 1642 3980 sita,
1678 3892 1775 3962 cuius
1802 3890 1999 3979 proprietas

445 4012 490 4082 ad
517 4011 691 4101 hospitale
726 4010 845 4081 Sancti
879 4010 1031 4100 Spiritus
1059 4012 1095 4081 in
1122 4010 1351 4082 cracovia
1386 4014 1557 4101 pertinet,
1592 4012 1628 4082 iu
1655 4034 1724 4102 qua
1759 4018 1843 4081 sunt
1877 4010 1998 4100 viginti

445 4133 514 4204 duca
541 4133 631 4203 iunci
659 4130 912 4205 crnctlronalcs.
947 4132 1030 4201 item
1058 4132 1243 4220 tabernae,
1270 4132 1353 4202 itern
1381 4132 1591 4222 ortulaniae,
1618 4133 1661 4203 de
1689 4134 1814 4224 quibam
1842 4132 1999 4202 omnibus

445 4254 593 4324 seolsitur
618 4259 653 4323 et
682 4252 887 4323 conducitur
918 4252 1053 4323 decima
1080 4252 1304 4340 rrrairipularis
1331 4261 1366 4322 et
1393 4253 1568 4342 canapalis
1594 4274 1659 4344 pro
1685 4252 1830 4324 ecclesia
1865 4251 1999 4321 mediae

442 4374 555 4463 partis
580 4372 741 4443 Ouinium
767 4370 973 4443 Sanctorum
1000 4374 1035 4443 in
1063 4372 1300 4443 cracovia.
1327 4374 1413 4445 Item
1442 4373 1620 4463 praedium
1647 4396 1716 4447 non
1739 4382 1793 4446 est
1820 4375 1879 4447 ibi.

551 4493 755 4565 l'rscnown
781 4492 868 4563 alias
895 4492 1061 4581 Viscum,
1097 4492 1180 4564 uilla
1205 4494 1269 4564 sub
1306 4495 1471 4584 parochia
1505 4496 1670 4567 ecclesiae
1701 4496 1745 4567 de
1772 4496 1999 4569 Alba-Ec·-

444 4616 550 4687 rlesia
576 4616 661 4688 sita.
697 4616 794 4685 cuiuis
825 4616 1021 4703 proprietas
1048 4615 1093 4684 ad
1121 4616 1377 4686 sercrrissinnnn
1413 4615 1577 4687 Poloniae
1612 4637 1729 4706 regem
1765 4619 1937 4707 pertinet,
1964 4619 1998 4688 in

444 4758 513 4827 qua
538 4758 607 4807 non
640 4742 724 4806 sunt
758 4735 865 4825 aliqui
901 4735 992 4805 larici
1026 4736 1279 4822 cnrethonalcs3
1315 4737 1396 4806 itcnr
1432 4738 1579 4807 taberna
1613 4757 1682 4808 una
1718 4739 1850 4809 habens
1887 4714 1999 4829 agros,

444 4860 531 4929 item
551 4856 749 4928 ortulaniae
773 4876 844 4927 non
869 4863 966 4943 sunt,
993 4854 1037 4927 de
1064 4856 1190 4945 quibus
1216 4858 1375 4927 omnibus
1400 4857 1548 4927 soluitur
1573 4866 1610 4928 et
1635 4858 1841 4929 conducitur
1867 4858 2000 4930 decim

442 4978 669 5068 manipularis
694 4984 731 5049 et
756 4977 933 5067 canapalis
959 4998 1024 5066 pro
1049 4977 1197 5047 ecclesia
1232 4977 1362 5047 inediae
1390 4978 1499 5067 partis
1525 4977 1685 5050 Omnium
1723 4978 1931 5050 Sanctorum
1963 4980 1996 5049 in

442 5099 658 5171 Gracosia.
684 5106 721 5169 et
746 5098 845 5171 valor
870 5098 946 5169 cius
972 5099 1179 5168 aestimatur
1197 5097 1241 5167 ad
1260 5097 1346 5167 dnus
1365 5118 1515 5185 urarcas3
1542 5100 1624 5169 item
1643 5098 1822 5187 praedium
1842 5120 1911 5170 non
1933 5106 1996 5170 est.

550 5218 748 5305 annrom
773 5218 858 5289 rilla
884 5219 949 5289 sul)
975 5220 1139 5307 parochia
1166 5219 1210 5289 dc
1237 5218 1612 5309 llolp·echon·iczc
1639 5220 1717 5307 sita
1744 5220 1840 5291 cuius
1859 5220 1996 5310 propri·

444 5348 522 5411 etas
548 5347 715 5429 quantum
741 5338 786 5409 ad
812 5338 1017 5411 scoltetiam.
1042 5337 1088 5407 ad
1115 5339 1362 5409 monasterium
1390 5339 1423 5409 S.
1450 5338 1561 5409 llarci
1589 5340 1623 5409 in
1651 5339 1886 5428 Cracoria
1915 5342 2000 5411 alias

446 5462 490 5533 ad
517 5460 764 5531 nronastcrinm
800 5460 836 5529 in
871 5458 1098 5529 Trzcianu
1125 5458 1258 5529 ordinis
1284 5458 1317 5528 S.
1344 5458 1531 5547 Augustini
1558 5460 1601 5529 de
1629 5458 1849 5531 Paenitentia
1875 5461 2000 5533 Beato

444 5604 522 5654 runr
550 5580 765 5672 llartprnm.
792 5580 959 5651 medietas
986 5588 1102 5651 autem
1129 5579 1233 5649 uillae
1260 5579 1303 5649 ad
1332 5579 1497 5650 Poloniac.
1523 5600 1638 5669 regem
1666 5581 1839 5670 pertinet,
1867 5584 1904 5653 in
1932 5603 1999 5672 qua

444 5714 524 5777 siant
553 5704 644 5774 lanei
662 5700 908 5773 cmctlaonalcs:
927 5702 1010 5770 itcm
1028 5701 1173 5769 tabenna
1193 5721 1260 5769 una
1279 5701 1425 5783 scolteti,
1444 5700 1574 5772 habens
1593 5722 1711 5790 ugron
1738 5704 1823 5773 item
1840 5704 1998 5775 hortula-

446 5826 526 5897 niac
551 5847 621 5896 nain
648 5831 740 5897 saint.
767 5823 811 5894 dc
836 5822 962 5912 utribus
989 5822 1149 5891 cornicibus
1176 5821 1323 5890 soluitur
1349 5830 1383 5890 et
1404 5822 1607 5892 corrdncitur
1624 5821 1756 5893 decima
1773 5825 2001 5913 manipularis

446 5955 481 6015 et
509 5944 686 6035 canapalis
717 5966 783 6034 pro
809 5943 954 6015 ccclesia
981 5942 1116 6011 mediae
1142 5942 1255 6029 partis
1281 5941 1440 6011 ttrrrnium
1468 5940 1671 6011 Sacrouirum
1699 5944 1733 6012 in
1761 5942 2001 6031 Gracaria,

446 6086 509 6155 per
534 6086 595 6135 ser
621 6084 763 6151 grossius
789 6065 833 6135 dc
859 6065 980 6139 laneo:
1006 6062 1089 6132 item
1119 6061 1298 6151 praedium
1325 6061 1518 6132 scoltetialc
1546 6083 1606 6133 seu
1633 6034 1854 6134 caenobiale'

550 6184 721 6255 Bariana
746 6184 830 6254 ailla
854 6186 919 6253 sarta
946 6182 1112 6273 parmata
1137 6182 1181 6252 dc
1203 6180 1507 6251 ,illia-Ecclesia
1527 6182 1604 6253 sita
1622 6182 1721 6252 cuius
1739 6186 1939 6273 proprietas
1957 6185 2002 6256 ad

447 6307 705 6378 serenissimum
733 6301 897 6373 Parloniac
922 6326 1039 6393 regem
1066 6303 1238 6392 preminet.
1265 6304 1300 6372 in
1328 6323 1395 6391 qrra
1423 6308 1502 6373 sunt
1531 6302 1622 6372 lanci
1650 6304 1899 6393 curethonales
1916 6308 2000 6377 item

445 6428 590 6499 talarno
617 6424 862 6495 ll'iszona:
889 6424 972 6492 item
998 6423 1193 6494 ortulaniac
1221 6446 1288 6493 non
1316 6432 1415 6493 suut.
1443 6421 1486 6492 dc
1513 6422 1637 6511 quibus
1664 6425 1823 6495 omnibus
1851 6426 2002 6499 solvitur

445 6558 483 6619 et
508 6546 712 6617 conducitur
737 6544 871 6615 duima
897 6542 1124 6631 manipularis
1151 6556 1185 6613 et
1213 6542 1389 6631 cauapulis
1414 6540 1579 6613 ramesiae
1596 6540 1732 6615 mediae
1749 6546 1863 6633 partis
1881 6542 2001 6617 Omm-
