4200 8342
270 1617 341 1687 136

265 1821 435 1891 decanatu
462 1818 690 1908 cracoviensi,
717 1823 753 1890 et
778 1819 877 1890 valor
903 1819 977 1889 eius
1003 1819 1210 1889 aestimatur
1238 1872 1245 1887 .
1273 1871 1281 1887 .
1308 1872 1316 1888 .
1342 1817 1431 1889 Item
1458 1838 1529 1889 uon
1556 1822 1614 1888 est
1638 1818 1803 1908 praedium

265 1942 322 2030 ibi,
350 1941 410 2012 sed
436 1942 604 2012 tabernae
630 1944 667 2011 et
693 1939 761 2010 duo
788 1939 974 2030 hortulani,
1002 1940 1064 2029 qui
1091 1959 1161 2011 mou
1188 1940 1319 2011 habent
1345 1959 1459 2030 agros.

367 2060 596 2150 Summuumcz,
622 2060 707 2131 villa
734 2061 797 2130 sub
824 2061 989 2150 parochia
1007 2060 1050 2130 de
1068 2059 1092 2130 J
1101 2060 1258 2131 urkovv
1284 2062 1361 2151 sita,
1380 2061 1477 2133 cuius
1495 2060 1668 2132 haeredes
1686 2059 1804 2131 Jobau

263 2203 323 2253 nes
349 2181 683 2271 Drocheczsky
710 2180 753 2251 de
779 2180 880 2251 domo
907 2180 1109 2270 Zabawa‚
1137 2187 1173 2253 et
1199 2180 1341 2252 Pelha
1367 2181 1410 2252 de
1437 2181 1541 2254 domo
1569 2235 1579 2252 .
1607 2236 1616 2251 .
1643 2236 1652 2251 .
1678 2181 1719 2251 Iu
1744 2200 1803 2271 qua

262 2310 317 2373 est
342 2323 432 2373 umus
459 2322 536 2372 curn
562 2301 676 2372 medio
703 2301 823 2372 laneus
851 2301 1088 2391 cunethonalis,
1116 2302 1157 2373 de
1185 2302 1311 2392 quibus
1338 2302 1486 2374 solvitur
1504 2302 1642 2374 decima
1658 2302 1804 2391 manipu-

262 2423 346 2494 laris
373 2430 410 2493 et
436 2421 611 2512 canopalis
638 2442 701 2511 pro
730 2421 899 2492 decanatu
926 2420 1163 2511 Cracoviensi‚
1190 2427 1226 2493 et
1251 2422 1349 2495 valor
1375 2423 1449 2495 eius
1475 2423 1684 2496 aestimatur
1710 2422 1805 2495 ad..

264 2598 271 2612 .
299 2596 306 2611 .
332 2543 422 2613 Item
448 2549 530 2613 sunt
555 2541 605 2612 ibi
632 2541 702 2612 duo
726 2541 870 2631 praedia
895 2541 1074 2631 militaria,
1101 2543 1144 2613 de
1171 2543 1296 2633 quibus
1322 2543 1470 2615 solvitur
1495 2543 1633 2617 decima
1659 2543 1805 2632 manipu-

263 2663 348 2734 laris
374 2663 539 2734 ecclesiae
566 2663 602 2732 im
628 2660 652 2732 J
660 2661 825 2732 urkovv.

374 2782 649 2872 Nrnnomuczn,
669 2782 770 2853 ¹villa
805 2783 868 2854 sub
903 2784 1069 2874 parochia
1104 2784 1269 2856 ecclesiae
1304 2785 1347 2856 de
1381 2783 1405 2856 J
1413 2784 1572 2856 urkov
1603 2785 1692 2875 sita,
1719 2785 1805 2855 cuius

261 2905 385 2976 haeres
411 2902 604 2976 Stauislaus
630 2902 945 2994 Marszovsky
970 2904 1097 2975 mobilis
1124 2904 1168 2975 de
1195 2905 1295 2976 domo
1313 2904 1559 2977 Polukoza
1587 2904 1629 2975 lm
1648 2909 1806 2994 quaeunt

263 3025 380 3096 decern
406 3025 498 3095 lanei
525 3023 775 3113 emethonaleS,
804 3024 846 3094 de
874 3025 998 3114 quibus
1026 3026 1185 3096 omuibus
1213 3027 1361 3097 solvitur
1387 3030 1424 3097 et
1449 3025 1657 3098 conducitur
1685 3025 1806 3096 decima

261 3145 485 3235 manipularis
512 3150 549 3216 et
574 3143 750 3234 canopalis
777 3164 840 3233 pro
869 3144 1039 3216 decanatu
1066 3144 1296 3237 Cracovieusi,
1323 3153 1359 3218 et
1384 3146 1482 3219 valor
1508 3148 1585 3218 eius
1613 3201 1621 3216 .
1649 3201 1657 3216 .
1685 3201 1694 3217 .
1728 3146 1805 3217 Item

260 3288 330 3337 non
357 3272 412 3338 est
437 3266 486 3337 ibi
513 3264 711 3356 praedium,
738 3284 849 3355 neque
880 3266 1066 3356 tabernae,
1092 3287 1204 3357 meque
1231 3267 1469 3356 hortulaniae;
1495 3267 1557 3339 sed
1585 3274 1641 3339 est
1670 3268 1720 3339 ibi
1740 3267 1805 3357 qui·

262 3386 342 3457 darn
377 3406 461 3475 ager
497 3384 690 3475 appellatus
716 3406 819 3479 ayma
844 3386 1055 3477 plebanaliS,
1084 3407 1185 3477 quern
1212 3389 1296 3460 colit
1322 3389 1468 3478 emetha,
1495 3388 1540 3461 de
1567 3410 1638 3478 quo
1666 3387 1805 3479 percipit

262 3506 430 3577 decimam
457 3506 603 3577 ecclesia
629 3506 666 3576 in
692 3503 715 3575 J
724 3505 882 3577 urkov
907 3511 943 3577 et
969 3496 1117 3578 censum.
1582 3500 1593 3513 '

947 3626 1128 3699 aaaron.

365 3746 460 3818 Villa
495 3747 627 3819 habens
662 3747 699 3817 iu
732 3768 769 3818 se
804 3748 1037 3837 parochialem
1074 3747 1253 3819 ecclesiam
1288 3747 1415 3820 Sancto
1449 3748 1604 3830 Johauni
1631 3749 1805 3840 Baptistae

262 3858 420 3957 dicatam,
447 3873 484 3939 et
510 3888 573 3958 per
594 3865 789 3938 Johannem
808 3864 1058 3939 Grottouis
1085 3869 1283 3959 episcopum
1301 3867 1567 3941 cracoviensem
1584 3870 1698 3942 latere
1717 3875 1805 3942 cocto

261 4009 350 4059 anno
377 3988 517 4059 Domini
548 3988 645 4059 1408
673 3992 863 4077 muratam3
890 3989 987 4060 cuius
1014 3989 1213 4079 proprietas
1228 3990 1274 4060 ad
1292 3990 1528 4081 episcopatum
1546 3989 1805 4063 Oracovieusem

260 4110 422 4200 pertinet.
458 4109 499 4180 ln
528 4129 598 4199 qua
625 4115 707 4180 suut
734 4110 915 4180 duodecim
941 4109 1032 4179 lanei
1059 4109 1310 4200 emethonalcs,
1337 4111 1420 4182 item
1447 4112 1566 4183 decem
1592 4111 1805 4183 hortulauiae

259 4231 427 4302 habentes
462 4250 584 4319 agros,
612 4229 696 4300 item
731 4231 912 4320 praedium
947 4251 1053 4301 uuum
1088 4230 1283 4321 episcopale
1308 4232 1441 4322 amplos
1466 4232 1600 4305 habens
1627 4252 1742 4323 agros,
1766 4230 1804 4303 de

259 4351 383 4439 quibus
410 4350 578 4438 omnibus
606 4349 752 4421 solvitur
778 4356 814 4421 et
840 4350 1043 4422 conducitur
1070 4352 1201 4422 decima
1227 4352 1453 4442 manipularis
1480 4358 1515 4423 et
1542 4353 1720 4443 canopalis
1745 4370 1803 4442 pro

259 4470 405 4543 ecclesia
439 4476 475 4540 et
501 4469 648 4559 plebano
675 4470 712 4539 iu
738 4469 941 4561 Radlow,
968 4477 1004 4543 et
1029 4473 1128 4543 valor
1154 4473 1228 4543 eius
1256 4472 1461 4544 aestimatur
1487 4473 1531 4543 ad
1562 4473 1689 4563 viginti
1720 4493 1806 4543 mar·

261 4611 328 4663 cas.
354 4589 467 4661 Huius
495 4590 660 4662 eeclesiae
687 4590 724 4660 iu
750 4590 937 4663 Radlow
967 4593 1090 4664 unicus
1117 4598 1170 4664 est
1197 4596 1365 4683 patronus
1393 4598 1429 4664 et
1454 4592 1600 4664 collator
1627 4594 1805 4684 episcopus

259 4711 508 4784 cracoviensis.
543 4711 632 4782 Item
667 4711 704 4782 in
739 4712 860 4783 eadem
894 4712 978 4785 villa
1014 4719 1094 4785 sunt
1121 4719 1271 4804 quatuor
1296 4696 1534 4804 hortulauiae,
1562 4713 1624 4785 sed
1651 4735 1722 4787 nom
1746 4714 1806 4784 ha·

256 4833 341 4905 bent
368 4854 480 4923 agros.

361 4954 595 5044 Busuurrczu,
621 4953 706 5024 villa
732 4954 796 5024 sub
823 4953 990 5042 parochia
1016 4954 1059 5024 de
1084 4953 1272 5025 Radlov
1299 4955 1384 5043 sita,
1412 4955 1509 5055 cuius
1539 4955 1739 5046 proprietas
1764 4952 1808 5025 ad

256 5076 494 5166 episcopatum
530 5073 792 5145 cracoviensem
828 5074 992 5164 pertinet.
1030 5074 1072 5145 In
1113 5094 1180 5165 qua
1215 5079 1297 5145 suut
1332 5074 1449 5146 decern
1482 5081 1519 5147 et
1553 5082 1688 5166 septem
1720 5076 1808 5147 lauei

257 5197 501 5285 emethonalcs,
528 5195 611 5266 item
637 5199 710 5266 tres
737 5195 904 5266 tabernac
930 5195 1098 5267 habentes
1118 5215 1230 5285 agros,
1249 5195 1331 5265 item
1350 5202 1424 5267 tres
1440 5196 1660 5268 hortulauiae
1679 5198 1806 5269 habeu-

256 5324 311 5388 tes
345 5336 466 5406 agros,
494 5315 577 5401 item
613 5321 666 5386 est
701 5316 750 5387 ibi
785 5315 965 5406 praedium
992 5315 1159 5405 optimum
1185 5315 1398 5405 episcopale,
1425 5316 1469 5387 de
1496 5317 1622 5407 quibus
1649 5318 1807 5390 omuibus

257 5437 405 5509 solvitur
431 5441 468 5507 et
494 5434 697 5506 conducitur
724 5435 856 5507 decima
882 5435 1108 5524 manipularis
1134 5441 1170 5507 et
1197 5435 1372 5525 canopalis
1398 5458 1462 5527 pro
1491 5437 1664 5508 decanatu
1683 5437 1806 5509 croco

257 5559 386 5647 riensi,
413 5562 449 5629 et
474 5555 574 5628 valor
608 5557 683 5627 eius
718 5557 923 5627 aestimatur
950 5557 994 5626 ad
1020 5557 1167 5646 triginta
1192 5577 1337 5627 marcas.
1363 5557 1450 5628 Item
1477 5559 1679 5629 emethoues
1706 5559 1807 5630 villae

258 5679 397 5751 solvunt
423 5676 589 5751 ecclesiae
616 5677 652 5747 iu
678 5676 867 5747 Radlow
894 5675 1181 5748 columbationem
1207 5682 1243 5747 et
1270 5676 1389 5747 Sancti
1414 5676 1513 5748 Petri
1539 5677 1731 5749 denarium.

360 5800 684 5888 Pnoszuvuovvrczm,
711 5797 794 5869 villa
820 5797 884 5868 sub
902 5788 1077 5887 'parochia
1103 5797 1145 5868 de
1171 5796 1357 5867 Radlovr
1384 5798 1460 5887 sita,
1487 5797 1584 5868 cuius
1611 5800 1807 5889 proprietas

256 5923 301 5993 ad
336 5922 573 6012 episcopatum
608 5918 870 5991 cracoviensem
904 5919 1070 6008 pertinet,
1107 5938 1209 6007 quam
1245 5916 1413 6006 Sbigueus
1449 5923 1591 5989 sauctae
1618 5920 1805 5991 memoriae

256 6042 442 6113 cardinalis
468 6048 504 6112 et
530 6041 713 6132 episcopus
741 6038 980 6110 cracoviensis
1008 6038 1050 6108 de
1076 6039 1151 6109 loco
1177 6037 1334 6141 palustri
1351 6044 1387 6108 et
1412 6038 1536 6110 limoso
1562 6040 1682 6130 movit,
1710 6047 1748 6112 et
1764 6060 1805 6111 ex

256 6162 353 6231 tristi
388 6161 553 6250 optimam
586 6161 717 6250 effecit,
744 6158 984 6230 transferendo
1021 6177 1124 6247 agros
1159 6159 1233 6228 eius
1268 6177 1388 6228 versus
1415 6157 1554 6251 borram
1582 6164 1617 6230 et
1643 6161 1806 6252 antiquos

257 6301 378 6371 agros,
405 6280 506 6350 novis
536 6280 572 6348 in
600 6280 716 6350 radice
744 6280 852 6349 cruda
886 6278 1071 6366 extirpatis
1098 6276 1333 6367 adiungendo:
1361 6282 1462 6347 eraut
1486 6283 1601 6349 autem
1630 6281 1667 6349 in
1694 6280 1806 6353 veteri

256 6402 338 6471 villa
365 6421 425 6470 seur
451 6398 544 6469 lanei
571 6399 819 6490 emethonalcs,
847 6399 889 6503 de
918 6419 1064 6490 quorum
1091 6397 1224 6469 duobus
1251 6397 1451 6468 solvebatur
1477 6404 1514 6468 et
1539 6420 1631 6469 nunc
1657 6400 1805 6472 solvitur

257 6520 390 6592 decima
428 6518 653 6614 manipularis
693 6524 729 6590 et
768 6518 942 6610 canapalis
983 6517 1200 6609 praebendae
1236 6517 1449 6610 Visliciensi,
1485 6539 1573 6609 quae
1608 6520 1805 6611 appellatur
