4200 8342
1763 1644 1838 1715 413

390 1841 615 1933 Zraururcza,
642 1843 724 1913 uilla
751 1844 816 1916 sub
843 1845 1009 1934 parochia
1036 1846 1079 1916 do
1106 1845 1279 1917 Minori
1307 1846 1568 1919 Gasimirza
1594 1849 1670 1921 silo.
1703 1850 1744 1921 ln
1771 1871 1840 1942 qua
1954 1902 1959 1911 ,

290 1970 369 2035 suut
402 1963 496 2037 lanei
530 1962 784 2054 emethonalcs,
812 1965 854 2037 de
891 1967 1015 2055 quihus
1052 1967 1210 2039 omnibus
1238 1969 1385 2040 soluitur
1412 1975 1448 2041 et
1475 1968 1683 2055 conducitur¹
1705 1970 1837 2043 decima

288 2084 513 2175 manipularis
538 2090 576 2157 et
601 2088 776 2177 canapalis
803 2108 866 2176 pro
894 2089 1095 2177 episcopatu
1123 2086 1361 2179 cracoviensi,
1389 2094 1424 2162 et
1450 2091 1548 2163 valor
1575 2092 1655 2163 eins·
1677 2092 1836 2163 aestima-

289 2208 342 2277 tur
370 2206 416 2277 ad
443 2213 515 2279 tres
541 2228 684 2281 marcas.
712 2208 797 2278 Item
825 2214 880 2279 est
907 2208 954 2279 ihi
984 2210 1165 2299 praedium
1192 2210 1341 2282 militare
1360 2210 1689 2304 Poenorlronis,
1708 2212 1751 2285 de
1770 2235 1837 2304 quo
1945 2298 1950 2309 ,

288 2324 479 2402 decimatur
505 2350 568 2419 pro
595 2329 742 2402 ecclesia
768 2331 804 2401 in
831 2329 1064 2420 Soholina,
1092 2335 1128 2401 el
1154 2331 1253 2403 valor
1277 2331 1428 2403 decimae
1449 2334 1654 2405 aestimatur
1671 2334 1836 2406 adunam

283 2466 458 2541 marcam3
496 2456 531 2522 et
564 2450 758 2542 praefatum
790 2452 895 2523 etiam
922 2453 1101 2543 praedium
1140 2453 1278 2524 runcum
1305 2456 1458 2545 pertinet
1484 2456 1559 2527 iure
1586 2456 1776 2547 parochiali
1804 2456 1838 2527 in

277 2566 559 2664 Szolrolpna.

391 2694 507 2766 Villae
533 2697 767 2785 parochiales:
801 2695 1046 2788 Sokolina,
1075 2696 1325 2789 Kampada,
1353 2697 1623 2789 Krczonon’,
1651 2697 1840 2771 Charbi·

264 2817 498 2908 mosaicae,
525 2818 797 2911 Dambpanp,
825 2820 1095 2909 Bandzicze,
1122 2817 1363 2912 Kolpossi,
1395 2820 1658 2913 Zyemlicze
1684 2826 1837 2893 tanturn-

254 2938 388 3043 modo
416 2944 583 3029 quantum
610 2941 654 3011 ad
681 2964 787 3013 unum
814 2941 993 3031 praedium
1021 2941 1350 3033 Paczorkonis,
1380 2949 1544 3033 quantum
1572 2963 1653 3015 vero
1681 2943 1725 3013 ad
1753 2944 1839 3014 resi-

255 3058 391 3133 duam
420 3062 545 3152 villam,
572 3064 608 3134 in
627 3062 893 3135 descrere·
1367 3046 1370 3051 ⁵

975 3288 1166 3361 liemarum.

391 3427 487 3501 Villa
519 3428 652 3500 habens
689 3430 723 3499 in
760 3450 797 3499 se
830 3428 1025 3509 ecclesiam¹
1046 3429 1280 3519 parochialem
1317 3429 1484 3519 ligneam,
1512 3428 1647 3501 Sanctis
1674 3427 1840 3501 Omnibus

264 3549 455 3641 dicatam,
482 3552 579 3622 cuius
605 3550 773 3622 haeredes
801 3550 963 3621 Nicolans
990 3556 1026 3622 et
1051 3549 1229 3622 lohannes
1257 3550 1526 3641 Sinosvyecz
1553 3552 1596 3623 dc
1624 3552 1730 3622 armis
1754 3550 1839 3621 lin-

237 3672 524 3779 -ffl'quorum
559 3671 808 3763 Equorum,
836 3677 871 3742 ct
896 3670 1047 3744 lacobus
1076 3671 1337 3764 Kocninsky
1365 3673 1408 3743 de
1436 3675 1541 3745 armis
1569 3672 1763 3765 (lrahpe.
1798 3672 1838 3742 ln

277 3816 357 3889 qua
379 3802 464 3879 ¹sunt
491 3794 748 3885 quatuordecim
786 3792 876 3864 lanei
905 3794 1147 3864 enretlronales.
1187 3795 1274 3865 Item
1302 3795 1448 3866 taberna
1476 3817 1544 3866 urna
1571 3795 1703 3866 hahens
1729 3814 1841 3883 agros,

284 3916 330 3989 dc
357 3918 483 4008 quibus
509 3917 657 3989 solvitur
682 3921 719 3986 et
745 3915 949 3987 conducitur
976 3914 1108 3985 decima
1134 3916 1359 4005 nrarripularis
1386 3922 1422 3986 et
1448 3916 1623 4007 canapalis
1651 3936 1713 4005 pro
1740 3935 1841 4005 prae·

285 4038 446 4129 positura
472 4037 680 4126 llisliciensi,
707 4041 744 4107 et
771 4036 868 4107 valor
894 4037 969 4109 eins
996 4037 1202 4107 aestimatur
1228 4038 1272 4108 ad
1300 4037 1561 4127 quatuordecim
1580 4057 1723 4113 alarcos.
1750 4036 1838 4105 llam

287 4160 323 4232 iu
350 4161 469 4231 eadem
497 4160 579 4231 villa
606 4163 687 4230 sunl
715 4157 782 4230 duo
811 4159 954 4247 praedia
980 4158 1153 4247 militaria,
1172 4164 1208 4230 et
1226 4180 1286 4230 sex
1305 4159 1523 4231 lrorlulaniae
1541 4159 1712 4229 habentes
1728 4178 1841 4247 agrae,

260 4282 332 4353 'de
359 4283 483 4371 quibus
510 4281 700 4352 decimatur
727 4280 892 4351 ecclesiae
919 4281 953 4350 in
982 4280 1155 4351 Kocnin
1166 4302 1196 4369 a,
1223 4287 1259 4351 et
1287 4281 1388 4351 valor
1402 4280 1554 4352 decimae
1572 4281 1778 4351 aestimatur
1796 4278 1840 4349 ad

288 4424 349 4475 sax
376 4424 518 4475 mareas.
557 4404 646 4474 Item
672 4402 780 4473 hahet
806 4403 951 4473 ecclesia
981 4424 1045 4491 pro
1073 4402 1215 4492 praedio
1253 4424 1315 4473 sno
1343 4403 1477 4474 laneum
1506 4408 1542 4473 et
1568 4409 1707 4492 pratum
1735 4420 1840 4490 penes

289 4533 427 4617 pratum
453 4525 613 4597 haeredis
635 4525 783 4595 Sinon
793 4545 912 4616 poca,
939 4524 1071 4596 dictum
1100 4525 1131 4595 N
1142 4526 1233 4597 iun.

297 4636 301 4641 ’
331 4712 336 4727 ,
393 4646 701 4738 Mrs'ruzownmn,
729 4647 812 4717 uilla
838 4647 901 4716 suh
929 4647 1094 4737 parochia
1121 4646 1163 4717 de
1191 4646 1530 4739 Opathouyecn
1558 4646 1636 4737 sita,
1655 4645 1752 4717 euius
1771 4664 1841 4715 me-

290 4766 401 4841 dietas
427 4770 580 4860 pertinet
614 4769 659 4843 ad
685 4769 919 4859 praepositum
948 4768 1207 4858 Visliriensem,
1236 4770 1294 4859 qni
1322 4770 1429 4840 hahet
1456 4770 1502 4839 ihi
1531 4789 1636 4841 unum
1663 4766 1840 4856 praedium

290 4894 325 4961 at
350 4896 424 4975 lues
450 4890 685 4980 horhdanias,
712 4897 749 4960 et
776 4912 841 4960 rnorn
871 4889 975 4961 soluit.
1003 4890 1108 4960 alieni
1136 4891 1301 4960 decimam
1329 4890 1371 4960 dc
1400 4912 1462 4959 sno
1489 4889 1650 4979 praedio,
1677 4887 1737 4958 sed
1765 4908 1841 4957 eam

289 5004 418 5101 plumae
444 5012 555 5101 tollit,
582 5012 694 5095 altera
720 5017 835 5082 anatem
863 5012 1030 5081 arrandictas
1057 5013 1208 5101 permnet
1236 5010 1279 5081 ad
1306 5010 1474 5081 ‚laeohmn
1502 5008 1771 5098 h'ocainskp·
1799 5007 1841 5077 de

291 5136 395 5223 armis
430 5132 702 5226 Grahpa,.de
739 5133 863 5223 quibus
900 5133 1047 5204 solvitur
1084 5140 1119 5203 el.
1155 5133 1358 5205 conducitur
1394 5133 1527 5203 ‹locina
1554 5129 1779 5221 manipularis
1806 5133 1842 5201 el

289 5256 463 5347 cauapalis
490 5278 553 5357 pro
580 5252 725 5327 eeclesia
753 5256 786 5326 in
815 5254 1028 5345 Kounina,
1057 5260 1092 5326 et
1121 5255 1218 5327 ualor
1244 5256 1319 5327 eins
1347 5255 1389 5326 ad
1410 5260 1559 5345 quatuor·
1581 5274 1716 5359 marcas
1735 5252 1857 5324 nesti·

289 5384 411 5465 matur.
451 5379 538 5450 Item
575 5384 629 5450 est
664 5378 714 5451 ibi
741 5398 881 5468 carrrpns
917 5400 1024 5467 nurus,
1051 5378 1094 5448 de
1122 5399 1190 5467 (pao
1218 5366 1500 5467 ‹lecirnalur'pro
1528 5377 1689 5467 episcopo
1717 5374 1842 5447 Graco·

237 5510 241 5517 '
289 5492 422 5591 'riensi3
446 5501 545 5573 valor
561 5501 730 5573 decimae·
751 5505 829 5572 ocio
849 5501 962 5571 scotti.
1571 5482 1573 5487 ’

391 5618 550 5693 Ecclesia
567 5621 723 5711 praefata
740 5621 776 5692 in
795 5620 1011 5713 Kocnyna
1037 5643 1107 5694 non
1125 5622 1241 5712 hahet,
1268 5622 1337 5692 nisi
1364 5642 1465 5695 urnam
1494 5620 1610 5694 villam
1637 5616 1844 5703 Kpcaina

289 5742 532 5833 parochialem.
1332 5752 1351 5783 ⁰

910 5865 1226 5939 Pnonoaowrcza.

279 5954 365 6183 Ξ,
391 5984 488 6061 Villa
512 5986 645 6061 habens
670 5987 708 6057 in
735 6006 773 6058 se
799 5988 978 6059 ecclesiam
1005 5988 1238 6078 parochialem
1266 5986 1425 6075 ligneam,
1452 5983 1578 6055 Sancto
1597 5982 1729 6057 Jacoho
1749 5981 1843 6074 Apo·

351 6128 379 6191 ‚o
404 6109 564 6200 dicatam,
577 6109 681 6181 cuins
699 6108 822 6181 haeres
840 6110 962 6181 unicus
980 6114 1016 6181 et
1034 6116 1202 6199 patroinus
1223 6107 1347 6177 Petras
1367 6104 1460 6176 (ino
1470 6127 1521 6197 pe
1532 6106 1614 6176 nsh
1624 6129 1647 6198 p·
1675 6106 1718 6177 de
1733 6106 1842 6176 armis

287 6208 579 6305 Cunctorum.
619 6231 658 6303 ln
687 6253 755 6322 qua
781 6237 863 6302 sunt
890 6236 1039 6321 quatuor
1066 6210 1155 6300 lanei
1184 6228 1432 6316 cinethonales,
1461 6227 1656 6317 dequibus
1684 6228 1841 6299 omnihus

273 6350 435 6423 solvan·
452 6357 488 6422 et
506 6350 710 6423 conducitur
729 6332 862 6421 decium
879 6349 1104 6438 manipularis
1124 6354 1160 6417 cl.
1180 6347 1356 6437 cannapalis
1376 6369 1438 6437 pro
1458 6348 1615 6418 cantoria
1635 6346 1842 6434 Vislicicusi,

287 6476 324 6543 ct
347 6472 449 6545 valor
475 6474 783 6545 airus—aestimatur
809 6471 855 6543 ad
881 6478 1032 6563 quatuor
1057 6490 1201 6541 marcas.
1240 6469 1328 6541 Item
1357 6475 1438 6541 sunt
1465 6470 1500 6539 iu
1528 6469 1648 6539 eadem
1676 6468 1758 6540 uilla
1785 6467 1844 6538 alii

285 6594 455 6685 (pinqua-¹
472 6594 570 6667 lanei.
600 6594 856 6685 emetlronales,
892 6594 976 6665 item
1011 6612 1080 6663 nna
1114 6592 1221 6679 curia,
1247 6591 1409 6662 militaris
1445 6590 1577 6663 habens
1615 6611 1735 6683 agros,
1762 6589 1845 6663 item
