<?xml version="1.0" encoding="UTF-8"?>
<!DOCTYPE html PUBLIC "-//W3C//DTD XHTML 1.0 Transitional//EN"
    "http://www.w3.org/TR/xhtml1/DTD/xhtml1-transitional.dtd">
<html xmlns="http://www.w3.org/1999/xhtml" xml:lang="en" lang="en">
 <head>
  <title>
</title>
<meta http-equiv="Content-Type" content="text/html;charset=utf-8" />
  <meta name='ocr-system' content='tesseract 3.04.00' />
  <meta name='ocr-capabilities' content='ocr_page ocr_carea ocr_par ocr_line ocrx_word'/>
</head>
<body>
  <div class='ocr_page' id='page_1' title='image "./joannisdugoszse01dugoog_0226.png"; bbox 0 0 4200 8342; ppageno 0'>
   <div class='ocr_carea' id='block_1_1' title="bbox 333 1946 1888 2890">
    <p class='ocr_par' dir='ltr' id='par_1_1' title="bbox 1009 1946 1691 2022">
     <span class='ocr_line' id='line_1_1' title="bbox 1009 1946 1691 2022; baseline -0.001 -1"><span class='ocrx_word' id='word_1_1' title='bbox 1009 1946 1223 2022; x_wconf 84' lang='lat' dir='ltr'>Gonrnrczn.</span> <span class='ocrx_word' id='word_1_2' title='bbox 1687 1994 1691 2003; x_wconf 92' lang='lat'>-</span> 
     </span>
    </p>

    <p class='ocr_par' dir='ltr' id='par_1_2' title="bbox 333 2069 1888 2890">
     <span class='ocr_line' id='line_1_2' title="bbox 437 2069 1884 2161; baseline -0.002 -17"><span class='ocrx_word' id='word_1_3' title='bbox 437 2072 532 2144; x_wconf 89' lang='lat' dir='ltr'>Villa</span> <span class='ocrx_word' id='word_1_4' title='bbox 557 2073 689 2144; x_wconf 89' lang='lat' dir='ltr'>habens</span> <span class='ocrx_word' id='word_1_5' title='bbox 716 2072 751 2142; x_wconf 91' lang='lat' dir='ltr'>iu</span> <span class='ocrx_word' id='word_1_6' title='bbox 779 2091 816 2141; x_wconf 88' lang='lat' dir='ltr'>se</span> <span class='ocrx_word' id='word_1_7' title='bbox 843 2071 1077 2160; x_wconf 71' lang='lat' dir='ltr'>parochialem</span> <span class='ocrx_word' id='word_1_8' title='bbox 1104 2070 1285 2142; x_wconf 89' lang='lat' dir='ltr'>ecclesiam</span> <span class='ocrx_word' id='word_1_9' title='bbox 1311 2070 1469 2161; x_wconf 80' lang='lat' dir='ltr'>ligneam,</span> <span class='ocrx_word' id='word_1_10' title='bbox 1493 2069 1787 2143; x_wconf 57' lang='lat' dir='ltr'>Sancto·¹llioolao</span> <span class='ocrx_word' id='word_1_11' title='bbox 1807 2091 1884 2141; x_wconf 88' lang='lat' dir='ltr'>con·</span> 
     </span>
     <span class='ocr_line' id='line_1_3' title="bbox 333 2189 1885 2281; baseline -0.002 -17"><span class='ocrx_word' id='word_1_12' title='bbox 333 2193 457 2264; x_wconf 80' lang='lat' dir='ltr'><strong>sessori</strong></span> <span class='ocrx_word' id='word_1_13' title='bbox 492 2193 661 2281; x_wconf 66' lang='lat' dir='ltr'>dicatam,</span> <span class='ocrx_word' id='word_1_14' title='bbox 687 2194 786 2263; x_wconf 88' lang='lat' dir='ltr'>cuius</span> <span class='ocrx_word' id='word_1_15' title='bbox 812 2191 980 2267; x_wconf 86' lang='lat' dir='ltr'>haeredes</span> <span class='ocrx_word' id='word_1_16' title='bbox 1007 2191 1190 2280; x_wconf 87' lang='lat' dir='ltr'>Nicotaus,</span> <span class='ocrx_word' id='word_1_17' title='bbox 1217 2191 1333 2262; x_wconf 89' lang='lat' dir='ltr'>Hinek</span> <span class='ocrx_word' id='word_1_18' title='bbox 1359 2197 1397 2261; x_wconf 89' lang='lat' dir='ltr'>et</span> <span class='ocrx_word' id='word_1_19' title='bbox 1421 2189 1549 2262; x_wconf 87' lang='lat' dir='ltr'>Petrus</span> <span class='ocrx_word' id='word_1_20' title='bbox 1575 2189 1705 2263; x_wconf 80' lang='lat' dir='ltr'>tratres</span> <span class='ocrx_word' id='word_1_21' title='bbox 1730 2193 1885 2281; x_wconf 82' lang='lat' dir='ltr'>germani</span> 
     </span>
     <span class='ocr_line' id='line_1_4' title="bbox 334 2312 1886 2404; baseline -0.001 -20"><span class='ocrx_word' id='word_1_22' title='bbox 334 2314 376 2384; x_wconf 92' lang='lat' dir='ltr'>de</span> <span class='ocrx_word' id='word_1_23' title='bbox 404 2314 510 2383; x_wconf 85' lang='lat' dir='ltr'>annis</span> <span class='ocrx_word' id='word_1_24' title='bbox 537 2313 672 2404; x_wconf 80' lang='lat' dir='ltr'>Stary</span> <span class='ocrx_word' id='word_1_25' title='bbox 699 2313 805 2383; x_wconf 88' lang='lat' dir='ltr'>Kon.</span> <span class='ocrx_word' id='word_1_26' title='bbox 832 2314 871 2383; x_wconf 94' lang='lat' dir='ltr'>ln</span> <span class='ocrx_word' id='word_1_27' title='bbox 899 2334 969 2403; x_wconf 89' lang='lat' dir='ltr'>qua</span> <span class='ocrx_word' id='word_1_28' title='bbox 994 2320 1077 2385; x_wconf 89' lang='lat' dir='ltr'>sunt</span> <span class='ocrx_word' id='word_1_29' title='bbox 1105 2312 1453 2403; x_wconf 82' lang='lat' dir='ltr'>quadragintalanei</span> <span class='ocrx_word' id='word_1_30' title='bbox 1479 2313 1723 2402; x_wconf 85' lang='lat' dir='ltr'>cmetbonales‚</span> <span class='ocrx_word' id='word_1_31' title='bbox 1750 2312 1795 2384; x_wconf 89' lang='lat' dir='ltr'>de</span> <span class='ocrx_word' id='word_1_32' title='bbox 1813 2314 1886 2403; x_wconf 89' lang='lat' dir='ltr'>qui-</span> 
     </span>
     <span class='ocr_line' id='line_1_5' title="bbox 333 2432 1887 2524; baseline 0.001 -21"><span class='ocrx_word' id='word_1_33' title='bbox 333 2435 399 2504; x_wconf 89' lang='lat' dir='ltr'>bus</span> <span class='ocrx_word' id='word_1_34' title='bbox 434 2434 592 2505; x_wconf 90' lang='lat' dir='ltr'>omnibus</span> <span class='ocrx_word' id='word_1_35' title='bbox 628 2434 776 2505; x_wconf 89' lang='lat' dir='ltr'>solvitur</span> <span class='ocrx_word' id='word_1_36' title='bbox 812 2440 848 2503; x_wconf 91' lang='lat' dir='ltr'>et</span> <span class='ocrx_word' id='word_1_37' title='bbox 883 2434 1088 2505; x_wconf 80' lang='lat' dir='ltr'>conducitur</span> <span class='ocrx_word' id='word_1_38' title='bbox 1123 2433 1256 2505; x_wconf 89' lang='lat' dir='ltr'>decima</span> <span class='ocrx_word' id='word_1_39' title='bbox 1290 2432 1521 2523; x_wconf 80' lang='lat' dir='ltr'>manipularis</span> <span class='ocrx_word' id='word_1_40' title='bbox 1552 2439 1588 2504; x_wconf 87' lang='lat' dir='ltr'>et</span> <span class='ocrx_word' id='word_1_41' title='bbox 1622 2433 1799 2524; x_wconf 85' lang='lat' dir='ltr'>canapalis</span> <span class='ocrx_word' id='word_1_42' title='bbox 1825 2454 1887 2524; x_wconf 91' lang='lat' dir='ltr'>pro</span> 
     </span>
     <span class='ocr_line' id='line_1_6' title="bbox 335 2548 1886 2649; baseline 0 -24"><span class='ocrx_word' id='word_1_43' title='bbox 335 2557 496 2645; x_wconf 89' lang='lat' dir='ltr'>episcopo</span> <span class='ocrx_word' id='word_1_44' title='bbox 533 2554 773 2644; x_wconf 82' lang='lat' dir='ltr'>Oracovieusi,</span> <span class='ocrx_word' id='word_1_45' title='bbox 801 2562 838 2627; x_wconf 90' lang='lat' dir='ltr'>et</span> <span class='ocrx_word' id='word_1_46' title='bbox 864 2555 962 2627; x_wconf 84' lang='lat' dir='ltr'>valor</span> <span class='ocrx_word' id='word_1_47' title='bbox 990 2555 1066 2625; x_wconf 90' lang='lat' dir='ltr'>eius</span> <span class='ocrx_word' id='word_1_48' title='bbox 1093 2548 1298 2626; x_wconf 86' lang='lat' dir='ltr'>aestimatur</span> <span class='ocrx_word' id='word_1_49' title='bbox 1324 2554 1423 2627; x_wconf 89' lang='lat' dir='ltr'>ad..</span> <span class='ocrx_word' id='word_1_50' title='bbox 1450 2610 1459 2627; x_wconf 90' lang='lat'><strong>.</strong></span> <span class='ocrx_word' id='word_1_51' title='bbox 1485 2600 1544 2647; x_wconf 35' lang='grc' dir='ltr'>ἢ,</span> <span class='ocrx_word' id='word_1_52' title='bbox 1571 2560 1712 2649; x_wconf 78' lang='lat' dir='ltr'>praeter</span> <span class='ocrx_word' id='word_1_53' title='bbox 1737 2555 1886 2627; x_wconf 91' lang='lat' dir='ltr'>medium</span> 
     </span>
     <span class='ocr_line' id='line_1_7' title="bbox 334 2674 1888 2768; baseline 0.002 -22"><span class='ocrx_word' id='word_1_54' title='bbox 334 2676 470 2746; x_wconf 90' lang='lat' dir='ltr'>laneum</span> <span class='ocrx_word' id='word_1_55' title='bbox 499 2677 758 2767; x_wconf 85' lang='lat' dir='ltr'>cmethonalem,</span> <span class='ocrx_word' id='word_1_56' title='bbox 785 2677 829 2747; x_wconf 88' lang='lat' dir='ltr'>de</span> <span class='ocrx_word' id='word_1_57' title='bbox 856 2697 926 2767; x_wconf 90' lang='lat' dir='ltr'>quo</span> <span class='ocrx_word' id='word_1_58' title='bbox 953 2676 1088 2747; x_wconf 89' lang='lat' dir='ltr'>decima</span> <span class='ocrx_word' id='word_1_59' title='bbox 1112 2675 1260 2767; x_wconf 85' lang='lat' dir='ltr'>plebano</span> <span class='ocrx_word' id='word_1_60' title='bbox 1287 2677 1323 2748; x_wconf 95' lang='lat' dir='ltr'>in</span> <span class='ocrx_word' id='word_1_61' title='bbox 1351 2674 1633 2768; x_wconf 82' lang='lat' dir='ltr'>Gorinycze3</span> <span class='ocrx_word' id='word_1_62' title='bbox 1659 2679 1742 2749; x_wconf 88' lang='lat' dir='ltr'>item</span> <span class='ocrx_word' id='word_1_63' title='bbox 1770 2677 1888 2767; x_wconf 92' lang='lat' dir='ltr'>pleba-</span> 
     </span>
     <span class='ocr_line' id='line_1_8' title="bbox 334 2788 1886 2890; baseline 0.001 -22"><span class='ocrx_word' id='word_1_64' title='bbox 334 2818 399 2869; x_wconf 89' lang='lat' dir='ltr'>ncs</span> <span class='ocrx_word' id='word_1_65' title='bbox 434 2798 587 2869; x_wconf 91' lang='lat' dir='ltr'>eiusdem</span> <span class='ocrx_word' id='word_1_66' title='bbox 622 2798 726 2871; x_wconf 81' lang='lat' dir='ltr'>villae</span> <span class='ocrx_word' id='word_1_67' title='bbox 760 2798 867 2869; x_wconf 89' lang='lat' dir='ltr'>habet</span> <span class='ocrx_word' id='word_1_68' title='bbox 903 2798 952 2874; x_wconf 91' lang='lat' dir='ltr'>ibi</span> <span class='ocrx_word' id='word_1_69' title='bbox 987 2788 1159 2888; x_wconf 66' lang='lat' dir='ltr'>naccam,</span> <span class='ocrx_word' id='word_1_70' title='bbox 1185 2797 1229 2868; x_wconf 88' lang='lat' dir='ltr'>de</span> <span class='ocrx_word' id='word_1_71' title='bbox 1265 2798 1420 2888; x_wconf 88' lang='lat' dir='ltr'>quolibet</span> <span class='ocrx_word' id='word_1_72' title='bbox 1455 2797 1558 2877; x_wconf 85' lang='lat' dir='ltr'>laneo</span> <span class='ocrx_word' id='word_1_73' title='bbox 1584 2804 1735 2890; x_wconf 87' lang='lat' dir='ltr'>quatuor</span> <span class='ocrx_word' id='word_1_74' title='bbox 1761 2798 1886 2870; x_wconf 89' lang='lat' dir='ltr'>choros</span> 
     </span>
    </p>
   </div>
   <div class='ocr_carea' id='block_1_2' title="bbox 198 2918 1888 3010">
    <p class='ocr_par' dir='ltr' id='par_1_3' title="bbox 198 2918 1888 3010">
     <span class='ocr_line' id='line_1_9' title="bbox 198 2918 1888 3010; baseline 0.002 -22"><span class='ocrx_word' id='word_1_75' title='bbox 198 2964 201 2975; x_wconf 87' lang='lat'>·</span> <span class='ocrx_word' id='word_1_76' title='bbox 334 2920 442 2990; x_wconf 89' lang='lat' dir='ltr'>tritici</span> <span class='ocrx_word' id='word_1_77' title='bbox 478 2925 514 2988; x_wconf 91' lang='lat' dir='ltr'>et</span> <span class='ocrx_word' id='word_1_78' title='bbox 541 2924 690 3009; x_wconf 90' lang='lat' dir='ltr'>quatuor</span> <span class='ocrx_word' id='word_1_79' title='bbox 715 2939 856 2990; x_wconf 83' lang='lat' dir='ltr'>avenae.</span> <span class='ocrx_word' id='word_1_80' title='bbox 899 2919 989 2990; x_wconf 91' lang='lat' dir='ltr'>Item</span> <span class='ocrx_word' id='word_1_81' title='bbox 1015 2925 1071 2990; x_wconf 89' lang='lat' dir='ltr'>cst</span> <span class='ocrx_word' id='word_1_82' title='bbox 1097 2919 1145 2991; x_wconf 91' lang='lat' dir='ltr'>ibi</span> <span class='ocrx_word' id='word_1_83' title='bbox 1173 2918 1343 3009; x_wconf 79' lang='lat' dir='ltr'>scoltetia,</span> <span class='ocrx_word' id='word_1_84' title='bbox 1368 2919 1501 2990; x_wconf 89' lang='lat' dir='ltr'>babens</span> <span class='ocrx_word' id='word_1_85' title='bbox 1527 2940 1634 2991; x_wconf 89' lang='lat' dir='ltr'>unum</span> <span class='ocrx_word' id='word_1_86' title='bbox 1660 2919 1820 3010; x_wconf 85' lang='lat' dir='ltr'>laneum,</span> <span class='ocrx_word' id='word_1_87' title='bbox 1846 2920 1888 2991; x_wconf 89' lang='lat' dir='ltr'>de</span> 
     </span>
    </p>
   </div>
   <div class='ocr_carea' id='block_1_3' title="bbox 335 3039 1939 4221">
    <p class='ocr_par' dir='ltr' id='par_1_4' title="bbox 335 3039 1888 3372">
     <span class='ocr_line' id='line_1_10' title="bbox 335 3039 1888 3130; baseline 0.001 -21"><span class='ocrx_word' id='word_1_88' title='bbox 335 3061 401 3128; x_wconf 87' lang='lat' dir='ltr'>quo</span> <span class='ocrx_word' id='word_1_89' title='bbox 428 3039 576 3128; x_wconf 81' lang='lat' dir='ltr'>plebano</span> <span class='ocrx_word' id='word_1_90' title='bbox 612 3039 759 3111; x_wconf 86' lang='lat' dir='ltr'>solvitur</span> <span class='ocrx_word' id='word_1_91' title='bbox 795 3040 927 3111; x_wconf 86' lang='lat' dir='ltr'>decima</span> <span class='ocrx_word' id='word_1_92' title='bbox 963 3039 1154 3129; x_wconf 87' lang='lat' dir='ltr'>pecunialis</span> <span class='ocrx_word' id='word_1_93' title='bbox 1189 3060 1252 3129; x_wconf 89' lang='lat' dir='ltr'>per</span> <span class='ocrx_word' id='word_1_94' title='bbox 1279 3039 1428 3110; x_wconf 75' lang='lat' dir='ltr'>sedecim</span> <span class='ocrx_word' id='word_1_95' title='bbox 1453 3060 1604 3130; x_wconf 80' lang='lat' dir='ltr'>grossos.</span> <span class='ocrx_word' id='word_1_96' title='bbox 1643 3041 1730 3111; x_wconf 86' lang='lat' dir='ltr'>Item</span> <span class='ocrx_word' id='word_1_97' title='bbox 1759 3046 1815 3111; x_wconf 90' lang='lat' dir='ltr'>est</span> <span class='ocrx_word' id='word_1_98' title='bbox 1841 3041 1888 3111; x_wconf 90' lang='lat' dir='ltr'>ibi</span> 
     </span>
     <span class='ocr_line' id='line_1_11' title="bbox 335 3144 1887 3251; baseline 0.001 -23"><span class='ocrx_word' id='word_1_99' title='bbox 335 3160 514 3248; x_wconf 90' lang='lat' dir='ltr'>praedium</span> <span class='ocrx_word' id='word_1_100' title='bbox 540 3160 701 3250; x_wconf 89' lang='lat' dir='ltr'>militare,</span> <span class='ocrx_word' id='word_1_101' title='bbox 728 3161 771 3231; x_wconf 91' lang='lat' dir='ltr'>de</span> <span class='ocrx_word' id='word_1_102' title='bbox 800 3181 867 3250; x_wconf 91' lang='lat' dir='ltr'>quo</span> <span class='ocrx_word' id='word_1_103' title='bbox 895 3160 1089 3231; x_wconf 89' lang='lat' dir='ltr'>decimatur</span> <span class='ocrx_word' id='word_1_104' title='bbox 1115 3160 1281 3232; x_wconf 88' lang='lat' dir='ltr'>ecclesiae</span> <span class='ocrx_word' id='word_1_105' title='bbox 1307 3161 1342 3231; x_wconf 95' lang='lat' dir='ltr'>in</span> <span class='ocrx_word' id='word_1_106' title='bbox 1371 3159 1638 3251; x_wconf 84' lang='lat' dir='ltr'>Gorinicze3</span> <span class='ocrx_word' id='word_1_107' title='bbox 1663 3144 1756 3233; x_wconf 80' lang='lat' dir='ltr'>¹item</span> <span class='ocrx_word' id='word_1_108' title='bbox 1783 3162 1887 3233; x_wconf 89' lang='lat' dir='ltr'>babet</span> 
     </span>
     <span class='ocr_line' id='line_1_12' title="bbox 335 3280 1072 3372; baseline 0.001 -22"><span class='ocrx_word' id='word_1_109' title='bbox 335 3281 384 3351; x_wconf 94' lang='lat' dir='ltr'>ibi</span> <span class='ocrx_word' id='word_1_110' title='bbox 410 3280 578 3370; x_wconf 89' lang='lat' dir='ltr'>plebanus</span> <span class='ocrx_word' id='word_1_111' title='bbox 606 3301 710 3370; x_wconf 81' lang='lat' dir='ltr'>agros</span> <span class='ocrx_word' id='word_1_112' title='bbox 738 3303 802 3371; x_wconf 92' lang='lat' dir='ltr'>pro</span> <span class='ocrx_word' id='word_1_113' title='bbox 829 3281 971 3372; x_wconf 90' lang='lat' dir='ltr'>praedio</span> <span class='ocrx_word' id='word_1_114' title='bbox 999 3302 1072 3355; x_wconf 91' lang='lat' dir='ltr'>suo.</span> 
     </span>
    </p>

    <p class='ocr_par' dir='ltr' id='par_1_5' title="bbox 335 3390 1889 3977">
     <span class='ocr_line' id='line_1_13' title="bbox 438 3390 1889 3495; baseline 0.002 -24"><span class='ocrx_word' id='word_1_115' title='bbox 438 3402 685 3492; x_wconf 68' lang='lat' dir='ltr'>Zacorum,</span> <span class='ocrx_word' id='word_1_116' title='bbox 712 3403 798 3475; x_wconf 85' lang='lat' dir='ltr'>villa</span> <span class='ocrx_word' id='word_1_117' title='bbox 831 3404 895 3474; x_wconf 90' lang='lat' dir='ltr'>sub</span> <span class='ocrx_word' id='word_1_118' title='bbox 931 3404 1096 3494; x_wconf 89' lang='lat' dir='ltr'>parocbia</span> <span class='ocrx_word' id='word_1_119' title='bbox 1131 3403 1174 3474; x_wconf 90' lang='lat' dir='ltr'>de</span> <span class='ocrx_word' id='word_1_120' title='bbox 1201 3390 1499 3495; x_wconf 78' lang='lat' dir='ltr'>Ostronye&#39;cz</span> <span class='ocrx_word' id='word_1_121' title='bbox 1526 3405 1613 3494; x_wconf 88' lang='lat' dir='ltr'>sita,</span> <span class='ocrx_word' id='word_1_122' title='bbox 1640 3404 1738 3477; x_wconf 85' lang='lat' dir='ltr'>cuias</span> <span class='ocrx_word' id='word_1_123' title='bbox 1765 3405 1889 3476; x_wconf 86' lang='lat' dir='ltr'>haeres</span> 
     </span>
     <span class='ocr_line' id='line_1_14' title="bbox 336 3508 1888 3616; baseline 0.003 -25"><span class='ocrx_word' id='word_1_124' title='bbox 336 3521 504 3592; x_wconf 82' lang='lat' dir='ltr'>Matthias</span> <span class='ocrx_word' id='word_1_125' title='bbox 531 3508 863 3614; x_wconf 84' lang='lat' dir='ltr'>Zagornansky</span> <span class='ocrx_word' id='word_1_126' title='bbox 890 3525 933 3594; x_wconf 91' lang='lat' dir='ltr'>de</span> <span class='ocrx_word' id='word_1_127' title='bbox 960 3525 1067 3595; x_wconf 88' lang='lat' dir='ltr'>annis</span> <span class='ocrx_word' id='word_1_128' title='bbox 1094 3579 1102 3594; x_wconf 88' lang='lat'><strong>.</strong></span> <span class='ocrx_word' id='word_1_129' title='bbox 1130 3579 1138 3594; x_wconf 91' lang='lat'><strong>.</strong></span> <span class='ocrx_word' id='word_1_130' title='bbox 1165 3579 1173 3593; x_wconf 89' lang='lat'><strong>.</strong></span> <span class='ocrx_word' id='word_1_131' title='bbox 1199 3524 1239 3594; x_wconf 93' lang='lat' dir='ltr'>ln</span> <span class='ocrx_word' id='word_1_132' title='bbox 1267 3546 1336 3615; x_wconf 90' lang='lat' dir='ltr'>qna</span> <span class='ocrx_word' id='word_1_133' title='bbox 1362 3524 1562 3597; x_wconf 83' lang='lat' dir='ltr'>sunt-lanei</span> <span class='ocrx_word' id='word_1_134' title='bbox 1581 3526 1827 3616; x_wconf 86' lang='lat' dir='ltr'>cmetbonales‚</span> <span class='ocrx_word' id='word_1_135' title='bbox 1846 3527 1888 3596; x_wconf 91' lang='lat' dir='ltr'>de</span> 
     </span>
     <span class='ocr_line' id='line_1_15' title="bbox 337 3644 1886 3736; baseline 0.003 -24"><span class='ocrx_word' id='word_1_136' title='bbox 337 3644 461 3732; x_wconf 88' lang='lat' dir='ltr'>quibus</span> <span class='ocrx_word' id='word_1_137' title='bbox 488 3644 635 3715; x_wconf 89' lang='lat' dir='ltr'>solvitur</span> <span class='ocrx_word' id='word_1_138' title='bbox 661 3651 697 3715; x_wconf 92' lang='lat' dir='ltr'>et</span> <span class='ocrx_word' id='word_1_139' title='bbox 723 3645 928 3716; x_wconf 84' lang='lat' dir='ltr'>conducitur</span> <span class='ocrx_word' id='word_1_140' title='bbox 954 3645 1088 3716; x_wconf 89' lang='lat' dir='ltr'>decima</span> <span class='ocrx_word' id='word_1_141' title='bbox 1113 3646 1340 3736; x_wconf 85' lang='lat' dir='ltr'>manipularis</span> <span class='ocrx_word' id='word_1_142' title='bbox 1367 3651 1403 3716; x_wconf 90' lang='lat' dir='ltr'>et</span> <span class='ocrx_word' id='word_1_143' title='bbox 1428 3645 1614 3736; x_wconf 86' lang='lat' dir='ltr'>canapalis.</span> <span class='ocrx_word' id='word_1_144' title='bbox 1641 3646 1728 3718; x_wconf 86' lang='lat' dir='ltr'>Item</span> <span class='ocrx_word' id='word_1_145' title='bbox 1758 3654 1813 3717; x_wconf 90' lang='lat' dir='ltr'>est</span> <span class='ocrx_word' id='word_1_146' title='bbox 1840 3647 1886 3717; x_wconf 88' lang='lat' dir='ltr'>ibi</span> 
     </span>
     <span class='ocr_line' id='line_1_16' title="bbox 335 3764 1888 3857; baseline 0.003 -24"><span class='ocrx_word' id='word_1_147' title='bbox 335 3764 514 3853; x_wconf 86' lang='lat' dir='ltr'>praedium</span> <span class='ocrx_word' id='word_1_148' title='bbox 542 3766 708 3854; x_wconf 87' lang='lat' dir='ltr'>militare,</span> <span class='ocrx_word' id='word_1_149' title='bbox 734 3771 814 3855; x_wconf 87' lang='lat' dir='ltr'>post</span> <span class='ocrx_word' id='word_1_150' title='bbox 848 3767 946 3838; x_wconf 88' lang='lat' dir='ltr'>cuius</span> <span class='ocrx_word' id='word_1_151' title='bbox 982 3788 1087 3837; x_wconf 93' lang='lat' dir='ltr'>unum</span> <span class='ocrx_word' id='word_1_152' title='bbox 1114 3767 1257 3838; x_wconf 87' lang='lat' dir='ltr'>laneum·</span> <span class='ocrx_word' id='word_1_153' title='bbox 1278 3766 1470 3838; x_wconf 79' lang='lat' dir='ltr'>decimatur</span> <span class='ocrx_word' id='word_1_154' title='bbox 1495 3767 1662 3839; x_wconf 86' lang='lat' dir='ltr'>ecclesiae</span> <span class='ocrx_word' id='word_1_155' title='bbox 1687 3768 1724 3838; x_wconf 93' lang='lat' dir='ltr'>in</span> <span class='ocrx_word' id='word_1_156' title='bbox 1751 3767 1888 3857; x_wconf 87' lang='lat' dir='ltr'>Zago-</span> 
     </span>
     <span class='ocr_line' id='line_1_17' title="bbox 336 3906 487 3977; baseline 0.007 -23"><span class='ocrx_word' id='word_1_157' title='bbox 336 3906 487 3977; x_wconf 79' lang='lat' dir='ltr'>rzany.</span> 
     </span>
    </p>

    <p class='ocr_par' dir='ltr' id='par_1_6' title="bbox 336 4007 1939 4221">
     <span class='ocr_line' id='line_1_18' title="bbox 438 4007 1889 4101; baseline 0.002 -24"><span class='ocrx_word' id='word_1_158' title='bbox 438 4007 736 4098; x_wconf 78' lang='lat' dir='ltr'>Kannrowmzn,</span> <span class='ocrx_word' id='word_1_159' title='bbox 764 4009 847 4080; x_wconf 90' lang='lat' dir='ltr'>villa</span> <span class='ocrx_word' id='word_1_160' title='bbox 883 4011 948 4081; x_wconf 89' lang='lat' dir='ltr'>sub</span> <span class='ocrx_word' id='word_1_161' title='bbox 974 4011 1140 4099; x_wconf 90' lang='lat' dir='ltr'>parocbia</span> <span class='ocrx_word' id='word_1_162' title='bbox 1166 4009 1209 4081; x_wconf 87' lang='lat' dir='ltr'>de</span> <span class='ocrx_word' id='word_1_163' title='bbox 1237 4009 1501 4101; x_wconf 83' lang='lat' dir='ltr'>Trzebinya</span> <span class='ocrx_word' id='word_1_164' title='bbox 1526 4011 1605 4082; x_wconf 88' lang='lat' dir='ltr'>sita.</span> <span class='ocrx_word' id='word_1_165' title='bbox 1644 4010 1685 4082; x_wconf 92' lang='lat' dir='ltr'>In</span> <span class='ocrx_word' id='word_1_166' title='bbox 1712 4030 1782 4101; x_wconf 87' lang='lat' dir='ltr'>qna</span> <span class='ocrx_word' id='word_1_167' title='bbox 1808 4018 1889 4082; x_wconf 90' lang='lat' dir='ltr'>sunt</span> 
     </span>
     <span class='ocr_line' id='line_1_19' title="bbox 336 4128 1939 4221; baseline 0.002 -23"><span class='ocrx_word' id='word_1_168' title='bbox 336 4128 426 4199; x_wconf 89' lang='lat' dir='ltr'>lanei</span> <span class='ocrx_word' id='word_1_169' title='bbox 462 4130 714 4220; x_wconf 87' lang='lat' dir='ltr'>cmethonales,</span> <span class='ocrx_word' id='word_1_170' title='bbox 742 4130 785 4200; x_wconf 87' lang='lat' dir='ltr'>de</span> <span class='ocrx_word' id='word_1_171' title='bbox 812 4131 936 4220; x_wconf 84' lang='lat' dir='ltr'>quibus</span> <span class='ocrx_word' id='word_1_172' title='bbox 972 4132 1120 4203; x_wconf 88' lang='lat' dir='ltr'>solvitur</span> <span class='ocrx_word' id='word_1_173' title='bbox 1147 4138 1184 4202; x_wconf 90' lang='lat' dir='ltr'>et</span> <span class='ocrx_word' id='word_1_174' title='bbox 1210 4132 1414 4202; x_wconf 89' lang='lat' dir='ltr'>conducitur</span> <span class='ocrx_word' id='word_1_175' title='bbox 1440 4131 1573 4203; x_wconf 91' lang='lat' dir='ltr'>decima</span> <span class='ocrx_word' id='word_1_176' title='bbox 1599 4132 1827 4221; x_wconf 85' lang='lat' dir='ltr'>manipularis</span> <span class='ocrx_word' id='word_1_177' title='bbox 1854 4137 1889 4202; x_wconf 89' lang='lat' dir='ltr'>et</span> <span class='ocrx_word' id='word_1_178' title='bbox 1923 4175 1939 4187; x_wconf 91' lang='lat'>-</span> 
     </span>
    </p>
   </div>
   <div class='ocr_carea' id='block_1_4' title="bbox 336 4250 1820 4342">
    <p class='ocr_par' dir='ltr' id='par_1_7' title="bbox 336 4250 1820 4342">
     <span class='ocr_line' id='line_1_20' title="bbox 336 4250 1820 4342; baseline 0 -21"><span class='ocrx_word' id='word_1_179' title='bbox 336 4252 511 4340; x_wconf 85' lang='lat' dir='ltr'>canapalis</span> <span class='ocrx_word' id='word_1_180' title='bbox 526 4305 532 4320; x_wconf 93' lang='lat'><em>.</em></span> <span class='ocrx_word' id='word_1_181' title='bbox 548 4306 555 4320; x_wconf 92' lang='lat'>.</span> <span class='ocrx_word' id='word_1_182' title='bbox 571 4304 596 4340; x_wconf 85' lang='lat'>.,</span> <span class='ocrx_word' id='word_1_183' title='bbox 624 4257 764 4341; x_wconf 90' lang='lat' dir='ltr'>praeter</span> <span class='ocrx_word' id='word_1_184' title='bbox 791 4273 895 4323; x_wconf 92' lang='lat' dir='ltr'>unum</span> <span class='ocrx_word' id='word_1_185' title='bbox 924 4251 1071 4342; x_wconf 83' lang='lat' dir='ltr'>laneum,</span> <span class='ocrx_word' id='word_1_186' title='bbox 1092 4251 1141 4322; x_wconf 90' lang='lat' dir='ltr'>dc</span> <span class='ocrx_word' id='word_1_187' title='bbox 1169 4273 1237 4342; x_wconf 87' lang='lat' dir='ltr'>quo</span> <span class='ocrx_word' id='word_1_188' title='bbox 1264 4251 1457 4324; x_wconf 88' lang='lat' dir='ltr'>decimatur</span> <span class='ocrx_word' id='word_1_189' title='bbox 1482 4252 1518 4323; x_wconf 91' lang='lat' dir='ltr'>in</span> <span class='ocrx_word' id='word_1_190' title='bbox 1546 4250 1820 4342; x_wconf 82' lang='lat' dir='ltr'>Gorynicze.</span> 
     </span>
    </p>
   </div>
   <div class='ocr_carea' id='block_1_5' title="bbox 329 4334 1892 6163">
    <p class='ocr_par' dir='ltr' id='par_1_8' title="bbox 514 4334 1287 4445">
     <span class='ocr_line' id='line_1_21' title="bbox 514 4334 1287 4445; baseline 0.005 -3"><span class='ocrx_word' id='word_1_191' title='bbox 514 4334 551 4401; x_wconf 60' lang='lat'>‘</span> <span class='ocrx_word' id='word_1_192' title='bbox 1019 4373 1211 4445; x_wconf 79' lang='lat' dir='ltr'>Ssnwroa</span> <span class='ocrx_word' id='word_1_193' title='bbox 1285 4378 1287 4383; x_wconf 77' lang='grc'>’</span> 
     </span>
    </p>

    <p class='ocr_par' dir='ltr' id='par_1_9' title="bbox 336 4493 1891 5571">
     <span class='ocr_line' id='line_1_22' title="bbox 441 4493 1888 4585; baseline 0.002 -22"><span class='ocrx_word' id='word_1_194' title='bbox 441 4493 613 4582; x_wconf 82' lang='lat' dir='ltr'>Oppidum</span> <span class='ocrx_word' id='word_1_195' title='bbox 649 4495 781 4565; x_wconf 89' lang='lat' dir='ltr'>habens</span> <span class='ocrx_word' id='word_1_196' title='bbox 817 4493 997 4566; x_wconf 88' lang='lat' dir='ltr'>eeclesiam</span> <span class='ocrx_word' id='word_1_197' title='bbox 1033 4494 1266 4585; x_wconf 88' lang='lat' dir='ltr'>parochialem</span> <span class='ocrx_word' id='word_1_198' title='bbox 1299 4495 1335 4566; x_wconf 91' lang='lat' dir='ltr'>in</span> <span class='ocrx_word' id='word_1_199' title='bbox 1362 4516 1417 4584; x_wconf 89' lang='lat' dir='ltr'>se,</span> <span class='ocrx_word' id='word_1_200' title='bbox 1444 4494 1568 4566; x_wconf 86' lang='lat' dir='ltr'>Sancto</span> <span class='ocrx_word' id='word_1_201' title='bbox 1594 4494 1768 4584; x_wconf 86' lang='lat' dir='ltr'>Matthiae</span> <span class='ocrx_word' id='word_1_202' title='bbox 1796 4496 1888 4585; x_wconf 88' lang='lat' dir='ltr'>Apo·</span> 
     </span>
     <span class='ocr_line' id='line_1_23' title="bbox 338 4614 1888 4707; baseline 0.002 -23"><span class='ocrx_word' id='word_1_203' title='bbox 338 4614 427 4685; x_wconf 91' lang='lat' dir='ltr'>stolo</span> <span class='ocrx_word' id='word_1_204' title='bbox 455 4614 615 4704; x_wconf 80' lang='lat' dir='ltr'>dicatam,</span> <span class='ocrx_word' id='word_1_205' title='bbox 642 4617 739 4686; x_wconf 86' lang='lat' dir='ltr'>euius</span> <span class='ocrx_word' id='word_1_206' title='bbox 766 4618 892 4687; x_wconf 90' lang='lat' dir='ltr'>chorus</span> <span class='ocrx_word' id='word_1_207' title='bbox 919 4621 973 4686; x_wconf 89' lang='lat' dir='ltr'>est</span> <span class='ocrx_word' id='word_1_208' title='bbox 998 4616 1114 4705; x_wconf 91' lang='lat' dir='ltr'>lapide</span> <span class='ocrx_word' id='word_1_209' title='bbox 1141 4623 1305 4706; x_wconf 77' lang='lat' dir='ltr'>muratae,</span> <span class='ocrx_word' id='word_1_210' title='bbox 1333 4637 1459 4707; x_wconf 87' lang='lat' dir='ltr'>corpus</span> <span class='ocrx_word' id='word_1_211' title='bbox 1486 4638 1568 4688; x_wconf 89' lang='lat' dir='ltr'>vero</span> <span class='ocrx_word' id='word_1_212' title='bbox 1594 4617 1766 4707; x_wconf 81' lang='lat' dir='ltr'>ligneum3</span> <span class='ocrx_word' id='word_1_213' title='bbox 1792 4618 1888 4688; x_wconf 90' lang='lat' dir='ltr'>cuius</span> 
     </span>
     <span class='ocr_line' id='line_1_24' title="bbox 336 4734 1888 4828; baseline 0.001 -22"><span class='ocrx_word' id='word_1_214' title='bbox 336 4736 532 4826; x_wconf 88' lang='lat' dir='ltr'>proprietas</span> <span class='ocrx_word' id='word_1_215' title='bbox 559 4735 603 4805; x_wconf 91' lang='lat' dir='ltr'>ad</span> <span class='ocrx_word' id='word_1_216' title='bbox 630 4735 891 4809; x_wconf 87' lang='lat' dir='ltr'>Cracoviensem</span> <span class='ocrx_word' id='word_1_217' title='bbox 918 4738 1115 4827; x_wconf 89' lang='lat' dir='ltr'>episcopum</span> <span class='ocrx_word' id='word_1_218' title='bbox 1143 4738 1305 4828; x_wconf 90' lang='lat' dir='ltr'>pertinet,</span> <span class='ocrx_word' id='word_1_219' title='bbox 1324 4737 1382 4827; x_wconf 89' lang='lat' dir='ltr'>qui</span> <span class='ocrx_word' id='word_1_220' title='bbox 1401 4742 1455 4808; x_wconf 85' lang='lat' dir='ltr'>est</span> <span class='ocrx_word' id='word_1_221' title='bbox 1473 4738 1566 4808; x_wconf 90' lang='lat' dir='ltr'>illius</span> <span class='ocrx_word' id='word_1_222' title='bbox 1585 4734 1750 4809; x_wconf 82' lang='lat' dir='ltr'>ecclesiae</span> <span class='ocrx_word' id='word_1_223' title='bbox 1769 4740 1888 4810; x_wconf 90' lang='lat' dir='ltr'>unicus</span> 
     </span>
     <span class='ocr_line' id='line_1_25' title="bbox 337 4857 1886 4950; baseline 0.001 -23"><span class='ocrx_word' id='word_1_224' title='bbox 337 4857 483 4928; x_wconf 89' lang='lat' dir='ltr'>collator</span> <span class='ocrx_word' id='word_1_225' title='bbox 509 4864 545 4927; x_wconf 92' lang='lat' dir='ltr'>et</span> <span class='ocrx_word' id='word_1_226' title='bbox 572 4863 748 4948; x_wconf 90' lang='lat' dir='ltr'>patronus.</span> <span class='ocrx_word' id='word_1_227' title='bbox 786 4859 825 4929; x_wconf 96' lang='lat' dir='ltr'>ln</span> <span class='ocrx_word' id='word_1_228' title='bbox 854 4881 920 4949; x_wconf 90' lang='lat' dir='ltr'>quo</span> <span class='ocrx_word' id='word_1_229' title='bbox 948 4866 1029 4930; x_wconf 87' lang='lat' dir='ltr'>sunt</span> <span class='ocrx_word' id='word_1_230' title='bbox 1056 4860 1202 4949; x_wconf 83' lang='lat' dir='ltr'>triginta</span> <span class='ocrx_word' id='word_1_231' title='bbox 1228 4860 1319 4928; x_wconf 89' lang='lat' dir='ltr'>lanei</span> <span class='ocrx_word' id='word_1_232' title='bbox 1347 4858 1630 4950; x_wconf 47' lang='lat' dir='ltr'>oppidanorums</span> <span class='ocrx_word' id='word_1_233' title='bbox 1646 4860 1729 4932; x_wconf 90' lang='lat' dir='ltr'>item</span> <span class='ocrx_word' id='word_1_234' title='bbox 1758 4868 1812 4931; x_wconf 89' lang='lat' dir='ltr'>est</span> <span class='ocrx_word' id='word_1_235' title='bbox 1840 4860 1886 4931; x_wconf 91' lang='lat' dir='ltr'>ibi</span> 
     </span>
     <span class='ocr_line' id='line_1_26' title="bbox 337 4978 1889 5085; baseline 0.002 -37"><span class='ocrx_word' id='word_1_236' title='bbox 337 4978 518 5050; x_wconf 89' lang='lat' dir='ltr'>advocatia</span> <span class='ocrx_word' id='word_1_237' title='bbox 545 4980 675 5051; x_wconf 87' lang='lat' dir='ltr'>habens</span> <span class='ocrx_word' id='word_1_238' title='bbox 703 4982 789 5052; x_wconf 86' lang='lat' dir='ltr'>duos</span> <span class='ocrx_word' id='word_1_239' title='bbox 817 4982 943 5069; x_wconf 85' lang='lat' dir='ltr'>laneca,</span> <span class='ocrx_word' id='word_1_240' title='bbox 970 4980 1013 5050; x_wconf 89' lang='lat' dir='ltr'>de</span> <span class='ocrx_word' id='word_1_241' title='bbox 1040 4980 1165 5070; x_wconf 89' lang='lat' dir='ltr'>quibus</span> <span class='ocrx_word' id='word_1_242' title='bbox 1192 4981 1351 5051; x_wconf 87' lang='lat' dir='ltr'>omnibus</span> <span class='ocrx_word' id='word_1_243' title='bbox 1378 4980 1530 5085; x_wconf 33' lang='lat' dir='ltr'>solvitur,</span> <span class='ocrx_word' id='word_1_244' title='bbox 1551 4982 1681 5054; x_wconf 87' lang='lat' dir='ltr'>decima</span> <span class='ocrx_word' id='word_1_245' title='bbox 1700 4982 1889 5072; x_wconf 88' lang='lat' dir='ltr'>pecunialis</span> 
     </span>
     <span class='ocr_line' id='line_1_27' title="bbox 338 5101 1888 5193; baseline 0.003 -24"><span class='ocrx_word' id='word_1_246' title='bbox 338 5121 401 5189; x_wconf 91' lang='lat' dir='ltr'>pro</span> <span class='ocrx_word' id='word_1_247' title='bbox 428 5101 572 5170; x_wconf 86' lang='lat' dir='ltr'>ecelesia</span> <span class='ocrx_word' id='word_1_248' title='bbox 599 5109 635 5171; x_wconf 91' lang='lat' dir='ltr'>et</span> <span class='ocrx_word' id='word_1_249' title='bbox 661 5103 807 5191; x_wconf 90' lang='lat' dir='ltr'>plebano</span> <span class='ocrx_word' id='word_1_250' title='bbox 836 5104 870 5171; x_wconf 90' lang='lat' dir='ltr'>in</span> <span class='ocrx_word' id='word_1_251' title='bbox 898 5101 1118 5192; x_wconf 69' lang='lat' dir='ltr'>Saewpor,</span> <span class='ocrx_word' id='word_1_252' title='bbox 1147 5102 1189 5172; x_wconf 90' lang='lat' dir='ltr'>de</span> <span class='ocrx_word' id='word_1_253' title='bbox 1217 5102 1371 5192; x_wconf 90' lang='lat' dir='ltr'>quolibet</span> <span class='ocrx_word' id='word_1_254' title='bbox 1396 5103 1496 5173; x_wconf 87' lang='lat' dir='ltr'>laneo</span> <span class='ocrx_word' id='word_1_255' title='bbox 1515 5123 1701 5193; x_wconf 92' lang='lat' dir='ltr'>perunum</span> <span class='ocrx_word' id='word_1_256' title='bbox 1718 5102 1888 5175; x_wconf 82' lang='lat' dir='ltr'>fertonem</span> 
     </span>
     <span class='ocr_line' id='line_1_28' title="bbox 338 5219 1891 5316; baseline 0.004 -28"><span class='ocrx_word' id='word_1_257' title='bbox 338 5219 486 5290; x_wconf 88' lang='lat' dir='ltr'>latorum</span> <span class='ocrx_word' id='word_1_258' title='bbox 514 5243 734 5310; x_wconf 81' lang='lat' dir='ltr'>grossorum3</span> <span class='ocrx_word' id='word_1_259' title='bbox 762 5223 845 5292; x_wconf 85' lang='lat' dir='ltr'>itern</span> <span class='ocrx_word' id='word_1_260' title='bbox 872 5223 1017 5294; x_wconf 89' lang='lat' dir='ltr'>ecclesia</span> <span class='ocrx_word' id='word_1_261' title='bbox 1044 5224 1079 5293; x_wconf 93' lang='lat' dir='ltr'>in</span> <span class='ocrx_word' id='word_1_262' title='bbox 1106 5222 1317 5313; x_wconf 78' lang='lat' dir='ltr'>Szeuyor</span> <span class='ocrx_word' id='word_1_263' title='bbox 1344 5224 1450 5296; x_wconf 90' lang='lat' dir='ltr'>habet</span> <span class='ocrx_word' id='word_1_264' title='bbox 1476 5224 1525 5295; x_wconf 91' lang='lat' dir='ltr'>ibi</span> <span class='ocrx_word' id='word_1_265' title='bbox 1553 5246 1655 5315; x_wconf 82' lang='lat' dir='ltr'>agros</span> <span class='ocrx_word' id='word_1_266' title='bbox 1673 5226 1837 5316; x_wconf 89' lang='lat' dir='ltr'>proprios</span> <span class='ocrx_word' id='word_1_267' title='bbox 1856 5230 1891 5294; x_wconf 87' lang='lat' dir='ltr'>et</span> 
     </span>
     <span class='ocr_line' id='line_1_29' title="bbox 338 5324 1888 5438; baseline 0.004 -28"><span class='ocrx_word' id='word_1_268' title='bbox 338 5348 448 5431; x_wconf 87' lang='lat' dir='ltr'>prata,</span> <span class='ocrx_word' id='word_1_269' title='bbox 475 5365 538 5431; x_wconf 89' lang='lat' dir='ltr'>pro</span> <span class='ocrx_word' id='word_1_270' title='bbox 566 5365 628 5415; x_wconf 89' lang='lat' dir='ltr'>suo</span> <span class='ocrx_word' id='word_1_271' title='bbox 656 5366 720 5414; x_wconf 89' lang='lat' dir='ltr'>usu</span> <span class='ocrx_word' id='word_1_272' title='bbox 748 5351 783 5415; x_wconf 91' lang='lat' dir='ltr'>et</span> <span class='ocrx_word' id='word_1_273' title='bbox 810 5346 1037 5434; x_wconf 82' lang='lat' dir='ltr'>necessitate3</span> <span class='ocrx_word' id='word_1_274' title='bbox 1065 5346 1147 5416; x_wconf 90' lang='lat' dir='ltr'>item</span> <span class='ocrx_word' id='word_1_275' title='bbox 1165 5347 1270 5417; x_wconf 90' lang='lat' dir='ltr'>habet</span> <span class='ocrx_word' id='word_1_276' title='bbox 1288 5347 1374 5418; x_wconf 90' lang='lat' dir='ltr'>duas</span> <span class='ocrx_word' id='word_1_277' title='bbox 1393 5324 1888 5438; x_wconf 78' lang='lat' dir='ltr'>piscinasoptimas‚.quarum</span> 
     </span>
     <span class='ocr_line' id='line_1_30' title="bbox 338 5463 1604 5571; baseline 0.003 -38"><span class='ocrx_word' id='word_1_278' title='bbox 338 5483 407 5533; x_wconf 89' lang='lat' dir='ltr'>una</span> <span class='ocrx_word' id='word_1_279' title='bbox 434 5463 468 5533; x_wconf 92' lang='lat' dir='ltr'>in</span> <span class='ocrx_word' id='word_1_280' title='bbox 495 5464 634 5536; x_wconf 88' lang='lat' dir='ltr'>biennio</span> <span class='ocrx_word' id='word_1_281' title='bbox 662 5470 778 5554; x_wconf 88' lang='lat' dir='ltr'>potest</span> <span class='ocrx_word' id='word_1_282' title='bbox 805 5466 907 5536; x_wconf 88' lang='lat' dir='ltr'>vendi</span> <span class='ocrx_word' id='word_1_283' title='bbox 935 5487 998 5556; x_wconf 92' lang='lat' dir='ltr'>pro</span> <span class='ocrx_word' id='word_1_284' title='bbox 1028 5467 1151 5557; x_wconf 79' lang='lat' dir='ltr'>viginti</span> <span class='ocrx_word' id='word_1_285' title='bbox 1178 5468 1327 5539; x_wconf 86' lang='lat' dir='ltr'>florenis.</span> <span class='ocrx_word' id='word_1_286' title='bbox 1592 5552 1604 5571; x_wconf 78' lang='lat'>.</span> 
     </span>
    </p>

    <p class='ocr_par' dir='ltr' id='par_1_10' title="bbox 329 5585 1892 6163">
     <span class='ocr_line' id='line_1_31' title="bbox 443 5585 1890 5687; baseline 0.001 -28"><span class='ocrx_word' id='word_1_287' title='bbox 443 5585 761 5676; x_wconf 79' lang='lat' dir='ltr'>Gonucnowrczc,</span> <span class='ocrx_word' id='word_1_288' title='bbox 790 5588 870 5657; x_wconf 85' lang='lat' dir='ltr'>villa</span> <span class='ocrx_word' id='word_1_289' title='bbox 897 5589 961 5658; x_wconf 90' lang='lat' dir='ltr'>sub</span> <span class='ocrx_word' id='word_1_290' title='bbox 988 5590 1153 5678; x_wconf 88' lang='lat' dir='ltr'>parochia</span> <span class='ocrx_word' id='word_1_291' title='bbox 1180 5590 1222 5659; x_wconf 86' lang='lat' dir='ltr'>do</span> <span class='ocrx_word' id='word_1_292' title='bbox 1250 5592 1492 5679; x_wconf 82' lang='lat' dir='ltr'>Szyawyor</span> <span class='ocrx_word' id='word_1_293' title='bbox 1519 5592 1595 5680; x_wconf 86' lang='lat' dir='ltr'>sita,</span> <span class='ocrx_word' id='word_1_294' title='bbox 1614 5590 1712 5662; x_wconf 89' lang='lat' dir='ltr'>cuius</span> <span class='ocrx_word' id='word_1_295' title='bbox 1730 5591 1890 5687; x_wconf 86' lang='lat' dir='ltr'>proprie·</span> 
     </span>
     <span class='ocr_line' id='line_1_32' title="bbox 329 5697 1889 5800; baseline 0.001 -19"><span class='ocrx_word' id='word_1_296' title='bbox 329 5713 390 5781; x_wconf 63' lang='lat' dir='ltr'>wtus</span> <span class='ocrx_word' id='word_1_297' title='bbox 418 5708 462 5778; x_wconf 89' lang='lat' dir='ltr'>ad</span> <span class='ocrx_word' id='word_1_298' title='bbox 488 5709 686 5798; x_wconf 83' lang='lat' dir='ltr'>episcopum</span> <span class='ocrx_word' id='word_1_299' title='bbox 714 5708 977 5780; x_wconf 84' lang='lat' dir='ltr'>Cracoviensonr</span> <span class='ocrx_word' id='word_1_300' title='bbox 1005 5697 1164 5800; x_wconf 81' lang='lat' dir='ltr'>pertinet.</span> <span class='ocrx_word' id='word_1_301' title='bbox 1191 5711 1231 5780; x_wconf 91' lang='lat' dir='ltr'>ln</span> <span class='ocrx_word' id='word_1_302' title='bbox 1260 5732 1327 5799; x_wconf 86' lang='lat' dir='ltr'>qua</span> <span class='ocrx_word' id='word_1_303' title='bbox 1346 5717 1427 5779; x_wconf 86' lang='lat' dir='ltr'>sunt</span> <span class='ocrx_word' id='word_1_304' title='bbox 1443 5710 1609 5783; x_wconf 86' lang='lat' dir='ltr'>tredecim</span> <span class='ocrx_word' id='word_1_305' title='bbox 1628 5710 1719 5783; x_wconf 88' lang='lat' dir='ltr'>lanei</span> <span class='ocrx_word' id='word_1_306' title='bbox 1734 5714 1889 5784; x_wconf 85' lang='lat' dir='ltr'>emetha·</span> 
     </span>
     <span class='ocr_line' id='line_1_33' title="bbox 336 5829 1891 5925; baseline 0.001 -24"><span class='ocrx_word' id='word_1_307' title='bbox 336 5829 441 5920; x_wconf 79' lang='lat' dir='ltr'>balea,</span> <span class='ocrx_word' id='word_1_308' title='bbox 469 5831 551 5901; x_wconf 88' lang='lat' dir='ltr'>item</span> <span class='ocrx_word' id='word_1_309' title='bbox 578 5831 739 5901; x_wconf 86' lang='lat' dir='ltr'>scoltetia</span> <span class='ocrx_word' id='word_1_310' title='bbox 764 5830 894 5902; x_wconf 89' lang='lat' dir='ltr'>habens</span> <span class='ocrx_word' id='word_1_311' title='bbox 921 5852 1025 5902; x_wconf 88' lang='lat' dir='ltr'>unum</span> <span class='ocrx_word' id='word_1_312' title='bbox 1054 5830 1190 5902; x_wconf 89' lang='lat' dir='ltr'>lanemn</span> <span class='ocrx_word' id='word_1_313' title='bbox 1207 5831 1364 5922; x_wconf 73' lang='lat' dir='ltr'>liberunt,</span> <span class='ocrx_word' id='word_1_314' title='bbox 1391 5832 1474 5901; x_wconf 89' lang='lat' dir='ltr'>item</span> <span class='ocrx_word' id='word_1_315' title='bbox 1493 5831 1581 5903; x_wconf 89' lang='lat' dir='ltr'>duae</span> <span class='ocrx_word' id='word_1_316' title='bbox 1598 5832 1830 5925; x_wconf 87' lang='lat' dir='ltr'>hortulaniae,</span> <span class='ocrx_word' id='word_1_317' title='bbox 1848 5834 1891 5905; x_wconf 90' lang='lat' dir='ltr'>de</span> 
     </span>
     <span class='ocr_line' id='line_1_34' title="bbox 330 5950 1892 6053; baseline 0.001 -31"><span class='ocrx_word' id='word_1_318' title='bbox 330 5952 461 6045; x_wconf 43' lang='lat' dir='ltr'>‚quinus</span> <span class='ocrx_word' id='word_1_319' title='bbox 489 5952 647 6023; x_wconf 87' lang='lat' dir='ltr'>omnibus</span> <span class='ocrx_word' id='word_1_320' title='bbox 675 5952 820 6023; x_wconf 83' lang='lat' dir='ltr'>solvitur</span> <span class='ocrx_word' id='word_1_321' title='bbox 847 5958 882 6023; x_wconf 89' lang='lat' dir='ltr'>et</span> <span class='ocrx_word' id='word_1_322' title='bbox 908 5950 1113 6023; x_wconf 88' lang='lat' dir='ltr'>conducitur</span> <span class='ocrx_word' id='word_1_323' title='bbox 1139 5951 1270 6021; x_wconf 86' lang='lat' dir='ltr'>decima</span> <span class='ocrx_word' id='word_1_324' title='bbox 1289 5951 1568 6053; x_wconf 87' lang='lat' dir='ltr'>manipulariset</span> <span class='ocrx_word' id='word_1_325' title='bbox 1586 5954 1765 6049; x_wconf 88' lang='lat' dir='ltr'>canapalis</span> <span class='ocrx_word' id='word_1_326' title='bbox 1784 5955 1892 6026; x_wconf 87' lang='lat' dir='ltr'>eccle·</span> 
     </span>
     <span class='ocr_line' id='line_1_35' title="bbox 339 6072 1889 6163; baseline 0.001 -21"><span class='ocrx_word' id='word_1_327' title='bbox 339 6074 410 6142; x_wconf 88' lang='lat' dir='ltr'>siae</span> <span class='ocrx_word' id='word_1_328' title='bbox 446 6080 482 6142; x_wconf 89' lang='lat' dir='ltr'>ot</span> <span class='ocrx_word' id='word_1_329' title='bbox 508 6074 654 6162; x_wconf 86' lang='lat' dir='ltr'>plebano</span> <span class='ocrx_word' id='word_1_330' title='bbox 684 6075 717 6143; x_wconf 91' lang='lat' dir='ltr'>iu</span> <span class='ocrx_word' id='word_1_331' title='bbox 746 6074 978 6163; x_wconf 81' lang='lat' dir='ltr'>Sanczon,</span> <span class='ocrx_word' id='word_1_332' title='bbox 1006 6080 1042 6142; x_wconf 92' lang='lat' dir='ltr'>et</span> <span class='ocrx_word' id='word_1_333' title='bbox 1069 6073 1167 6143; x_wconf 80' lang='lat' dir='ltr'>valor</span> <span class='ocrx_word' id='word_1_334' title='bbox 1194 6075 1267 6144; x_wconf 86' lang='lat' dir='ltr'>eius</span> <span class='ocrx_word' id='word_1_335' title='bbox 1295 6074 1500 6145; x_wconf 87' lang='lat' dir='ltr'>aestimatur</span> <span class='ocrx_word' id='word_1_336' title='bbox 1526 6074 1570 6144; x_wconf 90' lang='lat' dir='ltr'>ad</span> <span class='ocrx_word' id='word_1_337' title='bbox 1597 6072 1715 6145; x_wconf 87' lang='lat' dir='ltr'>decem</span> <span class='ocrx_word' id='word_1_338' title='bbox 1742 6097 1889 6147; x_wconf 88' lang='lat' dir='ltr'>marcas.</span> 
     </span>
    </p>
   </div>
   <div class='ocr_carea' id='block_1_6' title="bbox 233 6193 1885 6284">
    <p class='ocr_par' dir='ltr' id='par_1_11' title="bbox 233 6193 1885 6284">
     <span class='ocr_line' id='line_1_36' title="bbox 233 6193 1885 6284; baseline 0.002 -21"><span class='ocrx_word' id='word_1_339' title='bbox 233 6248 237 6255; x_wconf 88' lang='lat'><em>.</em></span> <span class='ocrx_word' id='word_1_340' title='bbox 335 6193 422 6266; x_wconf 90' lang='lat' dir='ltr'>Item</span> <span class='ocrx_word' id='word_1_341' title='bbox 450 6195 565 6264; x_wconf 90' lang='lat' dir='ltr'>estin</span> <span class='ocrx_word' id='word_1_342' title='bbox 593 6194 711 6264; x_wconf 90' lang='lat' dir='ltr'>eadem</span> <span class='ocrx_word' id='word_1_343' title='bbox 739 6195 830 6269; x_wconf 80' lang='lat' dir='ltr'>villa</span> <span class='ocrx_word' id='word_1_344' title='bbox 849 6194 1027 6284; x_wconf 89' lang='lat' dir='ltr'>praedium</span> <span class='ocrx_word' id='word_1_345' title='bbox 1055 6195 1249 6283; x_wconf 85' lang='lat' dir='ltr'>episcopale</span> <span class='ocrx_word' id='word_1_346' title='bbox 1276 6195 1349 6266; x_wconf 84' lang='lat' dir='ltr'>sive</span> <span class='ocrx_word' id='word_1_347' title='bbox 1377 6201 1562 6283; x_wconf 87' lang='lat' dir='ltr'>castrense,</span> <span class='ocrx_word' id='word_1_348' title='bbox 1587 6195 1724 6284; x_wconf 83' lang='lat' dir='ltr'>largum</span> <span class='ocrx_word' id='word_1_349' title='bbox 1752 6201 1801 6267; x_wconf 87' lang='lat' dir='ltr'>et&#39;</span> <span class='ocrx_word' id='word_1_350' title='bbox 1817 6197 1885 6267; x_wconf 88' lang='lat' dir='ltr'>lar·</span> 
     </span>
    </p>
   </div>
   <div class='ocr_carea' id='block_1_7' title="bbox 336 6315 1888 6526">
    <p class='ocr_par' dir='ltr' id='par_1_12' title="bbox 336 6315 1888 6526">
     <span class='ocr_line' id='line_1_37' title="bbox 336 6315 1888 6417; baseline 0.003 -31"><span class='ocrx_word' id='word_1_351' title='bbox 336 6337 400 6405; x_wconf 81' lang='lat' dir='ltr'>gos</span> <span class='ocrx_word' id='word_1_352' title='bbox 435 6315 566 6387; x_wconf 81' lang='lat' dir='ltr'>babens</span> <span class='ocrx_word' id='word_1_353' title='bbox 607 6336 762 6404; x_wconf 76' lang='lat' dir='ltr'>canipae,</span> <span class='ocrx_word' id='word_1_354' title='bbox 800 6317 842 6387; x_wconf 88' lang='lat' dir='ltr'>de</span> <span class='ocrx_word' id='word_1_355' title='bbox 879 6317 1003 6405; x_wconf 81' lang='lat' dir='ltr'>quibus</span> <span class='ocrx_word' id='word_1_356' title='bbox 1041 6315 1189 6386; x_wconf 84' lang='lat' dir='ltr'>solvitur</span> <span class='ocrx_word' id='word_1_357' title='bbox 1224 6316 1356 6387; x_wconf 89' lang='lat' dir='ltr'>decima</span> <span class='ocrx_word' id='word_1_358' title='bbox 1391 6317 1616 6417; x_wconf 81' lang='lat' dir='ltr'>manipularis</span> <span class='ocrx_word' id='word_1_359' title='bbox 1651 6318 1820 6390; x_wconf 88' lang='lat' dir='ltr'>ecclesiae</span> <span class='ocrx_word' id='word_1_360' title='bbox 1856 6321 1888 6390; x_wconf 94' lang='lat' dir='ltr'>iu</span> 
     </span>
     <span class='ocr_line' id='line_1_38' title="bbox 338 6435 1465 6526; baseline 0.001 -19"><span class='ocrx_word' id='word_1_361' title='bbox 338 6435 591 6526; x_wconf 82' lang='lat' dir='ltr'>Sayewyor,</span> <span class='ocrx_word' id='word_1_362' title='bbox 618 6444 654 6508; x_wconf 88' lang='lat' dir='ltr'>et</span> <span class='ocrx_word' id='word_1_363' title='bbox 681 6436 778 6507; x_wconf 83' lang='lat' dir='ltr'>valor</span> <span class='ocrx_word' id='word_1_364' title='bbox 805 6437 879 6506; x_wconf 89' lang='lat' dir='ltr'>eius</span> <span class='ocrx_word' id='word_1_365' title='bbox 907 6438 950 6508; x_wconf 88' lang='lat' dir='ltr'>ad</span> <span class='ocrx_word' id='word_1_366' title='bbox 977 6437 1063 6508; x_wconf 89' lang='lat' dir='ltr'>duas</span> <span class='ocrx_word' id='word_1_367' title='bbox 1091 6459 1222 6508; x_wconf 88' lang='lat' dir='ltr'>marcas</span> <span class='ocrx_word' id='word_1_368' title='bbox 1250 6439 1465 6510; x_wconf 88' lang='lat' dir='ltr'>aestimatur.</span> 
     </span>
    </p>
   </div>
   <div class='ocr_carea' id='block_1_8' title="bbox 444 6555 1888 6665">
    <p class='ocr_par' dir='ltr' id='par_1_13' title="bbox 444 6555 1888 6665">
     <span class='ocr_line' id='line_1_39' title="bbox 444 6555 1888 6665; baseline 0.006 -39"><span class='ocrx_word' id='word_1_369' title='bbox 444 6557 606 6648; x_wconf 79' lang='lat' dir='ltr'>Laomn,</span> <span class='ocrx_word' id='word_1_370' title='bbox 633 6557 719 6641; x_wconf 90' lang='lat' dir='ltr'>villa</span> <span class='ocrx_word' id='word_1_371' title='bbox 754 6555 817 6629; x_wconf 88' lang='lat' dir='ltr'>sub</span> <span class='ocrx_word' id='word_1_372' title='bbox 853 6559 1020 6648; x_wconf 88' lang='lat' dir='ltr'>parochia</span> <span class='ocrx_word' id='word_1_373' title='bbox 1054 6560 1098 6630; x_wconf 91' lang='lat' dir='ltr'>de</span> <span class='ocrx_word' id='word_1_374' title='bbox 1134 6560 1346 6651; x_wconf 84' lang='lat' dir='ltr'>Szewyor</span> <span class='ocrx_word' id='word_1_375' title='bbox 1382 6562 1468 6658; x_wconf 79' lang='lat' dir='ltr'>sita,</span> <span class='ocrx_word' id='word_1_376' title='bbox 1495 6560 1594 6635; x_wconf 83' lang='lat' dir='ltr'>cuius</span> <span class='ocrx_word' id='word_1_377' title='bbox 1619 6558 1820 6665; x_wconf 81' lang='lat' dir='ltr'>proprietas</span> <span class='ocrx_word' id='word_1_378' title='bbox 1846 6555 1888 6634; x_wconf 86' lang='lat' dir='ltr'>ad</span> 
     </span>
    </p>
   </div>
   <div class='ocr_carea' id='block_1_9' title="bbox 0 0 2114 8340">
    <p class='ocr_par' dir='ltr' id='par_1_14' title="bbox 0 0 2114 8340">
     <span class='ocr_line' id='line_1_40' title="bbox 0 0 2114 8340; baseline 0 0"><span class='ocrx_word' id='word_1_379' title='bbox 0 0 2114 8340; x_wconf 95' lang='lat' dir='ltr'> </span> 
     </span>
    </p>
   </div>
  </div>
 </body>
</html>
