<?xml version="1.0" encoding="UTF-8"?>
<!DOCTYPE html PUBLIC "-//W3C//DTD XHTML 1.0 Transitional//EN"
    "http://www.w3.org/TR/xhtml1/DTD/xhtml1-transitional.dtd">
<html xmlns="http://www.w3.org/1999/xhtml" xml:lang="en" lang="en">
 <head>
  <title>
</title>
<meta http-equiv="Content-Type" content="text/html;charset=utf-8" />
  <meta name='ocr-system' content='tesseract 3.04.00' />
  <meta name='ocr-capabilities' content='ocr_page ocr_carea ocr_par ocr_line ocrx_word'/>
</head>
<body>
  <div class='ocr_page' id='page_1' title='image "./joannisdugoszse01dugoog_0074.png"; bbox 0 0 4200 8342; ppageno 0'>
   <div class='ocr_carea' id='block_1_1' title="bbox 150 1598 446 1688">
    <p class='ocr_par' dir='ltr' id='par_1_1' title="bbox 150 1598 446 1688">
     <span class='ocr_line' id='line_1_1' title="bbox 150 1598 446 1688; baseline 0.003 -1"><span class='ocrx_word' id='word_1_1' title='bbox 150 1598 446 1688; x_wconf 59' lang='lat'>⁴50⁴</span> 
     </span>
    </p>
   </div>
   <div class='ocr_carea' id='block_1_2' title="bbox 265 1819 1888 6643">
    <p class='ocr_par' dir='ltr' id='par_1_2' title="bbox 278 1819 1888 2156">
     <span class='ocr_line' id='line_1_2' title="bbox 278 1819 1827 1916; baseline 0.003 -23"><span class='ocrx_word' id='word_1_2' title='bbox 278 1822 501 1914; x_wconf 78' lang='lat' dir='ltr'>manipularis</span> <span class='ocrx_word' id='word_1_3' title='bbox 520 1827 556 1895; x_wconf 88' lang='lat' dir='ltr'>et</span> <span class='ocrx_word' id='word_1_4' title='bbox 574 1820 747 1914; x_wconf 89' lang='lat' dir='ltr'>canapalis</span> <span class='ocrx_word' id='word_1_5' title='bbox 765 1844 829 1915; x_wconf 91' lang='lat' dir='ltr'>pro</span> <span class='ocrx_word' id='word_1_6' title='bbox 847 1821 1091 1915; x_wconf 86' lang='lat' dir='ltr'>praedicatura</span> <span class='ocrx_word' id='word_1_7' title='bbox 1117 1821 1281 1899; x_wconf 85' lang='lat' dir='ltr'>ecclesiae</span> <span class='ocrx_word' id='word_1_8' title='bbox 1309 1819 1549 1916; x_wconf 80' lang='lat' dir='ltr'>Gracoviensi,</span> <span class='ocrx_word' id='word_1_9' title='bbox 1575 1829 1613 1898; x_wconf 87' lang='lat' dir='ltr'>et</span> <span class='ocrx_word' id='word_1_10' title='bbox 1632 1821 1734 1899; x_wconf 84' lang='lat' dir='ltr'>valor</span> <span class='ocrx_word' id='word_1_11' title='bbox 1755 1821 1827 1898; x_wconf 84' lang='lat' dir='ltr'>eius</span> 
     </span>
     <span class='ocr_line' id='line_1_3' title="bbox 280 1938 1888 2039; baseline 0.003 -25"><span class='ocrx_word' id='word_1_12' title='bbox 280 1944 482 2036; x_wconf 86' lang='lat' dir='ltr'>aestimatur</span> <span class='ocrx_word' id='word_1_13' title='bbox 507 1945 553 2016; x_wconf 92' lang='lat' dir='ltr'>ad</span> <span class='ocrx_word' id='word_1_14' title='bbox 571 1999 684 2016; x_wconf 94' lang='grc'><strong>.....</strong></span> <span class='ocrx_word' id='word_1_15' title='bbox 693 2000 701 2037; x_wconf 85' lang='grc'><em>,</em></span> <span class='ocrx_word' id='word_1_16' title='bbox 730 1946 813 2016; x_wconf 87' lang='lat' dir='ltr'>item</span> <span class='ocrx_word' id='word_1_17' title='bbox 831 1952 885 2017; x_wconf 88' lang='lat' dir='ltr'>est</span> <span class='ocrx_word' id='word_1_18' title='bbox 902 1946 951 2018; x_wconf 93' lang='lat' dir='ltr'>ibi</span> <span class='ocrx_word' id='word_1_19' title='bbox 969 1947 1150 2037; x_wconf 73' lang='lat' dir='ltr'>praedium</span> <span class='ocrx_word' id='word_1_20' title='bbox 1175 1946 1336 2038; x_wconf 86' lang='lat' dir='ltr'>militare,</span> <span class='ocrx_word' id='word_1_21' title='bbox 1363 1947 1407 2019; x_wconf 89' lang='lat' dir='ltr'>de</span> <span class='ocrx_word' id='word_1_22' title='bbox 1434 1947 1532 2020; x_wconf 84' lang='lat' dir='ltr'>euius</span> <span class='ocrx_word' id='word_1_23' title='bbox 1558 1947 1654 2039; x_wconf 81' lang='lat' dir='ltr'>agris</span> <span class='ocrx_word' id='word_1_24' title='bbox 1681 1946 1829 2020; x_wconf 83' lang='lat' dir='ltr'>solvitur</span> <span class='ocrx_word' id='word_1_25' title='bbox 1885 1938 1888 1947; x_wconf 79' lang='grc'><strong>’</strong></span> 
     </span>
     <span class='ocr_line' id='line_1_4' title="bbox 280 2063 1317 2156; baseline 0.002 -21"><span class='ocrx_word' id='word_1_26' title='bbox 280 2063 411 2135; x_wconf 82' lang='lat' dir='ltr'>decima</span> <span class='ocrx_word' id='word_1_27' title='bbox 436 2064 662 2156; x_wconf 73' lang='lat' dir='ltr'>manipularis</span> <span class='ocrx_word' id='word_1_28' title='bbox 689 2065 853 2137; x_wconf 85' lang='lat' dir='ltr'>ecclesiae</span> <span class='ocrx_word' id='word_1_29' title='bbox 880 2067 915 2137; x_wconf 95' lang='lat' dir='ltr'>in</span> <span class='ocrx_word' id='word_1_30' title='bbox 941 2065 1317 2139; x_wconf 81' lang='lat' dir='ltr'>Wiauczslauicze.</span> 
     </span>
    </p>

    <p class='ocr_par' dir='ltr' id='par_1_3' title="bbox 276 2184 1827 3127">
     <span class='ocr_line' id='line_1_5' title="bbox 300 2184 1827 2279; baseline 0.001 -21"><span class='ocrx_word' id='word_1_31' title='bbox 300 2243 304 2247; x_wconf 81' lang='lat'><strong>.</strong></span> <span class='ocrx_word' id='word_1_32' title='bbox 380 2184 688 2278; x_wconf 64' lang='lat' dir='ltr'>Mansuram,</span> <span class='ocrx_word' id='word_1_33' title='bbox 725 2187 808 2259; x_wconf 85' lang='lat' dir='ltr'>villa</span> <span class='ocrx_word' id='word_1_34' title='bbox 842 2188 906 2261; x_wconf 89' lang='lat' dir='ltr'>sub</span> <span class='ocrx_word' id='word_1_35' title='bbox 933 2189 1099 2279; x_wconf 88' lang='lat' dir='ltr'>parochia</span> <span class='ocrx_word' id='word_1_36' title='bbox 1125 2189 1168 2261; x_wconf 88' lang='lat' dir='ltr'>de</span> <span class='ocrx_word' id='word_1_37' title='bbox 1194 2186 1572 2261; x_wconf 83' lang='lat' dir='ltr'>Wianczslauicre</span> <span class='ocrx_word' id='word_1_38' title='bbox 1607 2188 1694 2278; x_wconf 84' lang='lat' dir='ltr'>sita,</span> <span class='ocrx_word' id='word_1_39' title='bbox 1726 2187 1827 2260; x_wconf 89' lang='lat' dir='ltr'>cuins</span> 
     </span>
     <span class='ocr_line' id='line_1_6' title="bbox 276 2288 1827 2400; baseline 0.002 -24"><span class='ocrx_word' id='word_1_40' title='bbox 276 2305 443 2378; x_wconf 85' lang='lat' dir='ltr'>haeredes</span> <span class='ocrx_word' id='word_1_41' title='bbox 460 2306 639 2380; x_wconf 85' lang='lat' dir='ltr'>Zauischa</span> <span class='ocrx_word' id='word_1_42' title='bbox 655 2288 894 2400; x_wconf 81' lang='lat' dir='ltr'>Rzanczslry</span> <span class='ocrx_word' id='word_1_43' title='bbox 921 2315 957 2381; x_wconf 93' lang='lat' dir='ltr'>et</span> <span class='ocrx_word' id='word_1_44' title='bbox 976 2364 1091 2381; x_wconf 92' lang='grc'><strong>.....</strong></span> <span class='ocrx_word' id='word_1_45' title='bbox 1090 2336 1095 2347; x_wconf 93' lang='grc'><em>·</em></span> <span class='ocrx_word' id='word_1_46' title='bbox 1117 2309 1296 2400; x_wconf 84' lang='lat' dir='ltr'>Dimslry,</span> <span class='ocrx_word' id='word_1_47' title='bbox 1322 2309 1450 2381; x_wconf 90' lang='lat' dir='ltr'>nobilis</span> <span class='ocrx_word' id='word_1_48' title='bbox 1468 2309 1512 2381; x_wconf 85' lang='lat' dir='ltr'>de</span> <span class='ocrx_word' id='word_1_49' title='bbox 1529 2309 1636 2381; x_wconf 70' lang='lat' dir='ltr'>umis</span> <span class='ocrx_word' id='word_1_50' title='bbox 1655 2307 1827 2400; x_wconf 74' lang='lat' dir='ltr'>Toppor,</span> 
     </span>
     <span class='ocr_line' id='line_1_7' title="bbox 276 2426 1823 2533; baseline 0.002 -36"><span class='ocrx_word' id='word_1_51' title='bbox 276 2426 313 2496; x_wconf 94' lang='lat' dir='ltr'>in</span> <span class='ocrx_word' id='word_1_52' title='bbox 341 2449 410 2518; x_wconf 92' lang='lat' dir='ltr'>qua</span> <span class='ocrx_word' id='word_1_53' title='bbox 436 2434 517 2499; x_wconf 90' lang='lat' dir='ltr'>sunt</span> <span class='ocrx_word' id='word_1_54' title='bbox 544 2429 660 2500; x_wconf 87' lang='lat' dir='ltr'>decem</span> <span class='ocrx_word' id='word_1_55' title='bbox 686 2429 778 2501; x_wconf 86' lang='lat' dir='ltr'>lanei</span> <span class='ocrx_word' id='word_1_56' title='bbox 804 2431 1046 2533; x_wconf 79' lang='lat' dir='ltr'>amathonales,</span> <span class='ocrx_word' id='word_1_57' title='bbox 1074 2431 1159 2502; x_wconf 87' lang='lat' dir='ltr'>ilem</span> <span class='ocrx_word' id='word_1_58' title='bbox 1176 2429 1250 2502; x_wconf 88' lang='lat' dir='ltr'>tria-</span> <span class='ocrx_word' id='word_1_59' title='bbox 1268 2429 1412 2521; x_wconf 90' lang='lat' dir='ltr'>praedia</span> <span class='ocrx_word' id='word_1_60' title='bbox 1437 2430 1613 2520; x_wconf 88' lang='lat' dir='ltr'>militaria,</span> <span class='ocrx_word' id='word_1_61' title='bbox 1640 2430 1731 2502; x_wconf 76' lang='lat' dir='ltr'>item·</span> <span class='ocrx_word' id='word_1_62' title='bbox 1744 2429 1823 2501; x_wconf 91' lang='lat' dir='ltr'>hor·</span> 
     </span>
     <span class='ocr_line' id='line_1_8' title="bbox 278 2547 1827 2643; baseline 0.002 -26"><span class='ocrx_word' id='word_1_63' title='bbox 278 2547 448 2641; x_wconf 85' lang='lat' dir='ltr'>tulaniae,</span> <span class='ocrx_word' id='word_1_64' title='bbox 474 2550 641 2622; x_wconf 84' lang='lat' dir='ltr'>habentes</span> <span class='ocrx_word' id='word_1_65' title='bbox 667 2571 787 2642; x_wconf 81' lang='lat' dir='ltr'>agros,</span> <span class='ocrx_word' id='word_1_66' title='bbox 819 2550 863 2623; x_wconf 87' lang='lat' dir='ltr'>de</span> <span class='ocrx_word' id='word_1_67' title='bbox 889 2552 1013 2643; x_wconf 89' lang='lat' dir='ltr'>quibus</span> <span class='ocrx_word' id='word_1_68' title='bbox 1041 2551 1200 2624; x_wconf 87' lang='lat' dir='ltr'>omnihus</span> <span class='ocrx_word' id='word_1_69' title='bbox 1226 2551 1375 2624; x_wconf 83' lang='lat' dir='ltr'>sclritur</span> <span class='ocrx_word' id='word_1_70' title='bbox 1399 2557 1437 2624; x_wconf 88' lang='lat' dir='ltr'>et</span> <span class='ocrx_word' id='word_1_71' title='bbox 1460 2551 1670 2624; x_wconf 72' lang='lat' dir='ltr'>conducitur</span> <span class='ocrx_word' id='word_1_72' title='bbox 1696 2550 1827 2623; x_wconf 76' lang='lat' dir='ltr'>decim</span> 
     </span>
     <span class='ocr_line' id='line_1_9' title="bbox 278 2670 1823 2764; baseline 0.003 -24"><span class='ocrx_word' id='word_1_73' title='bbox 278 2670 501 2760; x_wconf 83' lang='lat' dir='ltr'>manipularis</span> <span class='ocrx_word' id='word_1_74' title='bbox 527 2677 564 2742; x_wconf 88' lang='lat' dir='ltr'>et</span> <span class='ocrx_word' id='word_1_75' title='bbox 600 2672 774 2762; x_wconf 87' lang='lat' dir='ltr'>canapalis</span> <span class='ocrx_word' id='word_1_76' title='bbox 809 2672 974 2745; x_wconf 88' lang='lat' dir='ltr'>acclesiae</span> <span class='ocrx_word' id='word_1_77' title='bbox 1009 2674 1046 2744; x_wconf 93' lang='lat' dir='ltr'>iu</span> <span class='ocrx_word' id='word_1_78' title='bbox 1081 2671 1513 2764; x_wconf 82' lang='lat' dir='ltr'>Wianozslauicze,</span> <span class='ocrx_word' id='word_1_79' title='bbox 1549 2678 1585 2745; x_wconf 86' lang='lat' dir='ltr'>et</span> <span class='ocrx_word' id='word_1_80' title='bbox 1616 2673 1716 2746; x_wconf 84' lang='lat' dir='ltr'>rulor</span> <span class='ocrx_word' id='word_1_81' title='bbox 1738 2672 1823 2744; x_wconf 84' lang='lat' dir='ltr'>eius</span> 
     </span>
     <span class='ocr_line' id='line_1_10' title="bbox 277 2792 1825 2885; baseline 0.003 -22"><span class='ocrx_word' id='word_1_82' title='bbox 277 2792 484 2865; x_wconf 84' lang='lat' dir='ltr'>aestimatur</span> <span class='ocrx_word' id='word_1_83' title='bbox 510 2792 554 2865; x_wconf 89' lang='lat' dir='ltr'>ad</span> <span class='ocrx_word' id='word_1_84' title='bbox 581 2799 711 2885; x_wconf 78' lang='lat' dir='ltr'>septem</span> <span class='ocrx_word' id='word_1_85' title='bbox 746 2813 914 2875; x_wconf 59' lang='lat' dir='ltr'>marcens,</span> <span class='ocrx_word' id='word_1_86' title='bbox 932 2794 1021 2866; x_wconf 88' lang='lat' dir='ltr'>Item</span> <span class='ocrx_word' id='word_1_87' title='bbox 1059 2800 1141 2866; x_wconf 91' lang='lat' dir='ltr'>sunt</span> <span class='ocrx_word' id='word_1_88' title='bbox 1175 2795 1225 2866; x_wconf 89' lang='lat' dir='ltr'>ihi</span> <span class='ocrx_word' id='word_1_89' title='bbox 1251 2800 1402 2885; x_wconf 89' lang='lat' dir='ltr'>quatuor</span> <span class='ocrx_word' id='word_1_90' title='bbox 1435 2794 1622 2885; x_wconf 74' lang='lat' dir='ltr'>trberuae,</span> <span class='ocrx_word' id='word_1_91' title='bbox 1658 2794 1825 2867; x_wconf 81' lang='lat' dir='ltr'>hebentes</span> 
     </span>
     <span class='ocr_line' id='line_1_11' title="bbox 277 2912 1826 3006; baseline 0.001 -20"><span class='ocrx_word' id='word_1_92' title='bbox 277 2933 389 3006; x_wconf 85' lang='lat' dir='ltr'>agros,</span> <span class='ocrx_word' id='word_1_93' title='bbox 416 2913 458 2986; x_wconf 88' lang='lat' dir='ltr'>de</span> <span class='ocrx_word' id='word_1_94' title='bbox 485 2915 610 3006; x_wconf 87' lang='lat' dir='ltr'>quihus</span> <span class='ocrx_word' id='word_1_95' title='bbox 636 2914 802 3006; x_wconf 88' lang='lat' dir='ltr'>plebanus</span> <span class='ocrx_word' id='word_1_96' title='bbox 829 2914 872 2987; x_wconf 89' lang='lat' dir='ltr'>de</span> <span class='ocrx_word' id='word_1_97' title='bbox 893 2912 1021 2988; x_wconf 88' lang='lat' dir='ltr'>Sancta</span> <span class='ocrx_word' id='word_1_98' title='bbox 1046 2914 1162 2987; x_wconf 86' lang='lat' dir='ltr'>Maria</span> <span class='ocrx_word' id='word_1_99' title='bbox 1188 2915 1224 2987; x_wconf 94' lang='lat' dir='ltr'>in</span> <span class='ocrx_word' id='word_1_100' title='bbox 1251 2913 1481 2988; x_wconf 78' lang='lat' dir='ltr'>cracovia</span> <span class='ocrx_word' id='word_1_101' title='bbox 1507 2916 1635 2989; x_wconf 87' lang='lat' dir='ltr'>asserit</span> <span class='ocrx_word' id='word_1_102' title='bbox 1661 2915 1826 2988; x_wconf 88' lang='lat' dir='ltr'>decimam</span> 
     </span>
     <span class='ocr_line' id='line_1_12' title="bbox 277 3008 1616 3127; baseline 0.002 -21"><span class='ocrx_word' id='word_1_103' title='bbox 277 3008 321 3106; x_wconf 86' lang='lat' dir='ltr'>ad</span> <span class='ocrx_word' id='word_1_104' title='bbox 348 3057 385 3108; x_wconf 86' lang='lat' dir='ltr'>se</span> <span class='ocrx_word' id='word_1_105' title='bbox 411 3037 595 3127; x_wconf 86' lang='lat' dir='ltr'>pertinere.</span> <span class='ocrx_word' id='word_1_106' title='bbox 1614 3117 1616 3120; x_wconf 56' lang='grc'><strong>,</strong></span> 
     </span>
    </p>

    <p class='ocr_par' dir='ltr' id='par_1_4' title="bbox 275 3156 1825 3735">
     <span class='ocr_line' id='line_1_13' title="bbox 377 3156 1820 3249; baseline 0.001 -21"><span class='ocrx_word' id='word_1_107' title='bbox 377 3156 693 3249; x_wconf 83' lang='lat' dir='ltr'>Wruczuowrczs‚</span> <span class='ocrx_word' id='word_1_108' title='bbox 722 3158 805 3230; x_wconf 88' lang='lat' dir='ltr'>villa</span> <span class='ocrx_word' id='word_1_109' title='bbox 830 3158 895 3230; x_wconf 91' lang='lat' dir='ltr'>suh</span> <span class='ocrx_word' id='word_1_110' title='bbox 918 3158 1086 3249; x_wconf 87' lang='lat' dir='ltr'>parochia</span> <span class='ocrx_word' id='word_1_111' title='bbox 1112 3158 1279 3230; x_wconf 86' lang='lat' dir='ltr'>ecclesiae</span> <span class='ocrx_word' id='word_1_112' title='bbox 1297 3158 1341 3230; x_wconf 89' lang='lat' dir='ltr'>de</span> <span class='ocrx_word' id='word_1_113' title='bbox 1359 3157 1718 3231; x_wconf 86' lang='lat' dir='ltr'>Wianczslarricze</span> <span class='ocrx_word' id='word_1_114' title='bbox 1747 3160 1820 3249; x_wconf 76' lang='lat' dir='ltr'>sita</span> 
     </span>
     <span class='ocr_line' id='line_1_14' title="bbox 276 3279 1824 3372; baseline 0.002 -23"><span class='ocrx_word' id='word_1_115' title='bbox 276 3279 373 3351; x_wconf 88' lang='lat' dir='ltr'>ouius</span> <span class='ocrx_word' id='word_1_116' title='bbox 398 3279 568 3351; x_wconf 88' lang='lat' dir='ltr'>haeredes</span> <span class='ocrx_word' id='word_1_117' title='bbox 604 3300 722 3351; x_wconf 89' lang='lat' dir='ltr'>omnes</span> <span class='ocrx_word' id='word_1_118' title='bbox 749 3280 784 3350; x_wconf 95' lang='lat' dir='ltr'>in</span> <span class='ocrx_word' id='word_1_119' title='bbox 812 3280 930 3350; x_wconf 86' lang='lat' dir='ltr'>sadern</span> <span class='ocrx_word' id='word_1_120' title='bbox 967 3279 1050 3357; x_wconf 81' lang='lat' dir='ltr'>villa</span> <span class='ocrx_word' id='word_1_121' title='bbox 1086 3279 1334 3371; x_wconf 63' lang='lat' dir='ltr'>consistentes,</span> <span class='ocrx_word' id='word_1_122' title='bbox 1371 3281 1407 3351; x_wconf 92' lang='lat' dir='ltr'>in</span> <span class='ocrx_word' id='word_1_123' title='bbox 1434 3301 1504 3372; x_wconf 88' lang='lat' dir='ltr'>qua</span> <span class='ocrx_word' id='word_1_124' title='bbox 1529 3285 1611 3352; x_wconf 89' lang='lat' dir='ltr'>sunt</span> <span class='ocrx_word' id='word_1_125' title='bbox 1646 3279 1824 3352; x_wconf 88' lang='lat' dir='ltr'>duodecim</span> 
     </span>
     <span class='ocr_line' id='line_1_15' title="bbox 275 3397 1825 3492; baseline 0.003 -24"><span class='ocrx_word' id='word_1_126' title='bbox 275 3397 366 3469; x_wconf 89' lang='lat' dir='ltr'>lanei</span> <span class='ocrx_word' id='word_1_127' title='bbox 384 3399 737 3491; x_wconf 61' lang='lat' dir='ltr'>ammorrhaeum</span> <span class='ocrx_word' id='word_1_128' title='bbox 754 3400 901 3473; x_wconf 90' lang='lat' dir='ltr'>taberna</span> <span class='ocrx_word' id='word_1_129' title='bbox 918 3401 1049 3475; x_wconf 85' lang='lat' dir='ltr'>habens</span> <span class='ocrx_word' id='word_1_130' title='bbox 1067 3421 1182 3492; x_wconf 84' lang='lat' dir='ltr'>agros,</span> <span class='ocrx_word' id='word_1_131' title='bbox 1208 3401 1292 3472; x_wconf 79' lang='lat' dir='ltr'>item</span> <span class='ocrx_word' id='word_1_132' title='bbox 1310 3407 1384 3473; x_wconf 89' lang='lat' dir='ltr'>tres</span> <span class='ocrx_word' id='word_1_133' title='bbox 1398 3401 1632 3491; x_wconf 81' lang='lat' dir='ltr'>hortulaniae,</span> <span class='ocrx_word' id='word_1_134' title='bbox 1658 3401 1825 3473; x_wconf 84' lang='lat' dir='ltr'>habentes</span> 
     </span>
     <span class='ocr_line' id='line_1_16' title="bbox 276 3520 1824 3612; baseline 0.001 -20"><span class='ocrx_word' id='word_1_135' title='bbox 276 3540 389 3610; x_wconf 84' lang='lat' dir='ltr'>agros,</span> <span class='ocrx_word' id='word_1_136' title='bbox 416 3520 458 3592; x_wconf 88' lang='lat' dir='ltr'>de</span> <span class='ocrx_word' id='word_1_137' title='bbox 486 3521 610 3611; x_wconf 89' lang='lat' dir='ltr'>quihus</span> <span class='ocrx_word' id='word_1_138' title='bbox 636 3521 795 3593; x_wconf 88' lang='lat' dir='ltr'>omnihus</span> <span class='ocrx_word' id='word_1_139' title='bbox 823 3521 971 3594; x_wconf 90' lang='lat' dir='ltr'>solvitur</span> <span class='ocrx_word' id='word_1_140' title='bbox 997 3526 1033 3593; x_wconf 90' lang='lat' dir='ltr'>et</span> <span class='ocrx_word' id='word_1_141' title='bbox 1059 3522 1264 3594; x_wconf 88' lang='lat' dir='ltr'>conducitur</span> <span class='ocrx_word' id='word_1_142' title='bbox 1295 3522 1428 3594; x_wconf 84' lang='lat' dir='ltr'>decima</span> <span class='ocrx_word' id='word_1_143' title='bbox 1441 3522 1682 3612; x_wconf 86' lang='lat' dir='ltr'>manipularis</span> <span class='ocrx_word' id='word_1_144' title='bbox 1709 3530 1747 3594; x_wconf 86' lang='lat' dir='ltr'>et</span> <span class='ocrx_word' id='word_1_145' title='bbox 1772 3542 1824 3594; x_wconf 88' lang='lat' dir='ltr'>ca·</span> 
     </span>
     <span class='ocr_line' id='line_1_17' title="bbox 277 3641 1766 3735; baseline 0.003 -24"><span class='ocrx_word' id='word_1_146' title='bbox 277 3641 411 3732; x_wconf 85' lang='lat' dir='ltr'>napulis</span> <span class='ocrx_word' id='word_1_147' title='bbox 438 3641 602 3715; x_wconf 85' lang='lat' dir='ltr'>ecclesiae</span> <span class='ocrx_word' id='word_1_148' title='bbox 627 3642 664 3714; x_wconf 94' lang='lat' dir='ltr'>in</span> <span class='ocrx_word' id='word_1_149' title='bbox 690 3641 1063 3735; x_wconf 86' lang='lat' dir='ltr'>Wianozslauicne,</span> <span class='ocrx_word' id='word_1_150' title='bbox 1091 3647 1127 3715; x_wconf 92' lang='lat' dir='ltr'>et</span> <span class='ocrx_word' id='word_1_151' title='bbox 1152 3643 1252 3716; x_wconf 81' lang='lat' dir='ltr'>valor</span> <span class='ocrx_word' id='word_1_152' title='bbox 1278 3644 1352 3716; x_wconf 86' lang='lat' dir='ltr'>eius</span> <span class='ocrx_word' id='word_1_153' title='bbox 1379 3645 1586 3716; x_wconf 87' lang='lat' dir='ltr'>aestimatur</span> <span class='ocrx_word' id='word_1_154' title='bbox 1612 3643 1657 3715; x_wconf 87' lang='lat' dir='ltr'>ad</span> <span class='ocrx_word' id='word_1_155' title='bbox 1676 3698 1684 3714; x_wconf 93' lang='lat'><strong>.</strong></span> <span class='ocrx_word' id='word_1_156' title='bbox 1703 3699 1712 3714; x_wconf 93' lang='lat'><strong>.</strong></span> <span class='ocrx_word' id='word_1_157' title='bbox 1730 3698 1766 3715; x_wconf 87' lang='lat'>..</span> 
     </span>
    </p>

    <p class='ocr_par' dir='ltr' id='par_1_5' title="bbox 275 3760 1824 4204">
     <span class='ocr_line' id='line_1_18' title="bbox 377 3760 1822 3856; baseline 0.001 -21"><span class='ocrx_word' id='word_1_158' title='bbox 377 3763 577 3856; x_wconf 65' lang='lat' dir='ltr'>zamram,</span> <span class='ocrx_word' id='word_1_159' title='bbox 605 3764 742 3838; x_wconf 83' lang='lat' dir='ltr'>deserta</span> <span class='ocrx_word' id='word_1_160' title='bbox 769 3765 851 3837; x_wconf 85' lang='lat' dir='ltr'>villa</span> <span class='ocrx_word' id='word_1_161' title='bbox 877 3765 941 3837; x_wconf 91' lang='lat' dir='ltr'>sub</span> <span class='ocrx_word' id='word_1_162' title='bbox 968 3760 1204 3856; x_wconf 72' lang='lat' dir='ltr'>parochialis</span> <span class='ocrx_word' id='word_1_163' title='bbox 1230 3763 1586 3839; x_wconf 85' lang='lat' dir='ltr'>Wianczsluwicze</span> <span class='ocrx_word' id='word_1_164' title='bbox 1613 3765 1700 3856; x_wconf 89' lang='lat' dir='ltr'>sita,</span> <span class='ocrx_word' id='word_1_165' title='bbox 1729 3765 1822 3836; x_wconf 90' lang='lat' dir='ltr'>cuius</span> 
     </span>
     <span class='ocr_line' id='line_1_19' title="bbox 275 3884 1824 3979; baseline 0.003 -25"><span class='ocrx_word' id='word_1_166' title='bbox 275 3884 398 3958; x_wconf 86' lang='lat' dir='ltr'>haeres</span> <span class='ocrx_word' id='word_1_167' title='bbox 423 3885 600 3961; x_wconf 85' lang='lat' dir='ltr'>Johannes</span> <span class='ocrx_word' id='word_1_168' title='bbox 626 3884 943 3979; x_wconf 83' lang='lat' dir='ltr'>Zakrzowslsy,</span> <span class='ocrx_word' id='word_1_169' title='bbox 970 3888 1006 3957; x_wconf 95' lang='lat' dir='ltr'>in</span> <span class='ocrx_word' id='word_1_170' title='bbox 1034 3908 1104 3978; x_wconf 84' lang='lat' dir='ltr'>qua</span> <span class='ocrx_word' id='word_1_171' title='bbox 1130 3893 1213 3958; x_wconf 90' lang='lat' dir='ltr'>sunt</span> <span class='ocrx_word' id='word_1_172' title='bbox 1238 3886 1332 3961; x_wconf 89' lang='lat' dir='ltr'>lanei</span> <span class='ocrx_word' id='word_1_173' title='bbox 1347 3886 1602 3978; x_wconf 78' lang='lat' dir='ltr'>amathonales,</span> <span class='ocrx_word' id='word_1_174' title='bbox 1629 3887 1674 3958; x_wconf 91' lang='lat' dir='ltr'>de</span> <span class='ocrx_word' id='word_1_175' title='bbox 1702 3888 1824 3978; x_wconf 87' lang='lat' dir='ltr'>quihus</span> 
     </span>
     <span class='ocr_line' id='line_1_20' title="bbox 276 4007 1824 4107; baseline 0.002 -30"><span class='ocrx_word' id='word_1_176' title='bbox 276 4007 421 4079; x_wconf 88' lang='lat' dir='ltr'>solvitur</span> <span class='ocrx_word' id='word_1_177' title='bbox 456 4008 589 4082; x_wconf 86' lang='lat' dir='ltr'>decima</span> <span class='ocrx_word' id='word_1_178' title='bbox 621 4009 848 4102; x_wconf 85' lang='lat' dir='ltr'>manipularis</span> <span class='ocrx_word' id='word_1_179' title='bbox 884 4009 1068 4107; x_wconf 27' lang='lat' dir='ltr'>ecclesiae,</span> <span class='ocrx_word' id='word_1_180' title='bbox 1085 4008 1121 4080; x_wconf 89' lang='lat' dir='ltr'>in</span> <span class='ocrx_word' id='word_1_181' title='bbox 1145 4007 1522 4100; x_wconf 79' lang='lat' dir='ltr'>Wianczslauiore,</span> <span class='ocrx_word' id='word_1_182' title='bbox 1557 4014 1593 4080; x_wconf 90' lang='lat' dir='ltr'>et</span> <span class='ocrx_word' id='word_1_183' title='bbox 1619 4008 1721 4081; x_wconf 84' lang='lat' dir='ltr'>valor</span> <span class='ocrx_word' id='word_1_184' title='bbox 1754 4009 1824 4080; x_wconf 88' lang='lat' dir='ltr'>eius</span> 
     </span>
     <span class='ocr_line' id='line_1_21' title="bbox 277 4114 1591 4204; baseline -0.001 -6"><span class='ocrx_word' id='word_1_185' title='bbox 277 4129 480 4202; x_wconf 88' lang='lat' dir='ltr'>aestimatur</span> <span class='ocrx_word' id='word_1_186' title='bbox 507 4131 550 4202; x_wconf 86' lang='lat' dir='ltr'>ad</span> <span class='ocrx_word' id='word_1_187' title='bbox 570 4186 684 4204; x_wconf 92' lang='grc'><strong>.....</strong></span> <span class='ocrx_word' id='word_1_188' title='bbox 1166 4114 1171 4159; x_wconf 70' lang='lat'>²</span> <span class='ocrx_word' id='word_1_189' title='bbox 1241 4186 1245 4195; x_wconf 96' lang='lat'><em>.</em></span> <span class='ocrx_word' id='word_1_190' title='bbox 1588 4191 1591 4197; x_wconf 88' lang='lat'><em>.</em></span> 
     </span>
    </p>

    <p class='ocr_par' dir='ltr' id='par_1_6' title="bbox 275 4246 1827 4708">
     <span class='ocr_line' id='line_1_22' title="bbox 378 4246 1826 4344; baseline 0.001 -23"><span class='ocrx_word' id='word_1_191' title='bbox 378 4251 668 4344; x_wconf 82' lang='lat' dir='ltr'>Lusczswrczn‚</span> <span class='ocrx_word' id='word_1_192' title='bbox 705 4254 789 4327; x_wconf 87' lang='lat' dir='ltr'>villa</span> <span class='ocrx_word' id='word_1_193' title='bbox 815 4254 879 4326; x_wconf 93' lang='lat' dir='ltr'>snb</span> <span class='ocrx_word' id='word_1_194' title='bbox 915 4252 1082 4344; x_wconf 88' lang='lat' dir='ltr'>parochia</span> <span class='ocrx_word' id='word_1_195' title='bbox 1106 4251 1151 4323; x_wconf 87' lang='lat' dir='ltr'>de</span> <span class='ocrx_word' id='word_1_196' title='bbox 1176 4246 1591 4325; x_wconf 76' lang='lat' dir='ltr'>Wianczslassioze</span> <span class='ocrx_word' id='word_1_197' title='bbox 1617 4252 1704 4342; x_wconf 86' lang='lat' dir='ltr'>sita,</span> <span class='ocrx_word' id='word_1_198' title='bbox 1732 4252 1826 4324; x_wconf 88' lang='lat' dir='ltr'>ouius</span> 
     </span>
     <span class='ocr_line' id='line_1_23' title="bbox 275 4370 1827 4465; baseline 0.003 -25"><span class='ocrx_word' id='word_1_199' title='bbox 275 4370 398 4442; x_wconf 87' lang='lat' dir='ltr'>haeres</span> <span class='ocrx_word' id='word_1_200' title='bbox 425 4372 618 4446; x_wconf 83' lang='lat' dir='ltr'>Stauislaus</span> <span class='ocrx_word' id='word_1_201' title='bbox 649 4375 961 4446; x_wconf 85' lang='lat' dir='ltr'>Lusczlrowsk</span> <span class='ocrx_word' id='word_1_202' title='bbox 970 4396 993 4465; x_wconf 85' lang='lat' dir='ltr'>y</span> <span class='ocrx_word' id='word_1_203' title='bbox 1020 4372 1064 4444; x_wconf 88' lang='lat' dir='ltr'>de</span> <span class='ocrx_word' id='word_1_204' title='bbox 1092 4372 1193 4445; x_wconf 91' lang='lat' dir='ltr'>domo</span> <span class='ocrx_word' id='word_1_205' title='bbox 1211 4427 1219 4443; x_wconf 90' lang='lat'><strong><em>.</em></strong></span> <span class='ocrx_word' id='word_1_206' title='bbox 1239 4427 1246 4443; x_wconf 93' lang='lat'><strong>.</strong></span> <span class='ocrx_word' id='word_1_207' title='bbox 1265 4428 1273 4443; x_wconf 94' lang='lat'><strong>.</strong></span> <span class='ocrx_word' id='word_1_208' title='bbox 1292 4428 1319 4464; x_wconf 91' lang='lat'>.,</span> <span class='ocrx_word' id='word_1_209' title='bbox 1354 4372 1390 4444; x_wconf 91' lang='lat' dir='ltr'>in</span> <span class='ocrx_word' id='word_1_210' title='bbox 1417 4390 1486 4464; x_wconf 83' lang='lat' dir='ltr'>qua</span> <span class='ocrx_word' id='word_1_211' title='bbox 1512 4378 1595 4444; x_wconf 88' lang='lat' dir='ltr'>sunt</span> <span class='ocrx_word' id='word_1_212' title='bbox 1619 4372 1713 4445; x_wconf 88' lang='lat' dir='ltr'>lanei</span> <span class='ocrx_word' id='word_1_213' title='bbox 1739 4393 1827 4445; x_wconf 79' lang='lat' dir='ltr'>ome</span> 
     </span>
     <span class='ocr_line' id='line_1_24' title="bbox 275 4486 1827 4586; baseline 0.001 -24"><span class='ocrx_word' id='word_1_214' title='bbox 275 4491 452 4584; x_wconf 88' lang='lat' dir='ltr'>thonales‚</span> <span class='ocrx_word' id='word_1_215' title='bbox 480 4494 563 4565; x_wconf 88' lang='lat' dir='ltr'>item</span> <span class='ocrx_word' id='word_1_216' title='bbox 588 4495 828 4586; x_wconf 66' lang='lat' dir='ltr'>hortulanus,</span> <span class='ocrx_word' id='word_1_217' title='bbox 856 4493 1051 4585; x_wconf 85' lang='lat' dir='ltr'>dequibus</span> <span class='ocrx_word' id='word_1_218' title='bbox 1078 4493 1199 4565; x_wconf 88' lang='lat' dir='ltr'>totalis</span> <span class='ocrx_word' id='word_1_219' title='bbox 1226 4493 1360 4565; x_wconf 85' lang='lat' dir='ltr'>decima</span> <span class='ocrx_word' id='word_1_220' title='bbox 1372 4486 1534 4571; x_wconf 71' lang='lat' dir='ltr'>:³s01ritnr</span> <span class='ocrx_word' id='word_1_221' title='bbox 1559 4494 1596 4565; x_wconf 92' lang='lat' dir='ltr'>in</span> <span class='ocrx_word' id='word_1_222' title='bbox 1625 4492 1827 4566; x_wconf 80' lang='lat' dir='ltr'>Wiener-</span> 
     </span>
     <span class='ocr_line' id='line_1_25' title="bbox 276 4598 1809 4708; baseline 0.003 -24"><span class='ocrx_word' id='word_1_223' title='bbox 276 4613 503 4708; x_wconf 84' lang='lat' dir='ltr'>slawicza,</span> <span class='ocrx_word' id='word_1_224' title='bbox 530 4622 567 4687; x_wconf 91' lang='lat' dir='ltr'>et</span> <span class='ocrx_word' id='word_1_225' title='bbox 593 4616 692 4688; x_wconf 81' lang='lat' dir='ltr'>valor</span> <span class='ocrx_word' id='word_1_226' title='bbox 718 4616 792 4688; x_wconf 89' lang='lat' dir='ltr'>eius</span> <span class='ocrx_word' id='word_1_227' title='bbox 819 4615 1025 4689; x_wconf 90' lang='lat' dir='ltr'>aestimatur</span> <span class='ocrx_word' id='word_1_228' title='bbox 1052 4615 1098 4687; x_wconf 92' lang='lat' dir='ltr'>ad</span> <span class='ocrx_word' id='word_1_229' title='bbox 1114 4668 1233 4686; x_wconf 90' lang='grc'><strong>.....</strong></span> <span class='ocrx_word' id='word_1_230' title='bbox 1685 4598 1687 4601; x_wconf 50' lang='grc'><strong>’</strong></span> <span class='ocrx_word' id='word_1_231' title='bbox 1807 4636 1809 4643; x_wconf 94' lang='grc'><strong><em>·</em></strong></span> 
     </span>
    </p>

    <p class='ocr_par' dir='ltr' id='par_1_7' title="bbox 265 4732 1829 5430">
     <span class='ocr_line' id='line_1_26' title="bbox 380 4732 1827 4829; baseline 0 -21"><span class='ocrx_word' id='word_1_232' title='bbox 380 4737 527 4829; x_wconf 78' lang='lat' dir='ltr'>Bonan,</span> <span class='ocrx_word' id='word_1_233' title='bbox 559 4737 642 4810; x_wconf 86' lang='lat' dir='ltr'>villa</span> <span class='ocrx_word' id='word_1_234' title='bbox 668 4738 733 4810; x_wconf 92' lang='lat' dir='ltr'>suh</span> <span class='ocrx_word' id='word_1_235' title='bbox 760 4737 880 4809; x_wconf 87' lang='lat' dir='ltr'>eadem</span> <span class='ocrx_word' id='word_1_236' title='bbox 906 4736 1074 4827; x_wconf 83' lang='lat' dir='ltr'>parochia</span> <span class='ocrx_word' id='word_1_237' title='bbox 1098 4736 1142 4807; x_wconf 88' lang='lat' dir='ltr'>de</span> <span class='ocrx_word' id='word_1_238' title='bbox 1168 4732 1583 4809; x_wconf 83' lang='lat' dir='ltr'>Wiancrslarricae</span> <span class='ocrx_word' id='word_1_239' title='bbox 1609 4736 1696 4826; x_wconf 86' lang='lat' dir='ltr'>sita,</span> <span class='ocrx_word' id='word_1_240' title='bbox 1731 4735 1827 4808; x_wconf 89' lang='lat' dir='ltr'>ouius</span> 
     </span>
     <span class='ocr_line' id='line_1_27' title="bbox 275 4855 1826 4951; baseline -0.001 -23"><span class='ocrx_word' id='word_1_241' title='bbox 275 4857 397 4932; x_wconf 87' lang='lat' dir='ltr'>haeres</span> <span class='ocrx_word' id='word_1_242' title='bbox 425 4858 756 4951; x_wconf 83' lang='lat' dir='ltr'>Mlodzeyowslry</span> <span class='ocrx_word' id='word_1_243' title='bbox 781 4857 950 4930; x_wconf 91' lang='lat' dir='ltr'>dedomo</span> <span class='ocrx_word' id='word_1_244' title='bbox 969 4912 1100 4947; x_wconf 89' lang='lat'><strong>......</strong></span> <span class='ocrx_word' id='word_1_245' title='bbox 1127 4857 1164 4928; x_wconf 90' lang='lat' dir='ltr'>in</span> <span class='ocrx_word' id='word_1_246' title='bbox 1191 4877 1259 4947; x_wconf 90' lang='lat' dir='ltr'>qua</span> <span class='ocrx_word' id='word_1_247' title='bbox 1285 4862 1372 4929; x_wconf 89' lang='lat' dir='ltr'>sunt</span> <span class='ocrx_word' id='word_1_248' title='bbox 1392 4856 1484 4928; x_wconf 89' lang='lat' dir='ltr'>lanei</span> <span class='ocrx_word' id='word_1_249' title='bbox 1510 4855 1757 4947; x_wconf 86' lang='lat' dir='ltr'>cmethonales,</span> <span class='ocrx_word' id='word_1_250' title='bbox 1783 4856 1826 4927; x_wconf 88' lang='lat' dir='ltr'>de</span> 
     </span>
     <span class='ocr_line' id='line_1_28' title="bbox 277 4956 1828 5069; baseline -0.003 -17"><span class='ocrx_word' id='word_1_251' title='bbox 277 4979 401 5069; x_wconf 85' lang='lat' dir='ltr'>quihus</span> <span class='ocrx_word' id='word_1_252' title='bbox 427 4980 576 5054; x_wconf 86' lang='lat' dir='ltr'>solvitur</span> <span class='ocrx_word' id='word_1_253' title='bbox 603 4979 737 5052; x_wconf 87' lang='lat' dir='ltr'>decima</span> <span class='ocrx_word' id='word_1_254' title='bbox 763 4978 927 5050; x_wconf 87' lang='lat' dir='ltr'>ecclesiae</span> <span class='ocrx_word' id='word_1_255' title='bbox 954 4978 989 5048; x_wconf 95' lang='lat' dir='ltr'>in</span> <span class='ocrx_word' id='word_1_256' title='bbox 1017 4956 1392 5066; x_wconf 87' lang='lat' dir='ltr'>Wianczslawicne‚</span> <span class='ocrx_word' id='word_1_257' title='bbox 1418 4981 1455 5049; x_wconf 85' lang='lat' dir='ltr'>ot</span> <span class='ocrx_word' id='word_1_258' title='bbox 1481 4976 1580 5048; x_wconf 82' lang='lat' dir='ltr'>valor</span> <span class='ocrx_word' id='word_1_259' title='bbox 1605 4976 1681 5047; x_wconf 89' lang='lat' dir='ltr'>eius</span> <span class='ocrx_word' id='word_1_260' title='bbox 1708 4976 1775 5047; x_wconf 89' lang='lat' dir='ltr'>ad.</span> <span class='ocrx_word' id='word_1_261' title='bbox 1794 5031 1828 5047; x_wconf 89' lang='lat'>..</span> 
     </span>
     <span class='ocr_line' id='line_1_29' title="bbox 275 5096 1828 5189; baseline -0.001 -20"><span class='ocrx_word' id='word_1_262' title='bbox 275 5120 409 5172; x_wconf 83' lang='lat' dir='ltr'>marcas</span> <span class='ocrx_word' id='word_1_263' title='bbox 436 5102 651 5173; x_wconf 89' lang='lat' dir='ltr'>aestimatur.</span> <span class='ocrx_word' id='word_1_264' title='bbox 690 5098 779 5171; x_wconf 89' lang='lat' dir='ltr'>Item</span> <span class='ocrx_word' id='word_1_265' title='bbox 806 5099 849 5170; x_wconf 89' lang='lat' dir='ltr'>de</span> <span class='ocrx_word' id='word_1_266' title='bbox 876 5098 1049 5189; x_wconf 90' lang='lat' dir='ltr'>aliquibus</span> <span class='ocrx_word' id='word_1_267' title='bbox 1076 5097 1186 5169; x_wconf 88' lang='lat' dir='ltr'>laneis</span> <span class='ocrx_word' id='word_1_268' title='bbox 1212 5097 1487 5169; x_wconf 85' lang='lat' dir='ltr'>emethonalihus</span> <span class='ocrx_word' id='word_1_269' title='bbox 1522 5096 1670 5168; x_wconf 86' lang='lat' dir='ltr'>solvitur</span> <span class='ocrx_word' id='word_1_270' title='bbox 1697 5097 1828 5169; x_wconf 86' lang='lat' dir='ltr'>decima</span> 
     </span>
     <span class='ocr_line' id='line_1_30' title="bbox 276 5217 1829 5311; baseline 0.001 -21"><span class='ocrx_word' id='word_1_271' title='bbox 276 5241 340 5309; x_wconf 89' lang='lat' dir='ltr'>pro</span> <span class='ocrx_word' id='word_1_272' title='bbox 365 5221 564 5311; x_wconf 87' lang='lat' dir='ltr'>praebenda</span> <span class='ocrx_word' id='word_1_273' title='bbox 599 5219 838 5311; x_wconf 83' lang='lat' dir='ltr'>Craeovieusi,</span> <span class='ocrx_word' id='word_1_274' title='bbox 874 5240 964 5309; x_wconf 88' lang='lat' dir='ltr'>quae</span> <span class='ocrx_word' id='word_1_275' title='bbox 990 5225 1136 5291; x_wconf 80' lang='lat' dir='ltr'>vocatur</span> <span class='ocrx_word' id='word_1_276' title='bbox 1154 5272 1393 5308; x_wconf 89' lang='lat'><strong>..........</strong></span> <span class='ocrx_word' id='word_1_277' title='bbox 1429 5218 1512 5289; x_wconf 89' lang='lat' dir='ltr'>itern</span> <span class='ocrx_word' id='word_1_278' title='bbox 1540 5217 1590 5289; x_wconf 92' lang='lat' dir='ltr'>ibi</span> <span class='ocrx_word' id='word_1_279' title='bbox 1617 5218 1750 5290; x_wconf 93' lang='lat' dir='ltr'>nullum</span> <span class='ocrx_word' id='word_1_280' title='bbox 1776 5224 1829 5291; x_wconf 78' lang='lat' dir='ltr'>cst</span> 
     </span>
     <span class='ocr_line' id='line_1_31' title="bbox 265 5341 467 5430; baseline 0.01 -19"><span class='ocrx_word' id='word_1_281' title='bbox 265 5341 467 5430; x_wconf 87' lang='lat' dir='ltr'>praedium.</span> 
     </span>
    </p>

    <p class='ocr_par' dir='ltr' id='par_1_8' title="bbox 276 5458 1829 6020">
     <span class='ocr_line' id='line_1_32' title="bbox 379 5458 1828 5552; baseline 0 -20"><span class='ocrx_word' id='word_1_282' title='bbox 379 5463 700 5552; x_wconf 77' lang='lat' dir='ltr'>anssnswrczu,</span> <span class='ocrx_word' id='word_1_283' title='bbox 728 5460 811 5533; x_wconf 85' lang='lat' dir='ltr'>villa</span> <span class='ocrx_word' id='word_1_284' title='bbox 837 5460 901 5532; x_wconf 88' lang='lat' dir='ltr'>sub</span> <span class='ocrx_word' id='word_1_285' title='bbox 929 5460 1096 5551; x_wconf 85' lang='lat' dir='ltr'>parochia</span> <span class='ocrx_word' id='word_1_286' title='bbox 1122 5459 1165 5532; x_wconf 83' lang='lat' dir='ltr'>de</span> <span class='ocrx_word' id='word_1_287' title='bbox 1184 5458 1599 5531; x_wconf 83' lang='lat' dir='ltr'>Wianczslawioze</span> <span class='ocrx_word' id='word_1_288' title='bbox 1626 5459 1704 5550; x_wconf 86' lang='lat' dir='ltr'>sita,</span> <span class='ocrx_word' id='word_1_289' title='bbox 1731 5461 1828 5533; x_wconf 85' lang='lat' dir='ltr'>cuius</span> 
     </span>
     <span class='ocr_line' id='line_1_33' title="bbox 276 5580 1828 5672; baseline -0.002 -16"><span class='ocrx_word' id='word_1_290' title='bbox 276 5584 401 5656; x_wconf 79' lang='lat' dir='ltr'>haeres</span> <span class='ocrx_word' id='word_1_291' title='bbox 427 5584 604 5656; x_wconf 90' lang='lat' dir='ltr'>Johannes</span> <span class='ocrx_word' id='word_1_292' title='bbox 631 5582 679 5656; x_wconf 86' lang='lat' dir='ltr'>Co</span> <span class='ocrx_word' id='word_1_293' title='bbox 698 5637 812 5654; x_wconf 92' lang='grc'><strong>.....</strong></span> <span class='ocrx_word' id='word_1_294' title='bbox 839 5582 884 5654; x_wconf 85' lang='lat' dir='ltr'>do</span> <span class='ocrx_word' id='word_1_295' title='bbox 909 5583 1015 5653; x_wconf 88' lang='lat' dir='ltr'>armis</span> <span class='ocrx_word' id='word_1_296' title='bbox 1041 5580 1326 5672; x_wconf 79' lang='lat' dir='ltr'>(initlorum,</span> <span class='ocrx_word' id='word_1_297' title='bbox 1353 5582 1389 5652; x_wconf 93' lang='lat' dir='ltr'>iu</span> <span class='ocrx_word' id='word_1_298' title='bbox 1416 5603 1485 5672; x_wconf 92' lang='lat' dir='ltr'>qua</span> <span class='ocrx_word' id='word_1_299' title='bbox 1510 5587 1593 5653; x_wconf 91' lang='lat' dir='ltr'>sunt</span> <span class='ocrx_word' id='word_1_300' title='bbox 1618 5580 1711 5654; x_wconf 89' lang='lat' dir='ltr'>lanei</span> <span class='ocrx_word' id='word_1_301' title='bbox 1738 5603 1828 5653; x_wconf 87' lang='lat' dir='ltr'>orne-</span> 
     </span>
     <span class='ocr_line' id='line_1_34' title="bbox 276 5702 1827 5797; baseline -0.003 -19"><span class='ocrx_word' id='word_1_302' title='bbox 276 5705 456 5797; x_wconf 86' lang='lat' dir='ltr'>thonales,</span> <span class='ocrx_word' id='word_1_303' title='bbox 492 5706 576 5777; x_wconf 87' lang='lat' dir='ltr'>ilem</span> <span class='ocrx_word' id='word_1_304' title='bbox 611 5704 850 5793; x_wconf 83' lang='lat' dir='ltr'>hortulaniae‚</span> <span class='ocrx_word' id='word_1_305' title='bbox 885 5704 969 5774; x_wconf 88' lang='lat' dir='ltr'>item</span> <span class='ocrx_word' id='word_1_306' title='bbox 1004 5704 1190 5793; x_wconf 86' lang='lat' dir='ltr'>tabernae,</span> <span class='ocrx_word' id='word_1_307' title='bbox 1226 5703 1309 5774; x_wconf 92' lang='lat' dir='ltr'>item</span> <span class='ocrx_word' id='word_1_308' title='bbox 1344 5708 1400 5774; x_wconf 86' lang='lat' dir='ltr'>est</span> <span class='ocrx_word' id='word_1_309' title='bbox 1431 5703 1480 5774; x_wconf 92' lang='lat' dir='ltr'>ibi</span> <span class='ocrx_word' id='word_1_310' title='bbox 1506 5702 1686 5793; x_wconf 89' lang='lat' dir='ltr'>praedium</span> <span class='ocrx_word' id='word_1_311' title='bbox 1723 5723 1827 5774; x_wconf 90' lang='lat' dir='ltr'>unum</span> 
     </span>
     <span class='ocr_line' id='line_1_35' title="bbox 277 5820 1829 5919; baseline -0.003 -20"><span class='ocrx_word' id='word_1_312' title='bbox 277 5828 441 5919; x_wconf 86' lang='lat' dir='ltr'>militare,</span> <span class='ocrx_word' id='word_1_313' title='bbox 468 5825 511 5898; x_wconf 88' lang='lat' dir='ltr'>de</span> <span class='ocrx_word' id='word_1_314' title='bbox 542 5826 668 5917; x_wconf 86' lang='lat' dir='ltr'>quihus</span> <span class='ocrx_word' id='word_1_315' title='bbox 686 5823 846 5896; x_wconf 89' lang='lat' dir='ltr'>omnihus</span> <span class='ocrx_word' id='word_1_316' title='bbox 864 5823 1011 5895; x_wconf 85' lang='lat' dir='ltr'>solvitur</span> <span class='ocrx_word' id='word_1_317' title='bbox 1027 5821 1163 5895; x_wconf 85' lang='lat' dir='ltr'>decima</span> <span class='ocrx_word' id='word_1_318' title='bbox 1180 5877 1294 5894; x_wconf 88' lang='lat'><strong>.....</strong></span> <span class='ocrx_word' id='word_1_319' title='bbox 1317 5844 1381 5914; x_wconf 92' lang='lat' dir='ltr'>pro</span> <span class='ocrx_word' id='word_1_320' title='bbox 1413 5822 1558 5896; x_wconf 88' lang='lat' dir='ltr'>ecclesia</span> <span class='ocrx_word' id='word_1_321' title='bbox 1573 5821 1611 5893; x_wconf 92' lang='lat' dir='ltr'>in</span> <span class='ocrx_word' id='word_1_322' title='bbox 1628 5820 1829 5894; x_wconf 83' lang='lat' dir='ltr'>Wiener-</span> 
     </span>
     <span class='ocr_line' id='line_1_36' title="bbox 277 5948 505 6020; baseline -0.004 -1"><span class='ocrx_word' id='word_1_323' title='bbox 277 5948 505 6020; x_wconf 82' lang='lat' dir='ltr'>slawicre.</span> 
     </span>
    </p>

    <p class='ocr_par' dir='ltr' id='par_1_9' title="bbox 948 6063 1164 6137">
     <span class='ocr_line' id='line_1_37' title="bbox 948 6063 1164 6137; baseline -0.005 -1"><span class='ocrx_word' id='word_1_324' title='bbox 948 6063 1164 6137; x_wconf 63' lang='lat' dir='ltr'>Snnwrczr„</span> 
     </span>
    </p>

    <p class='ocr_par' dir='ltr' id='par_1_10' title="bbox 277 6182 1829 6643">
     <span class='ocr_line' id='line_1_38' title="bbox 381 6182 1829 6277; baseline 0.001 -20"><span class='ocrx_word' id='word_1_325' title='bbox 381 6184 494 6274; x_wconf 85' lang='lat' dir='ltr'>Villa,</span> <span class='ocrx_word' id='word_1_326' title='bbox 519 6186 651 6258; x_wconf 88' lang='lat' dir='ltr'>habens</span> <span class='ocrx_word' id='word_1_327' title='bbox 677 6188 714 6258; x_wconf 92' lang='lat' dir='ltr'>in</span> <span class='ocrx_word' id='word_1_328' title='bbox 741 6207 778 6258; x_wconf 87' lang='lat' dir='ltr'>se</span> <span class='ocrx_word' id='word_1_329' title='bbox 805 6186 1038 6277; x_wconf 84' lang='lat' dir='ltr'>parochialem</span> <span class='ocrx_word' id='word_1_330' title='bbox 1074 6185 1254 6256; x_wconf 86' lang='lat' dir='ltr'>ecclesiam</span> <span class='ocrx_word' id='word_1_331' title='bbox 1281 6184 1447 6276; x_wconf 85' lang='lat' dir='ltr'>ligneam,</span> <span class='ocrx_word' id='word_1_332' title='bbox 1482 6182 1610 6258; x_wconf 88' lang='lat' dir='ltr'>Sancto</span> <span class='ocrx_word' id='word_1_333' title='bbox 1636 6184 1829 6258; x_wconf 85' lang='lat' dir='ltr'>Adalhcrto</span> 
     </span>
     <span class='ocr_line' id='line_1_39' title="bbox 277 6305 1829 6398; baseline 0.001 -20"><span class='ocrx_word' id='word_1_334' title='bbox 277 6305 435 6398; x_wconf 86' lang='lat' dir='ltr'>pontifici</span> <span class='ocrx_word' id='word_1_335' title='bbox 471 6311 507 6376; x_wconf 92' lang='lat' dir='ltr'>et</span> <span class='ocrx_word' id='word_1_336' title='bbox 541 6307 688 6397; x_wconf 85' lang='lat' dir='ltr'>martyri</span> <span class='ocrx_word' id='word_1_337' title='bbox 729 6307 897 6398; x_wconf 86' lang='lat' dir='ltr'>dicatam,</span> <span class='ocrx_word' id='word_1_338' title='bbox 942 6307 1039 6378; x_wconf 86' lang='lat' dir='ltr'>cuius</span> <span class='ocrx_word' id='word_1_339' title='bbox 1079 6305 1247 6395; x_wconf 87' lang='lat' dir='ltr'>plebanus</span> <span class='ocrx_word' id='word_1_340' title='bbox 1287 6306 1437 6377; x_wconf 85' lang='lat' dir='ltr'>Michacl</span> <span class='ocrx_word' id='word_1_341' title='bbox 1481 6305 1608 6380; x_wconf 90' lang='lat' dir='ltr'>nobilis</span> <span class='ocrx_word' id='word_1_342' title='bbox 1647 6305 1691 6378; x_wconf 88' lang='lat' dir='ltr'>de</span> <span class='ocrx_word' id='word_1_343' title='bbox 1726 6307 1829 6381; x_wconf 87' lang='lat' dir='ltr'>dorne</span> 
     </span>
     <span class='ocr_line' id='line_1_40' title="bbox 278 6425 1827 6517; baseline 0.001 -19"><span class='ocrx_word' id='word_1_344' title='bbox 278 6426 524 6517; x_wconf 89' lang='lat' dir='ltr'>Habdank‚</span> <span class='ocrx_word' id='word_1_345' title='bbox 551 6426 586 6497; x_wconf 93' lang='lat' dir='ltr'>in</span> <span class='ocrx_word' id='word_1_346' title='bbox 614 6446 682 6517; x_wconf 88' lang='lat' dir='ltr'>qua</span> <span class='ocrx_word' id='word_1_347' title='bbox 707 6427 925 6516; x_wconf 82' lang='lat' dir='ltr'>praepositus</span> <span class='ocrx_word' id='word_1_348' title='bbox 951 6432 988 6499; x_wconf 89' lang='lat' dir='ltr'>et</span> <span class='ocrx_word' id='word_1_349' title='bbox 1014 6426 1261 6499; x_wconf 87' lang='lat' dir='ltr'>monasterium</span> <span class='ocrx_word' id='word_1_350' title='bbox 1294 6425 1553 6501; x_wconf 18' lang='lat' dir='ltr'>&#39;Miechoviense</span> <span class='ocrx_word' id='word_1_351' title='bbox 1586 6426 1694 6498; x_wconf 88' lang='lat' dir='ltr'>habet</span> <span class='ocrx_word' id='word_1_352' title='bbox 1720 6449 1827 6500; x_wconf 89' lang='lat' dir='ltr'>unum</span> 
     </span>
     <span class='ocr_line' id='line_1_41' title="bbox 277 6545 1817 6643; baseline 0.002 -25"><span class='ocrx_word' id='word_1_353' title='bbox 277 6546 416 6625; x_wconf 83' lang='lat' dir='ltr'>laneum</span> <span class='ocrx_word' id='word_1_354' title='bbox 436 6552 480 6619; x_wconf 82' lang='lat' dir='ltr'>et</span> <span class='ocrx_word' id='word_1_355' title='bbox 502 6545 591 6621; x_wconf 84' lang='lat' dir='ltr'>duas</span> <span class='ocrx_word' id='word_1_356' title='bbox 617 6546 834 6619; x_wconf 85' lang='lat' dir='ltr'>hortulanias</span> <span class='ocrx_word' id='word_1_357' title='bbox 858 6547 1028 6639; x_wconf 79' lang='lat' dir='ltr'>proprias.</span> <span class='ocrx_word' id='word_1_358' title='bbox 1054 6547 1142 6621; x_wconf 87' lang='lat' dir='ltr'>Item</span> <span class='ocrx_word' id='word_1_359' title='bbox 1160 6546 1380 6622; x_wconf 86' lang='lat' dir='ltr'>Wracaslaus</span> <span class='ocrx_word' id='word_1_360' title='bbox 1398 6551 1436 6621; x_wconf 87' lang='lat' dir='ltr'>et</span> <span class='ocrx_word' id='word_1_361' title='bbox 1451 6545 1646 6621; x_wconf 78' lang='lat' dir='ltr'>Dobeslam</span> <span class='ocrx_word' id='word_1_362' title='bbox 1671 6566 1817 6643; x_wconf 80' lang='lat' dir='ltr'>german</span> 
     </span>
    </p>
   </div>
   <div class='ocr_carea' id='block_1_3' title="bbox 0 0 2107 8340">
    <p class='ocr_par' dir='ltr' id='par_1_11' title="bbox 0 0 2107 8340">
     <span class='ocr_line' id='line_1_42' title="bbox 0 0 2107 8340; baseline 0 0"><span class='ocrx_word' id='word_1_363' title='bbox 0 0 2107 8340; x_wconf 95' lang='lat' dir='ltr'> </span> 
     </span>
    </p>
   </div>
  </div>
 </body>
</html>
