4200 8342
1740 1638 1811 1736 rra

262 1859 387 1976 quibus
414 1859 581 1950 plebanus
618 1858 661 1930 de
679 1859 962 1933 Mislimicze
989 1863 1078 1934 liber
1105 1863 1159 1934 est
1184 1885 1206 1933 a
1232 1869 1383 1936 metreta
1408 1866 1606 1937 molendini.
1646 1869 1732 1939 Item
1760 1874 1814 1941 est

262 1980 310 2052 ibi
336 1979 535 2051 theloneum
571 1979 615 2051 ad
642 1981 865 2052 castellanum
888 1982 1165 2055 ‘Cracoviensem
1193 1986 1384 2075 pertinens,
1417 1986 1459 2056 de
1487 2007 1564 2076 quo.
1581 1989 1748 2078 plebanus
1775 1991 1812 2062 in

210 2146 217 2163 ,
260 2100 541 2171 Mislimicze
566 2101 715 2191 percipit
752 2122 816 2191 pro
844 2103 1056 2193 quibuslibet
1084 2108 1234 2193 quatuor
1260 2106 1474 2195 temporibus
1497 2129 1606 2178 unum
1634 2109 1811 2181 florenum.

260 2222 347 2291 Item
383 2227 438 2292 est
472 2222 522 2293 ibi
550 2221 585 2292 in
612 2221 731 2309 eodem
768 2223 893 2312 oppido
930 2224 964 2294 in
993 2244 1113 2315 campo
1150 2223 1295 2296 ecclesia
1330 2226 1463 2316 lignea,
1499 2229 1626 2299 matrix
1653 2236 1812 2302 recenter

193 2386 200 2412 .
261 2348 427 2431 muratae,
454 2342 489 2411 in
517 2343 682 2414 honorem
712 2341 858 2413 Sanctae
884 2342 1019 2415 Mariae
1045 2345 1150 2415 etiam
1178 2344 1309 2435 dicata,
1338 2367 1426 2436 quae
1452 2347 1590 2419 nonnisi
1616 2348 1750 2420 festivis
1777 2355 1814 2421 et

124 2533 129 2538 .
262 2462 442 2534 dominicis
469 2461 801 2535 diebus-officiatur.
846 2463 942 2535 Taxa
968 2466 1135 2539 ecclesiae
1162 2465 1313 2557 quinque
1339 2487 1541 2538 marcarum.

365 2583 499 2655 Douma
518 2601 659 2674 wvnsz,
673 2583 769 2655 villa
796 2584 860 2656 sub
878 2586 1043 2675 parochia
1061 2586 1224 2658 ecclesiae
1243 2587 1286 2657 de
1304 2586 1583 2659 Mislimicze
1611 2589 1688 2678 sita,
1715 2591 1813 2661 cuius
1948 2582 1952 2594 '
2028 2590 2030 2598 ’

262 2704 460 2795 proprietas
487 2704 531 2775 ad
550 2705 812 2777 castellanatum
840 2706 1103 2780 Gracoviensem
1131 2708 1292 2799 pertinet.
1336 2708 1376 2779 ln
1404 2730 1472 2799 qua
1497 2714 1579 2780 sunt
1606 2709 1695 2781 lanei
1723 2729 1814 2782 crnc-

262 2825 438 2916 thonales,
466 2824 512 2936 de·
528 2825 653 2917 quibus
672 2827 819 2898 solvitur
836 2827 969 2899 decima
986 2829 1195 2918 pecunialis,
1222 2829 1441 2919 praebendae
1459 2829 1698 2920 cracoviensi,
1726 2852 1813 2922 quae

177 3013 185 3044 ζ
263 2947 406 3019 vocatur
432 2946 788 3037 Marchoczska,
816 2947 858 3018 de
886 2948 1041 3037 quolibet
1068 2948 1169 3020 laneo
1196 2969 1259 3040 per

367 3066 617 3157 Bonznrimm,
654 3068 736 3139 villa
763 3068 827 3139 sub
853 3070 1018 3158 parochia
1044 3068 1088 3140 de
1115 3069 1395 3142 Mislimicae
1421 3071 1508 3160 sita,
1535 3071 1630 3141 cuius
1657 3072 1814 3161 proprie·
1901 3085 1932 3135 ·.

262 3194 317 3260 tas
343 3187 387 3259 ad
412 3188 672 3260 castellanatum
699 3186 962 3261 cracoviensem
988 3189 1148 3279 pertinet.
1188 3190 1229 3260 ln
1247 3210 1316 3279 qua
1343 3194 1423 3260 sunt
1449 3190 1541 3261 lanei
1568 3189 1812 3281 cm'ethonalcs,

263 3310 305 3381 de
322 3307 480 3399 quolibet
516 3308 699 3411 solvuntur
725 3330 789 3399 pro
816 3307 949 3424 decima
1090 3310 1309 3400 praebendae
1336 3308 1570 3401 cracoviensi,
1599 3331 1686 3402 quae
1711 3332 1812 3383 voca-

262 3436 320 3502 tur
345 3429 605 3502 Marchoczska.
1461 3520 1463 3523 y

364 3550 592 3640 Pocvnvrrn,
619 3551 702 3622 villa
729 3549 793 3622 sub
811 3551 976 3641 parochia
1013 3551 1056 3623 de
1073 3551 1348 3623 Mislimicze
1374 3553 1463 3642 sita,
1490 3552 1587 3623 cuius
1615 3550 1812 3642 proprietas

138 3731 142 3737 .
262 3672 306 3743 ad
333 3671 595 3743 castellanatum
624 3671 887 3743 cracoviensem
914 3673 1075 3762 pertinet.
1115 3673 1155 3743 ln
1183 3693 1251 3763 qua
1278 3672 1359 3745 sunt
1385 3673 1475 3743 lanei
1504 3673 1750 3763 emethonaleS,
1777 3678 1814 3744 et

261 3793 405 3883 quilibet
430 3792 567 3864 cmetho
603 3792 645 3863 de
673 3793 772 3864 laneo
800 3792 904 3865 solvit
939 3814 1003 3883 pro
1030 3793 1164 3865 decima
1195 3793 1413 3883 praebendae
1449 3791 1670 3876 cracoviensi
1698 3793 1812 3865 dictae

263 3913 515 3985 Marchoczska
541 3967 682 3983 ......
1104 3899 1114 3910 ”

366 4036 538 4124 Brssnvn,
567 4034 650 4105 villa
667 4036 730 4106 sub
748 4034 915 4124 parochia
941 4033 1107 4105 ecclesiae
1134 4033 1178 4105 de
1196 4034 1480 4105 Mislimicze
1507 4036 1590 4123 sita,
1618 4036 1715 4105 cuius
1733 4055 1814 4123 pro-

262 4158 392 4248 prietas
419 4155 463 4226 ad
490 4155 751 4227 castellanatum
780 4154 1042 4227 Oracoviensem
1069 4155 1230 4244 pertinet.
1265 4155 1310 4228 ,In
1339 4176 1408 4244 qua
1434 4160 1515 4226 sunt
1541 4155 1633 4225 lanei
1660 4155 1813 4225 emetbo-

265 4277 378 4368 nales,
396 4277 440 4348 de
455 4277 579 4368 quibus
593 4277 740 4349 solvitur
760 4275 892 4349 decima
906 4276 1096 4367 pecunialis
1111 4276 1154 4347 de
1168 4276 1324 4367 quolibet
1342 4275 1442 4348 laneo
1460 4297 1523 4366 pro
1617 4273 1817 4364 praebenda
1879 4338 1884 4352 .

264 4397 483 4469 cracoviensi
511 4397 604 4470 dicta
631 4396 837 4470 Gonowske.
1688 4421 1691 4428 ·

366 4520 563 4609 Brssrnrrn,
600 4519 683 4590 villa
723 4520 787 4590 sub
813 4518 980 4610 parochia
1015 4518 1183 4590 ecclesiae
1220 4518 1263 4589 dc
1289 4517 1572 4620 Mislimicze
1609 4517 1690 4606 sita,
1717 4516 1815 4589 cuius

263 4641 457 4732 proprietas
484 4639 528 4711 ad
556 4641 817 4712 castellanatum
844 4638 1106 4712 cracoviensem
1137 4640 1296 4729 pertinet.
1336 4639 1377 4709 In
1405 4660 1473 4730 qua
1500 4643 1581 4709 sunt
1608 4637 1704 4708 lanei
1725 4653 1815 4709 cmc·
1916 4682 1919 4688 -

265 4762 442 4851 thonales,
469 4760 567 4832 etde
586 4761 741 4851 quolibet
759 4761 905 4851 quilibet
923 4760 1058 4831 cmetho
1077 4765 1218 4831 tenetur
1235 4760 1370 4832 solvere
1388 4780 1452 4849 pro
1471 4759 1675 4830 decima...
1691 4813 1698 4827 .
1716 4778 1816 4849 prae·

263 4883 395 4955 bendae
423 4880 653 4973 Gracoviensi,
680 4902 767 4971 quae
794 4885 939 4954 vocatur
965 4879 1171 4952 conowska.
1632 4889 1635 4896 '

368 5002 519 5093 Gonni,
546 5002 629 5074 villa
647 4990 711 5074 sub
728 5001 896 5093 parochia
922 5001 1088 5072 ecelesiae
1115 5002 1158 5072 de
1185 5000 1469 5071 Mislimicze
1497 4999 1582 5088 sita,
1610 5000 1707 5070 cuius
1733 5019 1814 5090 pro·

218 5138 223 5145 '
264 5127 393 5216 prietas
420 5124 464 5196 ad
489 5124 753 5195 castellanetam
781 5121 1043 5195 cracoviensem
1070 5122 1232 5212 pertinet.
1272 5122 1312 5192 ln
1340 5142 1408 5214 qua
1435 5125 1516 5193 sunt
1542 5120 1635 5192 lanei
1662 5120 1815 5192 emetbo-

201 5329 204 5334 ,
265 5247 370 5336 nales,
399 5245 441 5317 de
460 5245 585 5336 quibus
604 5244 752 5317 solvitur
779 5243 913 5316 decime
929 5242 1120 5333 pecunialis
1132 5242 1357 5333 'praebendae
1376 5240 1599 5315 cracoviensi
1618 5241 1817 5338 nominatae

185 5375 187 5380 '
266 5364 470 5456 Gonow'ska,
497 5337 545 5437 de¹
567 5366 723 5457 quolibet
748 5365 849 5436 laneo
876 5386 939 5456 per
966 5419 1081 5434 .....

368 5487 532 5577 STROZA,
559 5487 643 5559 villa
670 5488 734 5559 sub
752 5485 918 5578 parochia
943 5485 987 5558 de
1014 5483 1291 5558 Mislimicze
1319 5485 1404 5575 sita,
1432 5485 1528 5557 cuius
1546 5485 1744 5575 proprietas
1771 5483 1816 5554 ad

271 5608 531 5681 castellanatum
559 5589 821 5680 cracoviensem
847 5607 1008 5698 pertinet.
1047 5607 1089 5679 In
1116 5627 1184 5697 qua
1209 5611 1290 5679 sunt
1316 5605 1408 5678 lanei
1435 5605 1685 5695 emethonales,
1712 5603 1816 5675 etde

267 5730 420 5822 quolibet
446 5729 594 5801 solvitur
618 5749 683 5820 pro
710 5723 842 5800 decima
867 5763 981 5800 ..·...
1001 5783 1008 5797 .

368 5850 640 5940 Pnssnnrcm,
675 5849 762 5920 'villa
796 5850 860 5920 sub
895 5848 1061 5940 parochia
1096 5849 1261 5921 ecclesiae
1298 5847 1341 5919 de
1367 5867 1529 5937 magna
1554 5844 1817 5916 Kazimirza

267 5972 343 6044 sita.
377 5969 419 6043 Iu
445 5974 622 6062 quaeunt
647 5971 738 6041 lanei
766 5969 1018 6061 emethonales,
1045 5972 1129 6056 item
1156 5969 1303 6084 tilberna
1328 5989 1398 6039 una
1424 5967 1555 6039 habens
1583 5985 1706 6056 agros,
1733 5966 1816 6038 item
1934 5955 1936 5962 ’

266 6093 502 6182 hortulaniac,
537 6091 732 6182 dequibus
768 6091 926 6163 omnibus
954 6091 1102 6164 solvitur
1137 6096 1173 6163 et
1199 6089 1403 6162 conducitur
1430 6086 1564 6158 decima
1590 6085 1816 6178 manipularis
1937 6083 1944 6094 “

191 6277 222 6296 ,,
261 6201 604 6328 etcfflaptliff‘pro
631 6211 775 6284 ecclesia
814 6212 850 6283 in
876 6210 1180 6301 Mislimicze,
1221 6217 1256 6282 et
1283 6210 1381 6281 valor
1417 6207 1491 6280 eius
1527 6209 1735 6282 aestimatur¹
1770 6208 1816 6282 ad

117 6297 135 6324 Ἃ
235 6291 557 6424 dmmarcas.

313 6423 318 6444 ’
349 6433 577 6552 'Praeberffla
602 6452 730 6526 ibidem
756 6452 978 6525 inhonorem
1004 6450 1123 6526 Sancti
1149 6449 1313 6524 Stanislai
1339 6431 1463 6543 dicati,
1490 6450 1587 6526 cuius
1604 6449 1818 6545 praebenda*

166 6623 194 6634 ··
272 6575 567 6673 tussiculam&
603 6572 776 6688 (imi,
819 6574 916 6667 cuius
951 6576 1119 6684 patronus
1159 6571 1347 6663 advectu
1385 6573 1671 6660 Mislimiczensis.
1727 6573 1817 6654 Item
