4200 8342
1717 1670 1790 1746 279

344 1876 565 1970 Lruurczn,
592 1877 675 1948 villa
693 1878 757 1949 sub
775 1878 939 1967 parocbia
957 1878 1121 1950 eeclesiae
1148 1878 1191 1950 de
1218 1878 1456 1969 Brzysska
1482 1878 1568 1969 sita,
1596 1878 1693 1951 cuius
1712 1901 1792 1970 pro·

239 1999 372 2089 prietas
407 1998 451 2069 ad
478 1999 726 2070 monasterium
762 2003 797 2069 et
823 1999 984 2071 abbatem
1020 1998 1289 2089 Thyncziensem
1326 2000 1488 2089 pertinet.
1528 2000 1569 2071 ln
1607 2021 1675 2091 qua
1712 1973 1793 2072 sunt

240 2119 332 2190 lanei
359 2118 607 2209 cmetbonales,
642 2119 686 2190 de
714 2118 838 2210 quibus
874 2120 1022 2191 solvitur
1053 2120 1187 2191 decima
1211 2120 1437 2223 manipularis
1463 2125 1500 2191 et
1526 2121 1701 2211 canapalis
1728 2142 1792 2211 pro

243 2240 456 2312 monasterio
483 2239 730 2332 Thyncziensi',
757 2239 854 2311 cuius
873 2239 971 2311 valor
990 2294 1103 2310 .....
1129 2241 1213 2311 item
1232 2247 1287 2312 est
1313 2241 1474 2312 scoltetia
1499 2241 1535 2323 iu
1554 2242 1673 2314 eadem
1699 2241 1791 2332 villa,

241 2361 372 2433 babens
399 2382 512 2452 agros,
539 2360 733 2451 dequibus
760 2359 911 2431 decimat
934 2360 1082 2451 plebano
1109 2366 1146 2433 et
1172 2360 1337 2431 ecclesiae
1365 2361 1399 2431 in
1427 2361 1672 2451 Brzysska.

346 2481 566 2571 Gronawn,
594 2482 677 2553 uilla
713 2482 777 2552 sub
803 2465 970 2572 parocbia
1004 2482 1046 2553 de
1074 2482 1314 2572 Brzysska
1339 2482 1428 2573 sita,
1463 2482 1561 2554 cuius
1596 2484 1793 2573 proprietas

243 2604 287 2675 ad
313 2604 562 2675 monasterium
597 2610 637 2674 et
669 2602 829 2675 abbatem
864 2601 1135 2695 Thyncziensem
1172 2603 1333 2693 pertinet.
1383 2603 1423 2674 In
1461 2625 1530 2693 qua
1563 2602 1607 2674 de
1642 2604 1792 2693 quinque
1840 2674 1843 2682 ,

244 2726 337 2815 agris
365 2725 439 2796 sire
465 2723 574 2795 lanais
601 2723 791 2796 decimatur
825 2724 997 2796 ecclesiae·
1019 2724 1056 2795 in
1082 2724 1335 2816 Brzysslra,
1367 2725 1410 2795 de
1436 2725 1549 2796 tribus
1576 2745 1659 2797 vero
1674 2726 1794 2796 eccle-

243 2846 314 2916 siae
341 2845 376 2915 in
404 2844 675 2916 Oulaczicze
701 2846 896 2936 manipulo,
922 2851 958 2917 et
975 2843 1074 2916 valor
1091 2845 1244 2917 decimae
1270 2845 1306 2917 in
1330 2846 1569 2938 vBruysska
1587 2847 1793 2918 aestimatur

245 2967 288 3037 ad
316 2967 467 3057 quinque
494 2985 638 3057 marcas,
666 2966 818 3038 decimae
845 2967 991 3038 veroin
1019 2966 1299 3058 Golaozyoze
1326 2968 1369 3039 ad
1397 2974 1470 3039 tres
1497 2988 1638 3039 marcas.

347 3088 598 3159 Dnuanownn
626 3087 712 3158 alias
738 3087 977 3178 Dnnrnnown,
1003 3087 1088 3160 villa
1105 3089 1168 3160 sub
1196 3088 1361 3176 parocbia
1387 3088 1430 3160 de
1457 3090 1692 3180 Brzysslra
1718 3090 1794 3180 sita,

243 3210 340 3280 cuius
367 3209 563 3299 proprietas
600 3208 644 3280 ad
672 3209 917 3280 monasterium
952 3208 1175 3301 Thynczense
1210 3210 1372 3300 pertinet.
1412 3210 1452 3281 In
1481 3230 1550 3301 qua
1587 3215 1668 3282 sunt
1703 3211 1795 3281 lanei

245 3328 496 3420 cmetbonales,
532 3328 576 3401 de
603 3331 727 3421 quibus
754 3330 902 3402 solvitur
928 3334 964 3402 et
989 3329 1194 3404 conducitur
1221 3331 1355 3404 decima
1381 3331 1607 3422 manipularis
1633 3336 1669 3403 et
1695 3353 1796 3404 cana·

245 3451 334 3541 palis
360 3471 424 3542 pro
442 3450 652 3552 monasterio
671 3450 895 3544 Thynczensi.
935 3452 1023 3524 Item
1050 3451 1210 3524 scoltetia
1235 3459 1290 3524 est
1315 3452 1380 3540 ibi,
1407 3452 1538 3526 babens
1564 3453 1651 3526 dnos
1669 3454 1797 3544 laneos,

245 3577 282 3644 et
308 3572 412 3644 soluit
438 3593 502 3663 pro
529 3571 663 3645 decima
688 3594 793 3645 unum
820 3572 988 3646 fertonem
1014 3573 1162 3665 plebano
1190 3573 1226 3645 in
1253 3574 1473 3665 Brzyslra.

843 3853 846 3858 .
896 3795 1143 3870 Konnczrczn.

349 3935 521 4029 Oppidum
548 3935 680 4008 babens
712 3936 748 4007 in
775 3957 812 4008 se
840 3935 1072 4026 parochialem
1099 3936 1293 4026 ecclesiam,
1320 3936 1469 4009 Sanctae
1498 3937 1631 4008 Mariae
1659 3938 1799 4028 Virgini

245 4058 417 4151 gloriosae
444 4058 604 4148 dicatam,
632 4058 729 4129 cuins
756 4057 953 4149 proprietas
979 4057 1087 4130 etius
1113 4061 1318 4149 patronatus
1333 4057 1377 4128 ad
1396 4058 1642 4132 monasterium
1669 4057 1798 4149 Thyni·

247 4181 382 4252 eziense
407 4181 577 4271 pertinet,
613 4179 709 4251 cuius
736 4178 903 4270 plebanus
938 4199 1001 4270 pro
1029 4200 1120 4250 nunc
1147 4177 1306 4250 Andreas
1334 4179 1377 4250 de
1403 4177 1711 4271 Idolaozycze,
1738 4180 1798 4270 qni

247 4319 311 4393 pro
338 4301 419 4373 dote
445 4322 510 4373 sua
535 4302 642 4373 habet
667 4320 771 4392 agros
798 4301 908 4373 bonos
934 4306 972 4374 et
989 4306 1109 4391 prata:
1135 4300 1218 4388 item
1246 4306 1301 4372 est
1328 4301 1364 4372 in
1392 4301 1513 4372 eodem
1539 4299 1666 4391 oppido
1694 4301 1800 4372 advo-

248 4423 356 4514 catia,
383 4423 514 4495 babens
540 4423 627 4494 duos
654 4423 771 4495 laneos
798 4443 978 4516 agromm,
1014 4422 1058 4493 de
1085 4424 1210 4514 quibus
1238 4423 1385 4496 solvitur
1412 4421 1544 4494 decima
1570 4422 1735 4493 ecclesiae
1761 4422 1799 4493 in

129 4586 136 4597 ,
247 4543 541 4633 Kolaczioze,
578 4544 662 4615 item
690 4535 853 4634 oppidani
879 4544 1049 4617 habentes
1075 4564 1194 4634 agros,
1232 4543 1371 4616 solvunt
1396 4543 1561 4615 ecclesiae
1588 4542 1623 4613 in
1641 4542 1800 4614 Zrzan-
1889 4529 1891 4536 ’

249 4687 363 4758 czyn
389 4667 490 4738 annis
516 4665 661 4755 singulis
689 4669 839 4756 quatuor
857 4661 990 4737 nraroas
1013 4685 1077 4756 pro
1096 4665 1228 4737 decima
1254 4665 1476 4755 manipulari,
1503 4664 1548 4735 ad
1567 4685 1668 4756 quam
1687 4662 1799 4735 eidem

249 4787 415 4860 ecclesiae
442 4787 477 4858 in
505 4783 747 4876 Rzanczyn
776 4783 1038 4877 obligabantur3
1065 4787 1149 4857 item
1176 4786 1219 4857 de
1247 4786 1358 4858 tribus
1383 4786 1493 4857 laneis
1521 4840 1634 4855 .....

318 4908 634 4998 -Knarowrczn,
670 4905 753 4978 uilla
788 4906 852 4978 sub
887 4907 1055 4997 parocbia
1089 4907 1132 4978 de
1159 4906 1449 5007 Kolaczycze
1476 4906 1560 4995 sita,
1596 4906 1693 4975 cuius
1719 4925 1799 4995 pro·

249 5030 379 5121 prietas
414 5028 457 5099 ad
494 5026 740 5099 monasterium
777 5034 813 5098 et
854 5027 1015 5098 abbatem
1056 5026 1318 5117 'Thyn'czansem
1354 5026 1515 5116 pertinet.
1558 5026 1598 5096 ln
1625 5046 1693 5116 qua
1720 5030 1803 5123 sumt

248 5150 339 5223 lanei
367 5148 614 5237 cmetbonales,
640 5148 722 5219 item
751 5168 820 5219 una
837 5147 984 5220 taberna
1010 5146 1142 5219 habens
1169 5167 1282 5238 agros,
1309 5147 1393 5219 item
1412 5148 1562 5239 quinque
1580 5146 1799 5220 hortulaniae

248 5273 418 5344 babentes
453 5292 574 5361 agros,
609 5270 692 5341 item
720 5290 825 5341 unum
850 5267 1031 5360 praedium
1059 5268 1277 5359 coenobiale,
1314 5267 1406 5361 quod
1433 5268 1519 5340 nulli
1545 5267 1711 5360 decimat,
1738 5268 1800 5341 sed
1846 5357 1853 5372 .

250 5393 292 5464 de
320 5393 478 5464 omnibus
504 5390 691 5482 praedictis
726 5391 821 5481 agris
847 5389 994 5463 solvitur
1024 5374 1060 5462 et
1086 5388 1291 5463 conducitur
1326 5390 1459 5462 decima
1473 5390 1709 5482 manipularis
1736 5412 1800 5480 pro

250 5514 459 5610 monasterio
487 5511 718 5604 Thynczensi,
745 5519 782 5583 et
799 5512 898 5584 valor
924 5511 998 5583 eius
1025 5510 1232 5584 aestimatur
1258 5510 1382 5583 ad'sex
1409 5531 1565 5600 marcas;
1586 5512 1674 5583 item
1693 5512 1801 5583 eccle-

250 5635 302 5707 sia
328 5633 372 5706 de
397 5632 674 5707 Kolaozicae
709 5633 816 5706 babet
849 5631 895 5704 in'
912 5632 1032 5706 eadem
1069 5633 1152 5706 uilla
1178 5632 1486 5723 columbutionem‚
1515 5632 1736 5704 offertorium
1762 5638 1799 5708 et

109 5781 113 5788 ²
249 5755 429 5827 denarium
455 5754 574 5827 Sancti
600 5754 715 5845 Petri3
751 5754 835 5827 item
861 5755 995 5828 decima
1025 5755 1113 5828 baec
1137 5755 1175 5826 in
1201 5752 1515 5846 Krayowycae
1546 5754 1623 5825 iure
1649 5753 1802 5852 pertinet

251 5876 296 5950 ad
316 5874 506 5967 'plebanum
528 5875 565 5946 in
592 5874 882 5968 Golaozicre,
908 5875 971 5948 sod
996 5871 1105 5949 abbas
1133 5875 1364 5968 Thynczensis
1391 5874 1427 5946 vi
1453 5893 1530 5946 eam
1556 5872 1659 5946 abeo
1678 5872 1801 5972 aulem,

251 6003 288 6072 et
312 6012 376 6091 pro
402 6018 440 6071 se
466 6001 621 6089 usurpat
664 6039 667 6044 -

353 6118 547 6208 Gonnscn,
574 6118 743 6208 casuum,
780 6116 872 6208 quod
905 6120 1063 6209 tempore
1097 6115 1271 6189 Matthiae
1297 6113 1435 6187 abbatis
1463 6113 1696 6206 Thynczensis
1731 6114 1798 6185 luit

251 6239 467 6333 demolitum,
493 6238 556 6313 sed
581 6237 646 6335 sub
672 6241 828 6329 tempore
855 6223 1025 6310 Andrma·
1050 6236 1202 6311 Osrlra
1227 6231 1365 6308 abbatis
1391 6233 1590 6342 immediate
1617 6234 1801 6307 succeden-

250 6364 314 6455 tis,
340 6362 408 6436 fuit
424 6363 673 6452 instauratum,
700 6359 798 6434 cuius
823 6358 1019 6451 proprietas
1044 6357 1092 6432 ad
1117 6356 1364 6432 monasterium
1391 6337 1614 6451 Tlrffbbrense
1640 6357 1801 6449 pertinet,

252 6490 288 6558 et
312 6484 540 6578 parocbia-in
565 6480 895 6556 Kolacaicze..
914 6532 948 6552 ..
1545 6562 1548 6569 .

354 6604 616 6695 Zarnunown,
633 6602 717 6684 uilla
732 6602 798 6678 aab
814 6601 986 6696 poroob'm
998 6598 1043 6675 de
1061 6598 1345 6693 Oulaczycze
1362 6600 1449 6693 sita,
1471 6585 1625 6706 deserta,
1642 6598 1687 6674 de
1703 6600 1801 6675 cuius
