4200 8342
1664 1623 1671 1632 ¹
1749 1633 1821 1704 329

268 1821 367 1892 euius
394 1823 593 1913 proprietas
620 1822 664 1894 ad
692 1825 853 1897 abbatem
882 1831 918 1897 et
943 1828 1191 1900 monasterium
1211 1827 1358 1902 Sanctae
1385 1830 1505 1904 Crucis
1533 1832 1648 1905 Calvi
1676 1840 1822 1909 nrorrtis

267 1943 439 2035 pertinet,
475 1945 534 2034 qui
562 1952 644 2016 suut
672 1946 764 2017 illius
802 1948 968 2020 ecclesiae
1005 1950 1097 2020 unici
1125 1951 1308 2022 collatores
1336 1957 1371 2022 ot
1397 1955 1545 2044 patroni.
1581 1955 1621 2024 ln
1650 1978 1717 2046 (pura
1744 1966 1824 2028 sunt

268 2069 347 2135 octo
374 2085 449 2135 cum
467 2065 591 2138 medio
618 2066 709 2137 lanai
737 2070 986 2163 cmethonales,
1014 2071 1096 2143 item
1115 2080 1188 2143 tres
1211 2074 1378 2144 tabernae
1406 2075 1572 2146 habentes
1599 2098 1712 2166 carnos,
1739 2079 1821 2150 item

267 2205 371 2256 unum
399 2187 579 2276 praedium
607 2189 825 2279 coenobiale,
853 2169 901 2260 de'
923 2191 1048 2281 quibus
1067 2193 1224 2265 omuibus
1244 2195 1391 2266 solvitur
1409 2201 1444 2265 et
1463 2197 1665 2268 conducitur
1692 2199 1824 2270 decima

267 2307 493 2397 manipularis
526 2314 562 2379 et
593 2310 770 2399 canapalis
801 2330 865 2400 pro
899 2310 1045 2382 ecclesia
1075 2313 1124 2382 in·
1148 2313 1520 2405 hlodlybozicze,
1552 2323 1588 2388 et
1619 2320 1717 2389 valor
1748 2321 1821 2391 eius

268 2427 474 2500 aestimatur
508 2429 552 2500 ad
579 2429 696 2501 decern
723 2451 867 2502 ruarcas.
903 2431 992 2503 Item
1028 2433 1196 2523 plebanus
1233 2435 1356 2506 habuit
1383 2436 1418 2505 in
1446 2437 1566 2508 eadem
1603 2438 1685 2508 villa
1720 2462 1821 2511 unam

269 2550 449 2622 tabernam
484 2552 661 2642 propriam
697 2572 775 2623 cum
801 2554 914 2643 agriS,
949 2553 1010 2624 sed
1037 2555 1204 2627 cambivit
1240 2577 1333 2645 eanr,
1370 2556 1456 2627 dans
1484 2557 1577 2629 illam
1614 2562 1822 2632 monasterio

268 2669 416 2743 Sanctae
452 2669 590 2763 Crucis,
625 2693 690 2762 pro
717 2673 816 2746 alveo
843 2679 880 2745 et
905 2675 1017 2764 pratis
1044 2675 1089 2746 ad
1116 2676 1306 2766 parandam
1342 2678 1518 2766 piscinam.
1562 2679 1650 2750 Item
1679 2679 1824 2752 ecclesia

269 2791 376 2863 habet
401 2792 451 2864 ibi
477 2814 541 2883 pro
567 2794 712 2886 praedio
747 2816 811 2866 suo
847 2816 969 2886 agros,
1005 2797 1050 2868 ad
1076 2801 1149 2868 tres
1185 2798 1302 2869 laneos
1339 2799 1549 2871 aestimatos.
1594 2801 1682 2871 Item
1718 2823 1821 2874 unium

268 2934 389 2984 arvum
416 2915 453 2985 in
471 2914 555 2986 uilla
581 2915 816 3006 Pyszkrzin.
842 2916 929 2988 Item
947 2918 1056 2990 habet
1073 2919 1144 2990 tria
1161 2925 1283 3009 prata,
1309 2942 1414 2992 aruum
1441 2921 1477 2990 in
1505 2921 1823 3013 hlodlibozycnc,

266 3034 360 3106 aliud
385 3035 422 3106 in
448 3035 672 3128 Ruduylry
699 3044 735 3110 et
761 3039 904 3110 tertium
931 3040 967 3110 in
994 3039 1235 3133 Stobyecz.

373 3152 635 3249 Goursenrezu
661 3179 855 3250 mnemon,
892 3159 977 3231 villa
1003 3161 1068 3232 sub
1095 3145 1260 3250 parochia
1287 3162 1330 3232 de
1356 3161 1712 3254 Modlybozicze
1739 3166 1818 3237 sita.

269 3276 308 3346 ln
336 3297 404 3366 qua
430 3283 512 3350 sunt
539 3277 631 3351 lanei
657 3280 910 3370 cmethonales,
930 3281 1028 3362 ,item
1056 3282 1235 3382 praedium
1263 3304 1368 3354 unum
1395 3283 1566 3374 militare,
1592 3285 1676 3356 item
1703 3287 1821 3358 taber·-

269 3417 354 3488 uae,
391 3399 474 3471 item
509 3399 747 3492 hamptoniae,
781 3401 976 3493 dequibus
1013 3403 1172 3484 omnibus
1208 3404 1354 3476 solvitur
1386 3409 1422 3474 et
1450 3405 1653 3477 conducitur
1688 3406 1822 3477 decima

271 3520 497 3611 manipularis
523 3527 561 3593 et
586 3523 762 3613 canapalis
797 3544 862 3613 pro
898 3523 1044 3596 ecclesia
1070 3524 1106 3594 in
1132 3522 1516 3617 Modlybozycze,
1551 3532 1588 3597 et
1615 3528 1713 3598 valor
1748 3530 1822 3598 eius

266 3640 469 3712 aestimatur
495 3640 542 3713 ad·
559 3696 567 3712 .
585 3696 593 3713 .
612 3695 648 3715 ..
1424 3725 1427 3730 .

371 3759 614 3834 Gouuszrczu
641 3783 840 3853 saranica,
876 3764 959 3842 uilla
986 3766 1050 3837 sub
1086 3765 1251 3854 parochia
1278 3766 1320 3837 de
1347 3765 1717 3858 Medlybozycze
1745 3770 1814 3840 sita

265 3882 362 3954 cuius
388 3881 521 3955 haeres·
530 3937 646 3954 .....
682 3884 722 3954 lu
750 3906 818 3974 qua
843 3891 899 3956 est
924 3905 1012 3955 unus
1048 3883 1167 3957 laucus
1203 3886 1427 3957 cmethonalis
1464 3889 1624 3977 specialis
1651 3895 1687 3958 ot
1713 3889 1811 3979 liber,

270 4002 315 4074 ad
340 4003 590 4094 proprietatem
617 4006 794 4076 caratoriae
828 4002 1121 4095 Oppathoviensis
1149 4007 1342 4096 pertinum,
1370 4008 1428 4095 qui
1456 4009 1590 4080 cantori
1618 4015 1653 4078 et
1680 4029 1820 4081 censum

267 4123 372 4196 solvit
397 4131 435 4196 et
454 4124 626 4228 decimam
654 4125 914 4217 manipularem.
940 4126 1034 4198 Item-
1056 4127 1253 4217 proprietas
1280 4127 1440 4198 residuae
1467 4128 1569 4200 uillae
1598 4129 1751 4220 pertinet
1777 4129 1822 4200 ad

268 4251 382 4318 certos
417 4246 552 4318 nobiles
586 4246 659 4318 illic
692 4247 905 4338 residentes,
940 4247 1000 4340 qui
1035 4268 1139 4338 agros
1175 4248 1409 4320 cmethonales
1446 4249 1577 4321 colunt:
1616 4251 1703 4323 ltem
1741 4254 1822 4321 sunt
1895 4285 1899 4296 ·

267 4368 372 4438 etiam
398 4367 447 4440 ibi
473 4368 583 4459 aliqui
608 4367 700 4441 lanei
726 4369 980 4460 cmethonales,
1013 4375 1052 4440 et
1077 4370 1235 4442 variatur
1269 4369 1448 4461 perceptio
1485 4370 1637 4442 decimae
1664 4372 1822 4461 manipu-

268 4488 369 4580 laris,
404 4509 486 4562 nam
511 4509 594 4580 pars
620 4490 714 4562 cedit
747 4490 909 4582 episcopo
945 4489 1186 4583 Gracovicusi,
1221 4498 1259 4563 et
1293 4511 1376 4582 pars
1411 4491 1559 4583 plebano
1587 4493 1623 4563 in
1651 4491 1821 4582 blodly-

268 4610 475 4702 bozycze.
934 4596 937 4601 ’
1111 4693 1113 4698 ,

373 4732 563 4823 Zraurnr,
589 4731 672 4804 villa
698 4731 763 4804 sub
788 4733 956 4823 parochia
980 4734 1024 4806 de
1051 4733 1384 4808 Baczkouicze
1411 4737 1488 4824 sita,
1507 4735 1604 4806 cuius
1622 4735 1820 4823 proprietas

267 4853 311 4924 ad
338 4855 574 4945 episcopatum
600 4852 921 4927 wladislaviensem
947 4857 1108 4946 pertinet
1148 4856 1187 4926 In
1215 4877 1284 4945 qua
1311 4863 1393 4926 sunt
1420 4855 1575 4936 rrrdecim
1604 4876 1679 4924 cum
1708 4855 1820 4923 medio

268 4975 358 5048 lanei
384 4976 628 5064 cmethonales,
654 4975 738 5046 item
763 4979 837 5046 tres
863 4977 1030 5048 tabernae
1057 4976 1227 5052 habentes
1255 4996 1367 5070 agros,
1394 4976 1479 5046 item
1506 4980 1578 5045 tres
1597 4973 1818 5062 hortulaniae,

92 5081 100 5092 ¹
242 5096 436 5170 habentes
462 5118 574 5188 agros,
600 5095 644 5166 de
671 5095 795 5184 quibus
822 5098 981 5169 omnibus
1007 5096 1156 5168 solvitur
1182 5102 1218 5166 et
1245 5094 1449 5166 conducitur
1476 5095 1608 5167 decima
1626 5095 1818 5186 manipula-

120 5315 124 5324 ·
268 5219 317 5290 ris
344 5225 381 5291 et
405 5217 581 5310 canapalis
616 5236 681 5308 pro
708 5217 910 5308 episcopatu
936 5216 1228 5289 Wladislaviensi.
1267 5216 1356 5288 Item
1383 5223 1439 5288 est
1464 5217 1515 5288 ibi
1540 5217 1721 5309 praedium
1745 5216 1819 5306 epi-

269 5340 415 5431 scopale,
441 5341 484 5412 de
511 5360 579 5430 qno
606 5338 800 5410 decimatur
825 5337 992 5411 ecelesiae
1017 5337 1054 5408 in
1082 5335 1458 5429 Modlybozycze.

374 5459 591 5549 Proernam,
617 5459 702 5531 villa
727 5459 792 5532 sub
819 5459 984 5550 parocbia
1009 5458 1053 5530 de
1079 5457 1119 5528 M
1128 5457 1432 5550 odlybozicze
1460 5459 1537 5530 sita.
1573 5458 1614 5528 In
1642 5479 1709 5549 qua
1737 5464 1819 5552 sunt.

270 5577 361 5650 lanei
387 5579 627 5670 cmethonales,
654 5581 738 5652 item
763 5581 941 5666 tabernae,
968 5580 1051 5652 item
1077 5579 1316 5670 hortulaniae,
1344 5579 1387 5650 de
1414 5579 1538 5670 quibus
1566 5579 1724 5650 omnibus
1751 5578 1820 5649 sol-

270 5699 364 5770 vitur
389 5705 427 5770 et
452 5698 655 5771 conducitur
681 5701 814 5772 decima
839 5700 1065 5792 manipularis
1092 5706 1129 5771 et
1155 5700 1330 5791 canapalis
1349 5722 1412 5791 pro
1432 5701 1576 5772 ecclesia
1594 5701 1629 5769 in
1648 5697 1821 5786 Modly-

270 5821 488 5911 bozycze,
515 5820 599 5890 item
634 5819 864 5916 hortulaniae,
886 5825 969 5894 sunt
1004 5820 1054 5894 ihi
1089 5822 1256 5894 babentes
1292 5842 1413 5911 agros,
1441 5820 1484 5892 de
1521 5820 1645 5910 quibus
1672 5817 1819 5889 solvitur

273 5942 406 6013 decima
431 5938 658 6030 manipularis
685 5960 753 6034 pro¹
774 5941 977 6031 episcopatu
1003 5939 1235 6014 Gracouensi.
1631 6013 1635 6020 ,
1819 6025 1825 6034 ¹

373 6062 575 6151 S‘roarscu,
602 6059 684 6131 villa
709 6059 774 6130 snb
799 6060 966 6150 parochia
992 6060 1036 6132 de
1062 6059 1405 6134 Modlibcuicze
1432 6058 1510 6148 sita,
1537 6056 1635 6130 cuius
1653 6056 1819 6128 haeredes

270 6182 421 6257 Jacobus
447 6180 726 6272 Milhcwshy
753 6178 797 6250 de
822 6179 1066 6288 Habdanh
1083 6181 1125 6252 In
1152 6201 1220 6270 qua
1246 6185 1328 6251 suut
1354 6179 1446 6250 lanei
1473 6177 1716 6266 cmethonales,
1734 6155 1820 6248 item¹

273 6305 452 6395 tabernae,
477 6303 562 6375 item
589 6300 825 6410 hortulaniae,
851 6300 936 6372 item
947 6300 1106 6404 praedia
1133 6300 1316 6390 nobilium,
1343 6301 1386 6372 de
1414 6301 1538 6392 quibus
1565 6299 1722 6370 curulibus
1749 6297 1819 6368 sol-

272 6427 364 6496 vitur
398 6430 435 6496 ct
470 6421 673 6518 conducitur
708 6419 842 6492 decima
876 6416 1100 6508 manipularis
1136 6425 1172 6490 et
1207 6419 1382 6516 canapalis
1410 6442 1473 6512 pro
1501 6419 1642 6490 ecclesia
1672 6417 1707 6488 in
1734 6415 1819 6487 Mo-

274 6543 566 6634 dlybozpcza.

374 6707 573 6752 nameus.
975 6729 978 6738 ·
1614 6689 1650 6736 4²
