4200 8342
1730 1625 1778 1697 67

229 1826 318 1898 Item
354 1784 534 1917 praedium
561 1832 617 1897 est
642 1827 692 1897 ibi
717 1847 837 1916 uuum,
872 1828 915 1899 de
952 1849 1019 1918 quo
1056 1827 1204 1900 solvitur
1239 1827 1382 1915 decima
1407 1829 1652 1920 scholastriae,
1687 1832 1784 1901 cuius

228 1947 327 2019 valor
354 1947 398 2018 ad
417 1968 486 2019 seu
513 1967 649 2018 marcas
676 1946 889 2020 aestimatur.

332 2068 522 2159 Jnszorm,
557 2068 641 2140 uilla
668 2068 733 2141 sub
758 2069 924 2159 parochia
950 2069 993 2141 de
1019 2068 1043 2140 J
1050 2070 1260 2161 emyelno
1288 2070 1374 2161 sita,
1411 2071 1509 2142 cuius
1540 2071 1631 2143 idem
1659 2073 1783 2144 haeres

228 2190 394 2262 Nicolans
423 2190 595 2263 dedomo
622 2190 766 2281 Rosea,
803 2191 839 2261 in
867 2212 935 2282 qua
962 2195 1042 2262 sunt
1068 2191 1160 2262 lanei
1187 2191 1440 2281 emethonales,
1455 2192 1539 2293 itam
1558 2193 1647 2267 duae
1665 2194 1782 2266 taber-

227 2331 305 2401 nae,
331 2310 415 2383 item
443 2310 638 2400 hortulani,
673 2309 715 2382 dc
743 2311 868 2402 quibus
894 2312 1052 2383 omnibus
1081 2309 1227 2382 solvitur
1253 2317 1289 2382 et
1315 2296 1520 2383 conducitur
1552 2292 1686 2384 decima
1711 2335 1783 2387 ma·

228 2432 414 2522 nipularis
426 2429 463 2504 ct
490 2432 666 2524 canapalis
701 2453 766 2523 pro
793 2433 1027 2504 mansionaria
1052 2431 1148 2523 Jemp
1147 2433 1296 2503 elnensi.
1332 2433 1419 2503 Item
1447 2441 1502 2504 est
1528 2434 1576 2504 ibi
1603 2435 1784 2524 praedium

228 2574 346 2645 unum,
374 2552 417 2626 de
444 2553 541 2625 cuius
567 2553 671 2636 etiam
698 2553 793 2644 agris
819 2552 953 2625 decima
979 2552 1092 2626 eidem
1110 2553 1363 2624 mansionariae
1381 2553 1537 2645 solvitur,
1564 2555 1662 2626 cuius
1685 2556 1784 2690 valor

227 2674 280 2746 ιι
300 2680 381 2747 octo
405 2695 543 2749 marcas
568 2674 826 2747 aestimatur..

300 2795 526 2886 Lszczru,
535 2794 625 2868 villa
636 2796 701 2866 sub
719 2795 886 2886 parochia
912 2794 955 2868 dc
979 2794 1073 2867 Yam
1078 2794 1198 2886 pelno
1226 2794 1311 2885 sita,
1339 2795 1436 2873 cuius
1440 2796 1578 2868 haeres
1604 2795 1782 2887 praelatus

226 2916 250 2991 J
260 2937 329 2988 asz
336 2917 509 3009 y'ensky
519 2907 729 3007 Nicolaus,
719 2938 755 2986 ιιι
783 2937 852 3006 qua
873 2922 955 2989 sunt
972 2915 1063 2987 lanei
1091 2915 1333 3006 cmethonales,
1360 2917 1444 2988 item
1462 2918 1642 3008 praedium
1669 2923 1800 3009 unum,

227 3040 311 3111 item
339 3034 526 3128 hortulani,
553 3037 638 3110 item
665 3038 819 3128 taberna,
846 3037 890 3108 de
917 3038 1043 3128 quihus
1070 3037 1229 3111 amnibus
1256 3036 1404 3111 solvitur
1429 3044 1467 3110 et
1493 3039 1698 3153 conducatur
1724 3039 1784 3111 de-

227 3160 326 3233 aima
344 3159 570 3251 manipularis
597 3179 660 3251 pro
688 3159 923 3243 mansionaria
957 3142 1209 3249 Jemyelnensi,
1237 3159 1333 3231 cuius
1364 3159 1463 3230 valor
1490 3142 1635 3232 adseri
1649 3181 1783 3232 marcas

226 3281 1612 3353 aestimatur..
1721 3342 1723 3346 Α

313 3401 639 3492 ’Μιιιιιιοιιοιιι
674 3401 759 3472 villa
785 3402 850 3473 snb
875 3400 1041 3495 parochia
1068 3400 1112 3472 de
1138 3399 1160 3472 J
1170 3400 1379 3492 amyci-no
1407 3402 1488 3491 sita,
1524 3401 1621 3476 cuim
1657 3402 1783 3474 haeres

225 3523 405 3597 Johannes
432 3522 476 3594 de
511 3521 614 3609 domo
649 3501 892 3612 Roaarnm,
928 3523 964 3595 in
992 3542 1061 3613 qna
1086 3527 1168 3593 sunt
1193 3521 1285 3593 lanei
1313 3521 1565 3613 emethonales,
1592 3523 1676 3594 item
1702 3531 1784 3597 sunt

225 3645 277 3716 ibi
303 3645 373 3715 tria
393 3644 554 3742 praedia,
572 3644 664 3715 item
691 3645 847 3733 taberna,
873 3643 957 3714 item
972 3643 1205 3733 ‚hortulaniaa
1233 3628 1421 3734 dequibus
1448 3644 1607 3719 omnibus
1634 3645 1782 3718 solvitur

225 3771 263 3838 ct
290 3763 494 3841 conducitur
521 3763 653 3837 decima
679 3765 905 3864 manipularis
932 3772 968 3837 et
994 3765 1169 3855 canapalis
1171 3818 1280 3834 .....
1377 3789 1380 3794 ·

331 3887 480 3977 Srnnw,
507 3885 592 3959 villa
608 3887 673 3960 sub
691 3887 858 3988 parochia
873 3885 923 3959 vde
949 3885 1169 3976 Yemyelno
1197 3886 1279 3976 sita,
1307 3886 1404 3959 cuius
1422 3887 1591 3959 haeredes
1617 3888 1782 3959 N-icolaus

226 4015 266 4080 et
291 4008 451 4080 Andreas
477 4008 679 4100 Mokrsky
706 4006 749 4084 de
775 4007 877 4081 domo
913 4007 1128 4097 Rosarnm,
1163 4007 1199 4077 in
1226 4027 1296 4097 qua
1321 4013 1403 4080 sunt
1429 4008 1520 4079 lanei
1539 4008 1781 4099 cmethonales,

226 4131 324 4202 item.
339 4131 500 4221 taberna,
535 4130 619 4213 item
654 4128 891 4218 hortulaniae‚
924 4129 967 4201 de
994 4129 1118 4220 quibus
1145 4128 1304 4200 omnihus
1340 4128 1487 4200 solvitur
1513 4136 1551 4201 et
1570 4129 1781 4202 conducitur

224 4251 359 4323 decima
393 4251 618 4342 manipularis
645 4257 682 4322 et
708 4250 890 4343 canapalis-
909 4271 974 4341 pro
1000 4248 1242 4323 mansionariis
1275 4248 1594 4341 Jempelnensihns,
1621 4256 1658 4322 et
1683 4251 1782 4324 valor

203 4373 300 4444 eins
327 4373 532 4444 aestimatur
558 4372 604 4444 ad
622 4425 736 4442 .....

329 4492 613 4583 destructuram,
649 4492 731 4565 villa
748 4492 823 4581 ¹snb
849 4493 1017 4584 parochia
1042 4492 1086 4564 dc
1111 4490 1135 4565 J
1147 4492 1356 4584 emyelno
1384 4493 1461 4584 sita,
1489 4493 1587 4565 cuius
1614 4494 1781 4566 haeredes

225 4615 436 4688 Paczorek
463 4622 499 4687 et
517 4670 524 4684 .
597 4669 605 4686 .
624 4669 658 4685 ..
685 4615 729 4688 de
756 4615 857 4699 domo
894 4614 1106 4704 Rosarum,
1146 4615 1183 4686 in
1210 4635 1279 4705 qua
1311 4620 1394 4686 sunt
1420 4614 1513 4685 lanei
1538 4616 1781 4733 emethonalm,

224 4738 309 4810 item
336 4736 568 4829 hortulaniae,
595 4737 680 4808 item
707 4738 865 4827 taberna,
893 4737 979 4809 item
1006 4735 1077 4809 duo
1104 4737 1248 4827 praedia
1265 4736 1441 4826 militaria,
1467 4737 1511 4807 de
1529 4737 1654 4828 quihus
1673 4738 1783 4809 omni·

225 4858 290 4959 bus
313 4858 477 4930 solvitur
502 4863 538 4930 et
569 4858 783 4930 conducitm
809 4857 941 4931 decima
976 4855 1214 4948 manipularis
1233 4863 1270 4929 et
1305 4857 1482 4947 canapalis
1517 4858 1781 4949 praepositurae

224 4954 472 5072 Jemyelnensi,
498 4985 535 5052 et
560 4980 673 5053 valor
686 4980 762 5052 eius
788 4979 995 5052 aestimatur
1020 4979 1066 5051 ad
1093 4999 1154 5049 sex
1180 4998 1324 5049 marcas.

332 5101 552 5191 Ιιιιιοιιιιι,
579 5101 664 5173 villa
690 5101 755 5174 sub
781 5101 947 5193 parocbia
974 5101 1016 5173 de
1042 5100 1066 5172 J
1071 5099 1257 5191 emyelno
1284 5099 1361 5190 sita,
1389 5099 1489 5172 cuius
1512 5099 1636 5171 haeres
1663 5099 1778 5171 Stani-

228 5221 321 5294 olaus
350 5221 393 5293 de
420 5221 522 5294 domo
549 5221 761 5312 Rozarum,
789 5222 824 5293 in
852 5242 920 5313 qua
947 5227 1029 5293 sunt
1055 5219 1146 5291 lanei
1173 5219 1425 5309 cmethonales3
1451 5220 1534 5291 itam
1561 5220 1781 5314 hortulaniae

225 5365 293 5417 non
320 5349 412 5433 sunt,
439 5344 523 5414 item
549 5344 717 5417 tabernae
743 5324 811 5417 non
839 5349 938 5445 sunt,
966 5343 1009 5415 de
1036 5341 1162 5434 qmbus
1180 5341 1340 5415 omnibus
1358 5340 1507 5434 solvitur
1525 5347 1561 5414 et
1578 5341 1781 5415 conducitur

226 5464 359 5536 decima
376 5465 603 5557 manipularis
618 5471 655 5563 et
666 5465 840 5557 canapalis
857 5486 921 5556 pro
939 5464 1184 5558 mansionariis
1201 5458 1377 5555 praelatis,
1398 5464 1496 5536 cuius
1511 5463 1610 5535 valor
1627 5464 1671 5535 ad
1690 5520 1697 5533 .
1717 5519 1724 5534 .
1744 5520 1751 5533 .
1772 5520 1779 5533 .

330 5586 567 5678 Sonowrezr,
593 5587 678 5659 villa
703 5588 768 5659 sub
795 5587 961 5677 parochia
988 5587 1031 5659 de
1057 5585 1080 5658 J
1086 5586 1269 5677 emyelno
1298 5587 1374 5676 sita,
1402 5586 1500 5659 cuius
1527 5586 1780 5659 inhabitatores

225 5685 259 5779 et
284 5708 419 5781 incolae
445 5709 482 5782 in
507 5714 583 5782 tato
609 5713 692 5782 sunt
717 5707 921 5783 nobilesda
947 5709 1054 5780 variis
1086 5708 1211 5799 armis,
1248 5709 1291 5780 de
1315 5728 1460 5799 quorum
1495 5707 1590 5797 agris
1617 5700 1820 5791 omnibus,

226 5830 373 5906 solvitur
408 5830 542 5902 decima
577 5831 804 5923 manipularis
830 5852 895 5922 pro
921 5831 1089 5922 magistro
1125 5829 1266 5902 scholae
1300 5830 1429 5902 ibidem
1456 5829 1492 5900 in
1506 5818 1780 5921 Gemyeln'm

226 5959 261 6024 at
285 5951 384 6025 valor
411 5951 485 6024 eius
511 5950 557 6024 ad
584 5973 645 6035 sex
672 5973 806 6025 marcas
833 5953 1048 6025 aestimatur.
1413 5932 1415 5935 ⁵

268 6073 275 6092 '
326 6073 524 6164 Znaazow,
552 6075 635 6145 villa
660 6076 724 6146 sub
751 6075 917 6165 parochia
943 6075 1108 6147 ecclesiae
1135 6072 1178 6146 de
1205 6071 1439 6163 Wyerczow
1466 6051 1673 6161 sita-cuius
1700 6073 1779 6144 hae·

223 6193 323 6267 redes
350 6195 543 6268 Dobeslaus
568 6195 613 6268 de
638 6195 960 6288 Kuro-zwanky
997 6196 1040 6268 de
1075 6196 1177 6268 domo
1213 6194 1376 6283 Rosae,
1411 6194 1549 6285 inqua
1579 6200 1661 6266 sunt
1686 6195 1781 6266 lanei

223 6315 466 6406 amethonales,
493 6317 577 6391 itam
603 6318 779 6407 tabernae,
806 6317 890 6393 item
917 6316 1256 6415 hortulaniae,t1tem
1284 6317 1464 6406 praedium
1491 6339 1605 6406 unum,
1632 6315 1675 6387 de
1702 6314 1778 6407 qui-

224 6435 289 6508 bus
314 6439 475 6511 omnibns
502 6439 649 6512 solvitur
679 6439 816 6510 decima
848 6406 1075 6533 manipularis
1102 6459 1166 6533 pro
1193 6438 1435 6514 mansionariis
1462 6440 1498 6511 in
1524 6437 1547 6512 J
1556 6436 1778 6533 amyclae,

193 6558 323 6650 ····cuius
349 6558 448 6633 valor
473 6561 681 6639 aestimatur
706 6561 751 6636 ad
769 6614 911 6637 ......
1157 6574 1167 6592 ’
1607 6578 1661 6643 -ι-ῑ-
1698 6578 1775 6631 *a
