<?xml version="1.0" encoding="UTF-8"?>
<!DOCTYPE html PUBLIC "-//W3C//DTD XHTML 1.0 Transitional//EN"
    "http://www.w3.org/TR/xhtml1/DTD/xhtml1-transitional.dtd">
<html xmlns="http://www.w3.org/1999/xhtml" xml:lang="en" lang="en">
 <head>
  <title>
</title>
<meta http-equiv="Content-Type" content="text/html;charset=utf-8" />
  <meta name='ocr-system' content='tesseract 3.04.00' />
  <meta name='ocr-capabilities' content='ocr_page ocr_carea ocr_par ocr_line ocrx_word'/>
</head>
<body>
  <div class='ocr_page' id='page_1' title='image "./joannisdugoszse01dugoog_0176.png"; bbox 0 0 4200 8342; ppageno 0'>
   <div class='ocr_carea' id='block_1_1' title="bbox 246 1622 396 1699">
    <p class='ocr_par' dir='ltr' id='par_1_1' title="bbox 246 1622 396 1699">
     <span class='ocr_line' id='line_1_1' title="bbox 246 1622 396 1699; baseline -0.013 0"><span class='ocrx_word' id='word_1_1' title='bbox 246 1622 396 1699; x_wconf 65' lang='lat'>„.·150</span> 
     </span>
    </p>
   </div>
   <div class='ocr_carea' id='block_1_2' title="bbox 319 1826 1866 2760">
    <p class='ocr_par' dir='ltr' id='par_1_2' title="bbox 319 1826 1865 2760">
     <span class='ocr_line' id='line_1_2' title="bbox 319 1826 1862 1920; baseline -0.002 -18"><span class='ocrx_word' id='word_1_2' title='bbox 319 1829 496 1920; x_wconf 89' lang='lat' dir='ltr'>tabernae,</span> <span class='ocrx_word' id='word_1_3' title='bbox 521 1829 605 1901; x_wconf 90' lang='lat' dir='ltr'>item</span> <span class='ocrx_word' id='word_1_4' title='bbox 632 1829 821 1920; x_wconf 80' lang='lat' dir='ltr'>praedium,</span> <span class='ocrx_word' id='word_1_5' title='bbox 848 1828 1035 1919; x_wconf 89' lang='lat' dir='ltr'>dequibus</span> <span class='ocrx_word' id='word_1_6' title='bbox 1063 1829 1210 1900; x_wconf 89' lang='lat' dir='ltr'>solvitur</span> <span class='ocrx_word' id='word_1_7' title='bbox 1236 1828 1370 1901; x_wconf 90' lang='lat' dir='ltr'>decima</span> <span class='ocrx_word' id='word_1_8' title='bbox 1391 1827 1620 1919; x_wconf 81' lang='lat' dir='ltr'>manipularis</span> <span class='ocrx_word' id='word_1_9' title='bbox 1634 1830 1676 1900; x_wconf 85' lang='lat' dir='ltr'>et</span> <span class='ocrx_word' id='word_1_10' title='bbox 1690 1826 1862 1917; x_wconf 80' lang='lat' dir='ltr'>&#39;canapalis</span> 
     </span>
     <span class='ocr_line' id='line_1_3' title="bbox 321 1947 1522 2051; baseline -0.004 -28"><span class='ocrx_word' id='word_1_11' title='bbox 321 1951 485 2023; x_wconf 89' lang='lat' dir='ltr'>ecelesiae</span> <span class='ocrx_word' id='word_1_12' title='bbox 511 1951 547 2051; x_wconf 86' lang='lat' dir='ltr'>in</span> <span class='ocrx_word' id='word_1_13' title='bbox 573 1949 919 2039; x_wconf 84' lang='lat' dir='ltr'>Przemaukow,</span> <span class='ocrx_word' id='word_1_14' title='bbox 947 1949 1042 2021; x_wconf 87' lang='lat' dir='ltr'>cuius</span> <span class='ocrx_word' id='word_1_15' title='bbox 1069 1949 1167 2021; x_wconf 86' lang='lat' dir='ltr'>valor</span> <span class='ocrx_word' id='word_1_16' title='bbox 1194 1950 1399 2022; x_wconf 87' lang='lat' dir='ltr'>aestimatur</span> <span class='ocrx_word' id='word_1_17' title='bbox 1424 1947 1470 2019; x_wconf 92' lang='lat' dir='ltr'>ad</span> <span class='ocrx_word' id='word_1_18' title='bbox 1487 2002 1496 2019; x_wconf 88' lang='lat'><strong>.</strong></span> <span class='ocrx_word' id='word_1_19' title='bbox 1514 2003 1522 2018; x_wconf 95' lang='lat'><strong>.</strong></span> 
     </span>
     <span class='ocr_line' id='line_1_4' title="bbox 422 2066 1864 2160; baseline -0.003 -19"><span class='ocrx_word' id='word_1_20' title='bbox 422 2070 739 2160; x_wconf 75' lang='lat' dir='ltr'>Jnuvrczowuczn,</span> <span class='ocrx_word' id='word_1_21' title='bbox 775 2069 874 2140; x_wconf 75' lang='lat' dir='ltr'>villa&#39;</span> <span class='ocrx_word' id='word_1_22' title='bbox 896 2070 960 2141; x_wconf 89' lang='lat' dir='ltr'>sub</span> <span class='ocrx_word' id='word_1_23' title='bbox 986 2069 1151 2160; x_wconf 90' lang='lat' dir='ltr'>parochia</span> <span class='ocrx_word' id='word_1_24' title='bbox 1187 2068 1230 2141; x_wconf 92' lang='lat' dir='ltr'>de</span> <span class='ocrx_word' id='word_1_25' title='bbox 1256 2068 1617 2159; x_wconf 84' lang='lat' dir='ltr'>Raphalouicze</span> <span class='ocrx_word' id='word_1_26' title='bbox 1650 2066 1737 2157; x_wconf 88' lang='lat' dir='ltr'>sita,</span> <span class='ocrx_word' id='word_1_27' title='bbox 1773 2067 1864 2138; x_wconf 89' lang='lat' dir='ltr'>cuius</span> 
     </span>
     <span class='ocr_line' id='line_1_5' title="bbox 319 2186 1865 2282; baseline -0.001 -21"><span class='ocrx_word' id='word_1_28' title='bbox 319 2191 515 2282; x_wconf 84' lang='lat' dir='ltr'>proprietas</span> <span class='ocrx_word' id='word_1_29' title='bbox 542 2189 586 2261; x_wconf 87' lang='lat' dir='ltr'>ad</span> <span class='ocrx_word' id='word_1_30' title='bbox 615 2190 871 2261; x_wconf 89' lang='lat' dir='ltr'>serenissimum</span> <span class='ocrx_word' id='word_1_31' title='bbox 896 2188 1062 2261; x_wconf 91' lang='lat' dir='ltr'>Poloniae</span> <span class='ocrx_word' id='word_1_32' title='bbox 1087 2210 1204 2279; x_wconf 84' lang='lat' dir='ltr'>regem</span> <span class='ocrx_word' id='word_1_33' title='bbox 1230 2189 1398 2279; x_wconf 79' lang='lat' dir='ltr'>pertinet</span> <span class='ocrx_word' id='word_1_34' title='bbox 1419 2188 1460 2258; x_wconf 92' lang='lat' dir='ltr'>Iu</span> <span class='ocrx_word' id='word_1_35' title='bbox 1474 2206 1547 2279; x_wconf 82' lang='lat' dir='ltr'>qua</span> <span class='ocrx_word' id='word_1_36' title='bbox 1564 2192 1648 2260; x_wconf 90' lang='lat' dir='ltr'>sunt</span> <span class='ocrx_word' id='word_1_37' title='bbox 1668 2186 1763 2259; x_wconf 87' lang='lat' dir='ltr'>lanei</span> <span class='ocrx_word' id='word_1_38' title='bbox 1780 2207 1865 2260; x_wconf 82' lang='lat' dir='ltr'>eure</span> 
     </span>
     <span class='ocr_line' id='line_1_6' title="bbox 322 2308 1865 2400; baseline -0.003 -19"><span class='ocrx_word' id='word_1_39' title='bbox 322 2310 616 2400; x_wconf 86' lang='lat' dir='ltr'>thonales,tite1u</span> <span class='ocrx_word' id='word_1_40' title='bbox 643 2308 822 2400; x_wconf 78' lang='lat' dir='ltr'>praedium</span> <span class='ocrx_word' id='word_1_41' title='bbox 849 2331 918 2381; x_wconf 93' lang='lat' dir='ltr'>nou</span> <span class='ocrx_word' id='word_1_42' title='bbox 944 2309 1096 2399; x_wconf 87' lang='lat' dir='ltr'>est,tde</span> <span class='ocrx_word' id='word_1_43' title='bbox 1123 2309 1247 2400; x_wconf 84' lang='lat' dir='ltr'>quibua</span> <span class='ocrx_word' id='word_1_44' title='bbox 1283 2308 1382 2380; x_wconf 83' lang='lat' dir='ltr'>vario</span> <span class='ocrx_word' id='word_1_45' title='bbox 1413 2308 1516 2382; x_wconf 89' lang='lat' dir='ltr'>modo</span> <span class='ocrx_word' id='word_1_46' title='bbox 1541 2308 1754 2399; x_wconf 80' lang='lat' dir='ltr'>decimatur,</span> <span class='ocrx_word' id='word_1_47' title='bbox 1788 2328 1865 2378; x_wconf 90' lang='lat' dir='ltr'>nam</span> 
     </span>
     <span class='ocr_line' id='line_1_7' title="bbox 319 2426 1864 2523; baseline -0.002 -21"><span class='ocrx_word' id='word_1_48' title='bbox 319 2452 384 2523; x_wconf 90' lang='lat' dir='ltr'>pro</span> <span class='ocrx_word' id='word_1_49' title='bbox 411 2450 480 2502; x_wconf 91' lang='lat' dir='ltr'>uua</span> <span class='ocrx_word' id='word_1_50' title='bbox 505 2429 691 2501; x_wconf 90' lang='lat' dir='ltr'>medietate</span> <span class='ocrx_word' id='word_1_51' title='bbox 717 2429 864 2502; x_wconf 87' lang='lat' dir='ltr'>solvitur</span> <span class='ocrx_word' id='word_1_52' title='bbox 889 2428 1058 2501; x_wconf 88' lang='lat' dir='ltr'>decima</span> <span class='ocrx_word' id='word_1_53' title='bbox 1047 2449 1084 2500; x_wconf 91' lang='lat' dir='ltr'>rn</span> <span class='ocrx_word' id='word_1_54' title='bbox 1110 2428 1455 2519; x_wconf 84' lang='lat' dir='ltr'>Przemanliow,</span> <span class='ocrx_word' id='word_1_55' title='bbox 1490 2446 1554 2520; x_wconf 91' lang='lat' dir='ltr'>pro</span> <span class='ocrx_word' id='word_1_56' title='bbox 1581 2426 1694 2501; x_wconf 86' lang='lat' dir='ltr'>altera</span> <span class='ocrx_word' id='word_1_57' title='bbox 1719 2446 1804 2501; x_wconf 83' lang='lat' dir='ltr'>vero</span> <span class='ocrx_word' id='word_1_58' title='bbox 1829 2428 1864 2499; x_wconf 93' lang='lat' dir='ltr'>in</span> 
     </span>
     <span class='ocr_line' id='line_1_8' title="bbox 320 2546 1804 2643; baseline -0.003 -21"><span class='ocrx_word' id='word_1_59' title='bbox 320 2549 692 2643; x_wconf 85' lang='lat' dir='ltr'>Raphalouicze,</span> <span class='ocrx_word' id='word_1_60' title='bbox 720 2546 1245 2621; x_wconf 87' lang='lat' dir='ltr'>cuiusvaloraestimaturad</span> <span class='ocrx_word' id='word_1_61' title='bbox 1263 2600 1378 2618; x_wconf 91' lang='grc'><strong>.....</strong></span> <span class='ocrx_word' id='word_1_62' title='bbox 1705 2548 1735 2577; x_wconf 88' lang='grc'>··</span> <span class='ocrx_word' id='word_1_63' title='bbox 1802 2564 1804 2569; x_wconf 93' lang='grc'><strong><em>·</em></strong></span> 
     </span>
     <span class='ocr_line' id='line_1_9' title="bbox 423 2666 1866 2760; baseline -0.001 -20"><span class='ocrx_word' id='word_1_64' title='bbox 423 2670 708 2760; x_wconf 81' lang='lat' dir='ltr'>Pumrnowrczn,</span> <span class='ocrx_word' id='word_1_65' title='bbox 734 2668 818 2740; x_wconf 89' lang='lat' dir='ltr'>villa</span> <span class='ocrx_word' id='word_1_66' title='bbox 835 2668 898 2740; x_wconf 91' lang='lat' dir='ltr'>sub</span> <span class='ocrx_word' id='word_1_67' title='bbox 916 2668 1082 2759; x_wconf 89' lang='lat' dir='ltr'>parochia</span> <span class='ocrx_word' id='word_1_68' title='bbox 1108 2668 1152 2739; x_wconf 93' lang='lat' dir='ltr'>de</span> <span class='ocrx_word' id='word_1_69' title='bbox 1178 2667 1559 2759; x_wconf 79' lang='lat' dir='ltr'>Raphalouicze</span> <span class='ocrx_word' id='word_1_70' title='bbox 1553 2668 1637 2759; x_wconf 65' lang='lat' dir='ltr'>sita</span> <span class='ocrx_word' id='word_1_71' title='bbox 1669 2624 1866 2740; x_wconf 83' lang='lat' dir='ltr'>cuiuuhae·</span> 
     </span>
    </p>
   </div>
   <div class='ocr_carea' id='block_1_3' title="bbox 184 2786 1866 2903">
    <p class='ocr_par' dir='ltr' id='par_1_3' title="bbox 184 2786 1866 2903">
     <span class='ocr_line' id='line_1_10' title="bbox 184 2786 1866 2903; baseline -0.002 -41"><span class='ocrx_word' id='word_1_72' title='bbox 184 2866 188 2871; x_wconf 74' lang='grc'>,</span> <span class='ocrx_word' id='word_1_73' title='bbox 321 2812 378 2862; x_wconf 91' lang='lat' dir='ltr'>res</span> <span class='ocrx_word' id='word_1_74' title='bbox 404 2790 567 2863; x_wconf 91' lang='lat' dir='ltr'>Nicolaus</span> <span class='ocrx_word' id='word_1_75' title='bbox 593 2788 707 2861; x_wconf 83' lang='lat' dir='ltr'>Goth</span> <span class='ocrx_word' id='word_1_76' title='bbox 734 2788 776 2860; x_wconf 91' lang='lat' dir='ltr'>de</span> <span class='ocrx_word' id='word_1_77' title='bbox 802 2788 904 2878; x_wconf 76' lang='lat' dir='ltr'>domo·</span> <span class='ocrx_word' id='word_1_78' title='bbox 930 2787 1125 2879; x_wconf 83' lang='lat' dir='ltr'>Pylawa</span> <span class='ocrx_word' id='word_1_79' title='bbox 1150 2787 1192 2858; x_wconf 95' lang='lat' dir='ltr'>In</span> <span class='ocrx_word' id='word_1_80' title='bbox 1211 2808 1280 2879; x_wconf 86' lang='lat' dir='ltr'>qua</span> <span class='ocrx_word' id='word_1_81' title='bbox 1298 2792 1380 2865; x_wconf 83' lang='lat' dir='ltr'>sunt</span> <span class='ocrx_word' id='word_1_82' title='bbox 1395 2787 1487 2859; x_wconf 88' lang='lat' dir='ltr'>lanei</span> <span class='ocrx_word' id='word_1_83' title='bbox 1514 2786 1772 2903; x_wconf 72' lang='lat' dir='ltr'>methonules,</span> <span class='ocrx_word' id='word_1_84' title='bbox 1786 2788 1866 2859; x_wconf 90' lang='lat' dir='ltr'>item</span> 
     </span>
    </p>
   </div>
   <div class='ocr_carea' id='block_1_4' title="bbox 265 2904 1877 5870">
    <p class='ocr_par' dir='ltr' id='par_1_4' title="bbox 321 2904 1868 3133">
     <span class='ocr_line' id='line_1_11' title="bbox 321 2904 1868 3002; baseline -0.001 -20"><span class='ocrx_word' id='word_1_85' title='bbox 321 2911 500 3002; x_wconf 83' lang='lat' dir='ltr'>praedium</span> <span class='ocrx_word' id='word_1_86' title='bbox 525 2910 685 2999; x_wconf 89' lang='lat' dir='ltr'>militare,</span> <span class='ocrx_word' id='word_1_87' title='bbox 713 2908 756 2980; x_wconf 90' lang='lat' dir='ltr'>de</span> <span class='ocrx_word' id='word_1_88' title='bbox 784 2909 908 3000; x_wconf 88' lang='lat' dir='ltr'>quihus</span> <span class='ocrx_word' id='word_1_89' title='bbox 935 2908 1094 2981; x_wconf 88' lang='lat' dir='ltr'>omnibns</span> <span class='ocrx_word' id='word_1_90' title='bbox 1121 2908 1268 2981; x_wconf 83' lang='lat' dir='ltr'>soluitur</span> <span class='ocrx_word' id='word_1_91' title='bbox 1294 2904 1429 2981; x_wconf 88' lang='lat' dir='ltr'>decima</span> <span class='ocrx_word' id='word_1_92' title='bbox 1453 2906 1679 2998; x_wconf 81' lang='lat' dir='ltr'>manipularis</span> <span class='ocrx_word' id='word_1_93' title='bbox 1693 2910 1744 2980; x_wconf 86' lang='lat' dir='ltr'>&#39;et</span> <span class='ocrx_word' id='word_1_94' title='bbox 1768 2926 1868 2981; x_wconf 85' lang='lat' dir='ltr'>cana·</span> 
     </span>
     <span class='ocr_line' id='line_1_12' title="bbox 324 3028 1659 3133; baseline -0.003 -30"><span class='ocrx_word' id='word_1_95' title='bbox 324 3032 411 3123; x_wconf 90' lang='lat' dir='ltr'>palis</span> <span class='ocrx_word' id='word_1_96' title='bbox 438 3031 602 3103; x_wconf 86' lang='lat' dir='ltr'>ecclesiae</span> <span class='ocrx_word' id='word_1_97' title='bbox 629 3031 665 3099; x_wconf 94' lang='lat' dir='ltr'>in</span> <span class='ocrx_word' id='word_1_98' title='bbox 692 3028 1040 3119; x_wconf 80' lang='lat' dir='ltr'>Przemaukouu,</span> <span class='ocrx_word' id='word_1_99' title='bbox 1067 3035 1105 3101; x_wconf 92' lang='lat' dir='ltr'>et</span> <span class='ocrx_word' id='word_1_100' title='bbox 1130 3028 1228 3100; x_wconf 84' lang='lat' dir='ltr'>valor</span> <span class='ocrx_word' id='word_1_101' title='bbox 1254 3029 1329 3100; x_wconf 91' lang='lat' dir='ltr'>eius</span> <span class='ocrx_word' id='word_1_102' title='bbox 1355 3029 1562 3133; x_wconf 74' lang='lat' dir='ltr'>aestimatur</span> <span class='ocrx_word' id='word_1_103' title='bbox 1585 3028 1659 3129; x_wconf 85' lang='lat' dir='ltr'>ad.</span> 
     </span>
    </p>

    <p class='ocr_par' dir='ltr' id='par_1_5' title="bbox 319 3148 1871 3719">
     <span class='ocr_line' id='line_1_13' title="bbox 431 3148 1871 3245; baseline -0.002 -23"><span class='ocrx_word' id='word_1_104' title='bbox 431 3151 795 3239; x_wconf 80' lang='lat' dir='ltr'>Rucnwuuowrczn,</span> <span class='ocrx_word' id='word_1_105' title='bbox 831 3149 915 3221; x_wconf 85' lang='lat' dir='ltr'>villa</span> <span class='ocrx_word' id='word_1_106' title='bbox 953 3149 1086 3220; x_wconf 88' lang='lat' dir='ltr'>hahens</span> <span class='ocrx_word' id='word_1_107' title='bbox 1120 3150 1157 3219; x_wconf 94' lang='lat' dir='ltr'>in</span> <span class='ocrx_word' id='word_1_108' title='bbox 1184 3168 1222 3220; x_wconf 90' lang='lat' dir='ltr'>se</span> <span class='ocrx_word' id='word_1_109' title='bbox 1256 3148 1490 3245; x_wconf 79' lang='lat' dir='ltr'>parochialem</span> <span class='ocrx_word' id='word_1_110' title='bbox 1514 3148 1704 3221; x_wconf 85' lang='lat' dir='ltr'>ecclesiam</span> <span class='ocrx_word' id='word_1_111' title='bbox 1732 3200 1871 3219; x_wconf 92' lang='grc'><strong>......</strong></span> 
     </span>
     <span class='ocr_line' id='line_1_14' title="bbox 325 3250 1870 3363; baseline -0.001 -21"><span class='ocrx_word' id='word_1_112' title='bbox 325 3273 421 3342; x_wconf 86' lang='lat' dir='ltr'>cuius</span> <span class='ocrx_word' id='word_1_113' title='bbox 439 3268 730 3342; x_wconf 87' lang='lat' dir='ltr'>haeresThomas</span> <span class='ocrx_word' id='word_1_114' title='bbox 756 3269 1134 3360; x_wconf 86' lang='lat' dir='ltr'>Raehwalowaky</span> <span class='ocrx_word' id='word_1_115' title='bbox 1160 3250 1323 3341; x_wconf 77' lang='lat' dir='ltr'>dedomo</span> <span class='ocrx_word' id='word_1_116' title='bbox 1351 3265 1603 3361; x_wconf 80' lang='lat' dir='ltr'>Grzymala</span> <span class='ocrx_word' id='word_1_117' title='bbox 1628 3268 1870 3363; x_wconf 76' lang='lat' dir='ltr'>lnquasnnt</span> 
     </span>
     <span class='ocr_line' id='line_1_15' title="bbox 321 3386 1870 3479; baseline -0.002 -17"><span class='ocrx_word' id='word_1_118' title='bbox 321 3392 412 3462; x_wconf 90' lang='lat' dir='ltr'>lanei</span> <span class='ocrx_word' id='word_1_119' title='bbox 439 3390 688 3479; x_wconf 87' lang='lat' dir='ltr'>emethonales,</span> <span class='ocrx_word' id='word_1_120' title='bbox 714 3390 798 3460; x_wconf 89' lang='lat' dir='ltr'>item</span> <span class='ocrx_word' id='word_1_121' title='bbox 824 3389 1062 3479; x_wconf 78' lang='lat' dir='ltr'>hamularius,</span> <span class='ocrx_word' id='word_1_122' title='bbox 1098 3389 1142 3461; x_wconf 90' lang='lat' dir='ltr'>de</span> <span class='ocrx_word' id='word_1_123' title='bbox 1169 3388 1294 3479; x_wconf 84' lang='lat' dir='ltr'>quihus</span> <span class='ocrx_word' id='word_1_124' title='bbox 1322 3386 1480 3460; x_wconf 88' lang='lat' dir='ltr'>omuibu&#39;s</span> <span class='ocrx_word' id='word_1_125' title='bbox 1502 3388 1654 3461; x_wconf 78' lang='lat' dir='ltr'>scimur</span> <span class='ocrx_word' id='word_1_126' title='bbox 1679 3392 1718 3460; x_wconf 89' lang='lat' dir='ltr'>et</span> <span class='ocrx_word' id='word_1_127' title='bbox 1743 3386 1870 3461; x_wconf 85' lang='lat' dir='ltr'>condu-</span> 
     </span>
     <span class='ocr_line' id='line_1_16' title="bbox 319 3506 1867 3599; baseline -0.003 -16"><span class='ocrx_word' id='word_1_128' title='bbox 319 3512 410 3583; x_wconf 87' lang='lat' dir='ltr'>oitur</span> <span class='ocrx_word' id='word_1_129' title='bbox 436 3511 568 3583; x_wconf 89' lang='lat' dir='ltr'>decima</span> <span class='ocrx_word' id='word_1_130' title='bbox 593 3509 819 3599; x_wconf 85' lang='lat' dir='ltr'>manipularis</span> <span class='ocrx_word' id='word_1_131' title='bbox 845 3514 881 3580; x_wconf 91' lang='lat' dir='ltr'>et</span> <span class='ocrx_word' id='word_1_132' title='bbox 898 3509 1072 3599; x_wconf 89' lang='lat' dir='ltr'>canapalis</span> <span class='ocrx_word' id='word_1_133' title='bbox 1087 3509 1264 3580; x_wconf 84' lang='lat' dir='ltr'>ecelesiae</span> <span class='ocrx_word' id='word_1_134' title='bbox 1289 3509 1326 3579; x_wconf 92' lang='lat' dir='ltr'>in</span> <span class='ocrx_word' id='word_1_135' title='bbox 1352 3506 1867 3599; x_wconf 61' lang='lat' dir='ltr'>Przemanhow,‚praeter</span> 
     </span>
     <span class='ocr_line' id='line_1_17' title="bbox 321 3627 1795 3719; baseline -0.001 -18"><span class='ocrx_word' id='word_1_136' title='bbox 321 3630 407 3703; x_wconf 93' lang='lat' dir='ltr'>duos</span> <span class='ocrx_word' id='word_1_137' title='bbox 435 3630 553 3702; x_wconf 89' lang='lat' dir='ltr'>laneos</span> <span class='ocrx_word' id='word_1_138' title='bbox 581 3629 833 3717; x_wconf 90' lang='lat' dir='ltr'>cmethonales,</span> <span class='ocrx_word' id='word_1_139' title='bbox 859 3628 902 3699; x_wconf 90' lang='lat' dir='ltr'>de</span> <span class='ocrx_word' id='word_1_140' title='bbox 929 3629 1053 3719; x_wconf 90' lang='lat' dir='ltr'>quibus</span> <span class='ocrx_word' id='word_1_141' title='bbox 1081 3627 1273 3700; x_wconf 83' lang='lat' dir='ltr'>decimatur</span> <span class='ocrx_word' id='word_1_142' title='bbox 1299 3628 1335 3698; x_wconf 95' lang='lat' dir='ltr'>in</span> <span class='ocrx_word' id='word_1_143' title='bbox 1361 3627 1730 3719; x_wconf 79' lang='lat' dir='ltr'>Raphalowicze.</span> <span class='ocrx_word' id='word_1_144' title='bbox 1793 3670 1795 3675; x_wconf 94' lang='lat'>·</span> 
     </span>
    </p>

    <p class='ocr_par' dir='ltr' id='par_1_6' title="bbox 319 3734 1870 4305">
     <span class='ocr_line' id='line_1_18' title="bbox 423 3734 1868 3840; baseline -0.002 -18"><span class='ocrx_word' id='word_1_145' title='bbox 423 3749 660 3840; x_wconf 70' lang='lat' dir='ltr'>Jnnown&#39;urr,</span> <span class='ocrx_word' id='word_1_146' title='bbox 686 3749 770 3820; x_wconf 87' lang='lat' dir='ltr'>villa</span> <span class='ocrx_word' id='word_1_147' title='bbox 788 3749 852 3821; x_wconf 90' lang='lat' dir='ltr'>sub</span> <span class='ocrx_word' id='word_1_148' title='bbox 869 3748 1035 3839; x_wconf 89' lang='lat' dir='ltr'>parochia</span> <span class='ocrx_word' id='word_1_149' title='bbox 1054 3748 1096 3818; x_wconf 91' lang='lat' dir='ltr'>de</span> <span class='ocrx_word' id='word_1_150' title='bbox 1113 3747 1629 3839; x_wconf 85' lang='lat' dir='ltr'>Dzyethrzychowycze</span> <span class='ocrx_word' id='word_1_151' title='bbox 1654 3746 1742 3839; x_wconf 86' lang='lat' dir='ltr'>sita,</span> <span class='ocrx_word' id='word_1_152' title='bbox 1766 3734 1868 3819; x_wconf 61' lang='lat' dir='ltr'>&#39;cuins</span> 
     </span>
     <span class='ocr_line' id='line_1_19' title="bbox 320 3865 1867 3960; baseline -0.002 -18"><span class='ocrx_word' id='word_1_153' title='bbox 320 3873 443 3942; x_wconf 87' lang='lat' dir='ltr'>haeres</span> <span class='ocrx_word' id='word_1_154' title='bbox 470 3868 662 3942; x_wconf 88' lang='lat' dir='ltr'>Stanislaus</span> <span class='ocrx_word' id='word_1_155' title='bbox 687 3867 717 3939; x_wconf 95' lang='lat' dir='ltr'>P</span> <span class='ocrx_word' id='word_1_156' title='bbox 725 3869 960 3960; x_wconf 74' lang='lat' dir='ltr'>yenyazek</span> <span class='ocrx_word' id='word_1_157' title='bbox 995 3868 1037 3939; x_wconf 92' lang='lat' dir='ltr'>de</span> <span class='ocrx_word' id='word_1_158' title='bbox 1064 3867 1166 3940; x_wconf 92' lang='lat' dir='ltr'>domo</span> <span class='ocrx_word' id='word_1_159' title='bbox 1193 3865 1424 3959; x_wconf 81' lang='lat' dir='ltr'>Gyelitha</span> <span class='ocrx_word' id='word_1_160' title='bbox 1463 3868 1505 3939; x_wconf 93' lang='lat' dir='ltr'>ln</span> <span class='ocrx_word' id='word_1_161' title='bbox 1530 3887 1600 3959; x_wconf 87' lang='lat' dir='ltr'>qua</span> <span class='ocrx_word' id='word_1_162' title='bbox 1625 3872 1867 3958; x_wconf 82' lang='lat' dir='ltr'>sunt‘septem</span> 
     </span>
     <span class='ocr_line' id='line_1_20' title="bbox 319 3986 1869 4080; baseline -0.001 -19"><span class='ocrx_word' id='word_1_163' title='bbox 319 3992 411 4062; x_wconf 88' lang='lat' dir='ltr'>lanei</span> <span class='ocrx_word' id='word_1_164' title='bbox 439 3990 685 4080; x_wconf 88' lang='lat' dir='ltr'>emethonales,</span> <span class='ocrx_word' id='word_1_165' title='bbox 720 3989 805 4062; x_wconf 90' lang='lat' dir='ltr'>item</span> <span class='ocrx_word' id='word_1_166' title='bbox 831 3989 1011 4080; x_wconf 90' lang='lat' dir='ltr'>praedium</span> <span class='ocrx_word' id='word_1_167' title='bbox 1038 3988 1208 4080; x_wconf 91' lang='lat' dir='ltr'>militare,</span> <span class='ocrx_word' id='word_1_168' title='bbox 1245 3988 1440 4080; x_wconf 86' lang='lat' dir='ltr'>dequibus</span> <span class='ocrx_word' id='word_1_169' title='bbox 1471 3986 1629 4061; x_wconf 88' lang='lat' dir='ltr'>omnibus</span> <span class='ocrx_word' id='word_1_170' title='bbox 1656 3986 1807 4061; x_wconf 83' lang='lat' dir='ltr'>solvitur</span> <span class='ocrx_word' id='word_1_171' title='bbox 1832 3992 1869 4059; x_wconf 91' lang='lat' dir='ltr'>et</span> 
     </span>
     <span class='ocr_line' id='line_1_21' title="bbox 319 4107 1870 4203; baseline -0.001 -20"><span class='ocrx_word' id='word_1_172' title='bbox 319 4111 523 4184; x_wconf 89' lang='lat' dir='ltr'>conducitur</span> <span class='ocrx_word' id='word_1_173' title='bbox 557 4111 691 4182; x_wconf 90' lang='lat' dir='ltr'>decima</span> <span class='ocrx_word' id='word_1_174' title='bbox 724 4109 949 4202; x_wconf 89' lang='lat' dir='ltr'>manipularis</span> <span class='ocrx_word' id='word_1_175' title='bbox 983 4114 1020 4181; x_wconf 89' lang='lat' dir='ltr'>ct</span> <span class='ocrx_word' id='word_1_176' title='bbox 1045 4108 1221 4203; x_wconf 86' lang='lat' dir='ltr'>canapalis</span> <span class='ocrx_word' id='word_1_177' title='bbox 1256 4108 1423 4181; x_wconf 88' lang='lat' dir='ltr'>ecclesiae</span> <span class='ocrx_word' id='word_1_178' title='bbox 1457 4109 1494 4181; x_wconf 92' lang='lat' dir='ltr'>iu</span> <span class='ocrx_word' id='word_1_179' title='bbox 1529 4107 1870 4197; x_wconf 82' lang='lat' dir='ltr'>Przemaukou,</span> 
     </span>
     <span class='ocr_line' id='line_1_22' title="bbox 321 4232 712 4305; baseline -0.005 -2"><span class='ocrx_word' id='word_1_180' title='bbox 321 4232 419 4304; x_wconf 87' lang='lat' dir='ltr'>cuius</span> <span class='ocrx_word' id='word_1_181' title='bbox 445 4233 544 4305; x_wconf 88' lang='lat' dir='ltr'>valor</span> <span class='ocrx_word' id='word_1_182' title='bbox 572 4285 712 4303; x_wconf 90' lang='grc'><strong>......</strong></span> 
     </span>
    </p>

    <p class='ocr_par' dir='ltr' id='par_1_7' title="bbox 265 4345 1870 4803">
     <span class='ocr_line' id='line_1_23' title="bbox 424 4345 1870 4441; baseline -0.003 -19"><span class='ocrx_word' id='word_1_183' title='bbox 424 4351 624 4441; x_wconf 82' lang='lat' dir='ltr'>Brczuczn,</span> <span class='ocrx_word' id='word_1_184' title='bbox 659 4349 743 4422; x_wconf 86' lang='lat' dir='ltr'>villa</span> <span class='ocrx_word' id='word_1_185' title='bbox 767 4351 832 4422; x_wconf 92' lang='lat' dir='ltr'>sub</span> <span class='ocrx_word' id='word_1_186' title='bbox 858 4351 1025 4441; x_wconf 88' lang='lat' dir='ltr'>parochia</span> <span class='ocrx_word' id='word_1_187' title='bbox 1050 4350 1095 4421; x_wconf 94' lang='lat' dir='ltr'>de</span> <span class='ocrx_word' id='word_1_188' title='bbox 1123 4402 1211 4420; x_wconf 90' lang='lat'><strong>....</strong></span> <span class='ocrx_word' id='word_1_189' title='bbox 1238 4350 1324 4437; x_wconf 88' lang='lat' dir='ltr'>sita,</span> <span class='ocrx_word' id='word_1_190' title='bbox 1350 4347 1448 4419; x_wconf 75' lang='lat' dir='ltr'>cuium</span> <span class='ocrx_word' id='word_1_191' title='bbox 1474 4346 1671 4439; x_wconf 85' lang='lat' dir='ltr'>proprietas</span> <span class='ocrx_word' id='word_1_192' title='bbox 1695 4350 1736 4417; x_wconf 89' lang='lat' dir='ltr'>et</span> <span class='ocrx_word' id='word_1_193' title='bbox 1759 4345 1870 4419; x_wconf 91' lang='lat' dir='ltr'>dorni-</span> 
     </span>
     <span class='ocr_line' id='line_1_24' title="bbox 265 4467 1869 4560; baseline -0.004 -14"><span class='ocrx_word' id='word_1_194' title='bbox 265 4542 268 4547; x_wconf 82' lang='lat'><em>.</em></span> <span class='ocrx_word' id='word_1_195' title='bbox 319 4472 414 4542; x_wconf 92' lang='lat' dir='ltr'>nium</span> <span class='ocrx_word' id='word_1_196' title='bbox 441 4470 486 4541; x_wconf 89' lang='lat' dir='ltr'>ud</span> <span class='ocrx_word' id='word_1_197' title='bbox 512 4471 768 4542; x_wconf 90' lang='lat' dir='ltr'>serenissimum</span> <span class='ocrx_word' id='word_1_198' title='bbox 794 4469 960 4541; x_wconf 90' lang='lat' dir='ltr'>Poloniae</span> <span class='ocrx_word' id='word_1_199' title='bbox 986 4491 1104 4560; x_wconf 84' lang='lat' dir='ltr'>regem</span> <span class='ocrx_word' id='word_1_200' title='bbox 1129 4470 1290 4560; x_wconf 82' lang='lat' dir='ltr'>pertinet</span> <span class='ocrx_word' id='word_1_201' title='bbox 1330 4468 1371 4539; x_wconf 94' lang='lat' dir='ltr'>In</span> <span class='ocrx_word' id='word_1_202' title='bbox 1394 4488 1464 4558; x_wconf 86' lang='lat' dir='ltr'>qua</span> <span class='ocrx_word' id='word_1_203' title='bbox 1488 4471 1576 4539; x_wconf 91' lang='lat' dir='ltr'>sunt·</span> <span class='ocrx_word' id='word_1_204' title='bbox 1593 4467 1687 4539; x_wconf 90' lang='lat' dir='ltr'>lanei</span> <span class='ocrx_word' id='word_1_205' title='bbox 1714 4468 1869 4539; x_wconf 85' lang='lat' dir='ltr'>emethe-</span> 
     </span>
     <span class='ocr_line' id='line_1_25' title="bbox 321 4587 1867 4682; baseline -0.003 -19"><span class='ocrx_word' id='word_1_206' title='bbox 321 4592 436 4682; x_wconf 90' lang='lat' dir='ltr'>nales,</span> <span class='ocrx_word' id='word_1_207' title='bbox 462 4592 544 4662; x_wconf 91' lang='lat' dir='ltr'>item</span> <span class='ocrx_word' id='word_1_208' title='bbox 562 4591 741 4681; x_wconf 90' lang='lat' dir='ltr'>praedium</span> <span class='ocrx_word' id='word_1_209' title='bbox 759 4590 911 4680; x_wconf 77' lang='lat' dir='ltr'>regium,</span> <span class='ocrx_word' id='word_1_210' title='bbox 930 4591 973 4661; x_wconf 90' lang='lat' dir='ltr'>do</span> <span class='ocrx_word' id='word_1_211' title='bbox 992 4591 1116 4681; x_wconf 90' lang='lat' dir='ltr'>quibus</span> <span class='ocrx_word' id='word_1_212' title='bbox 1139 4590 1287 4662; x_wconf 82' lang='lat' dir='ltr'>solvitur</span> <span class='ocrx_word' id='word_1_213' title='bbox 1304 4587 1439 4660; x_wconf 88' lang='lat' dir='ltr'>decima</span> <span class='ocrx_word' id='word_1_214' title='bbox 1454 4587 1681 4679; x_wconf 86' lang='lat' dir='ltr'>manipularis</span> <span class='ocrx_word' id='word_1_215' title='bbox 1699 4587 1867 4660; x_wconf 89' lang='lat' dir='ltr'>ecclesiae</span> 
     </span>
     <span class='ocr_line' id='line_1_26' title="bbox 319 4698 1621 4803; baseline -0.004 -20"><span class='ocrx_word' id='word_1_216' title='bbox 319 4712 357 4783; x_wconf 93' lang='lat' dir='ltr'>in</span> <span class='ocrx_word' id='word_1_217' title='bbox 382 4711 724 4802; x_wconf 84' lang='lat' dir='ltr'>Przenuankow,</span> <span class='ocrx_word' id='word_1_218' title='bbox 751 4710 847 4781; x_wconf 87' lang='lat' dir='ltr'>euius</span> <span class='ocrx_word' id='word_1_219' title='bbox 873 4711 972 4781; x_wconf 88' lang='lat' dir='ltr'>valor</span> <span class='ocrx_word' id='word_1_220' title='bbox 998 4710 1043 4782; x_wconf 91' lang='lat' dir='ltr'>ad</span> <span class='ocrx_word' id='word_1_221' title='bbox 1070 4710 1220 4803; x_wconf 86' lang='lat' dir='ltr'>quatudr</span> <span class='ocrx_word' id='word_1_222' title='bbox 1245 4730 1380 4781; x_wconf 88' lang='lat' dir='ltr'>mareas</span> <span class='ocrx_word' id='word_1_223' title='bbox 1407 4698 1621 4781; x_wconf 84' lang='lat' dir='ltr'>aestimatur.</span> 
     </span>
    </p>

    <p class='ocr_par' dir='ltr' id='par_1_8' title="bbox 320 4828 1875 5383">
     <span class='ocr_line' id='line_1_27' title="bbox 347 4828 1871 4921; baseline -0.001 -19"><span class='ocrx_word' id='word_1_224' title='bbox 347 4862 352 4871; x_wconf 89' lang='lat'>·</span> <span class='ocrx_word' id='word_1_225' title='bbox 423 4831 725 4921; x_wconf 77' lang='lat' dir='ltr'>Pronnowrczn,</span> <span class='ocrx_word' id='word_1_226' title='bbox 749 4831 833 4902; x_wconf 88' lang='lat' dir='ltr'>villa</span> <span class='ocrx_word' id='word_1_227' title='bbox 860 4831 924 4902; x_wconf 86' lang='lat' dir='ltr'>sub</span> <span class='ocrx_word' id='word_1_228' title='bbox 946 4831 1114 4921; x_wconf 90' lang='lat' dir='ltr'>parochia</span> <span class='ocrx_word' id='word_1_229' title='bbox 1140 4830 1183 4901; x_wconf 90' lang='lat' dir='ltr'>de</span> <span class='ocrx_word' id='word_1_230' title='bbox 1201 4829 1527 4903; x_wconf 83' lang='lat' dir='ltr'>Przemunkow</span> <span class='ocrx_word' id='word_1_231' title='bbox 1553 4828 1639 4919; x_wconf 85' lang='lat' dir='ltr'>sita,</span> <span class='ocrx_word' id='word_1_232' title='bbox 1666 4828 1763 4900; x_wconf 85' lang='lat' dir='ltr'>cuius</span> <span class='ocrx_word' id='word_1_233' title='bbox 1790 4848 1871 4919; x_wconf 74' lang='lat' dir='ltr'>pro</span> 
     </span>
     <span class='ocr_line' id='line_1_28' title="bbox 320 4948 1871 5044; baseline -0.003 -21"><span class='ocrx_word' id='word_1_234' title='bbox 320 4954 450 5044; x_wconf 84' lang='lat' dir='ltr'>prietes</span> <span class='ocrx_word' id='word_1_235' title='bbox 476 4958 511 5024; x_wconf 91' lang='lat' dir='ltr'>et</span> <span class='ocrx_word' id='word_1_236' title='bbox 534 4951 721 5024; x_wconf 90' lang='lat' dir='ltr'>dominium</span> <span class='ocrx_word' id='word_1_237' title='bbox 748 4951 793 5024; x_wconf 90' lang='lat' dir='ltr'>ad</span> <span class='ocrx_word' id='word_1_238' title='bbox 822 4952 1080 5024; x_wconf 88' lang='lat' dir='ltr'>serenissimum</span> <span class='ocrx_word' id='word_1_239' title='bbox 1097 4949 1264 5024; x_wconf 84' lang='lat' dir='ltr'>Poloniae</span> <span class='ocrx_word' id='word_1_240' title='bbox 1289 4969 1408 5040; x_wconf 82' lang='lat' dir='ltr'>regem</span> <span class='ocrx_word' id='word_1_241' title='bbox 1434 4948 1597 5040; x_wconf 86' lang='lat' dir='ltr'>pertinet</span> <span class='ocrx_word' id='word_1_242' title='bbox 1635 4948 1677 5035; x_wconf 89' lang='lat' dir='ltr'>In</span> <span class='ocrx_word' id='word_1_243' title='bbox 1703 4968 1775 5039; x_wconf 83' lang='lat' dir='ltr'>qua</span> <span class='ocrx_word' id='word_1_244' title='bbox 1801 4968 1871 5020; x_wconf 95' lang='lat' dir='ltr'>non</span> 
     </span>
     <span class='ocr_line' id='line_1_29' title="bbox 320 5068 1875 5163; baseline -0.003 -19"><span class='ocrx_word' id='word_1_245' title='bbox 320 5078 402 5146; x_wconf 90' lang='lat' dir='ltr'>sunt</span> <span class='ocrx_word' id='word_1_246' title='bbox 427 5072 539 5163; x_wconf 89' lang='lat' dir='ltr'>lanei,</span> <span class='ocrx_word' id='word_1_247' title='bbox 575 5073 685 5145; x_wconf 89' lang='lat' dir='ltr'>solum</span> <span class='ocrx_word' id='word_1_248' title='bbox 712 5073 931 5145; x_wconf 87' lang='lat' dir='ltr'>hortulaniae</span> <span class='ocrx_word' id='word_1_249' title='bbox 966 5068 1134 5143; x_wconf 87' lang='lat' dir='ltr'>hahentes</span> <span class='ocrx_word' id='word_1_250' title='bbox 1161 5092 1284 5162; x_wconf 77' lang='lat' dir='ltr'>agros,</span> <span class='ocrx_word' id='word_1_251' title='bbox 1318 5070 1363 5142; x_wconf 91' lang='lat' dir='ltr'>dc</span> <span class='ocrx_word' id='word_1_252' title='bbox 1390 5070 1515 5161; x_wconf 89' lang='lat' dir='ltr'>quihus</span> <span class='ocrx_word' id='word_1_253' title='bbox 1541 5069 1700 5142; x_wconf 91' lang='lat' dir='ltr'>omnibus</span> <span class='ocrx_word' id='word_1_254' title='bbox 1725 5068 1875 5141; x_wconf 81' lang='lat' dir='ltr'>solvitur</span> 
     </span>
     <span class='ocr_line' id='line_1_30' title="bbox 323 5176 1874 5287; baseline -0.001 -24"><span class='ocrx_word' id='word_1_255' title='bbox 323 5193 456 5263; x_wconf 88' lang='lat' dir='ltr'>decima</span> <span class='ocrx_word' id='word_1_256' title='bbox 482 5194 707 5287; x_wconf 88' lang='lat' dir='ltr'>manipularis</span> <span class='ocrx_word' id='word_1_257' title='bbox 734 5194 900 5265; x_wconf 90' lang='lat' dir='ltr'>ecclesiae</span> <span class='ocrx_word' id='word_1_258' title='bbox 936 5194 972 5263; x_wconf 93' lang='lat' dir='ltr'>in</span> <span class='ocrx_word' id='word_1_259' title='bbox 999 5191 1337 5281; x_wconf 86' lang='lat' dir='ltr'>Przemankow,</span> <span class='ocrx_word' id='word_1_260' title='bbox 1373 5194 1410 5263; x_wconf 88' lang='lat' dir='ltr'>et</span> <span class='ocrx_word' id='word_1_261' title='bbox 1435 5189 1534 5265; x_wconf 86' lang='lat' dir='ltr'>valor</span> <span class='ocrx_word' id='word_1_262' title='bbox 1562 5191 1641 5262; x_wconf 89' lang='lat' dir='ltr'>eius</span> <span class='ocrx_word' id='word_1_263' title='bbox 1656 5176 1874 5263; x_wconf 66' lang='lat' dir='ltr'>*aestimatur</span> 
     </span>
     <span class='ocr_line' id='line_1_31' title="bbox 325 5311 618 5383; baseline 0 0"><span class='ocrx_word' id='word_1_264' title='bbox 325 5311 371 5383; x_wconf 85' lang='lat' dir='ltr'>ad</span> <span class='ocrx_word' id='word_1_265' title='bbox 397 5365 618 5383; x_wconf 92' lang='grc'><strong>.........</strong></span> 
     </span>
    </p>

    <p class='ocr_par' dir='ltr' id='par_1_9' title="bbox 317 5429 1877 5870">
     <span class='ocr_line' id='line_1_32' title="bbox 439 5429 1877 5523; baseline -0.001 -21"><span class='ocrx_word' id='word_1_266' title='bbox 439 5431 687 5522; x_wconf 75' lang='lat' dir='ltr'>Sunnnrssrm,</span> <span class='ocrx_word' id='word_1_267' title='bbox 713 5433 796 5504; x_wconf 89' lang='lat' dir='ltr'>villa</span> <span class='ocrx_word' id='word_1_268' title='bbox 821 5434 885 5504; x_wconf 88' lang='lat' dir='ltr'>sub</span> <span class='ocrx_word' id='word_1_269' title='bbox 912 5432 1078 5523; x_wconf 80' lang='lat' dir='ltr'>parochia</span> <span class='ocrx_word' id='word_1_270' title='bbox 1103 5433 1146 5507; x_wconf 92' lang='lat' dir='ltr'>de</span> <span class='ocrx_word' id='word_1_271' title='bbox 1171 5432 1603 5519; x_wconf 79' lang='lat' dir='ltr'>Przemanhowuita,</span> <span class='ocrx_word' id='word_1_272' title='bbox 1629 5429 1727 5502; x_wconf 86' lang='lat' dir='ltr'>cuius</span> <span class='ocrx_word' id='word_1_273' title='bbox 1751 5431 1877 5502; x_wconf 89' lang='lat' dir='ltr'>haeres</span> 
     </span>
     <span class='ocr_line' id='line_1_33' title="bbox 319 5549 1872 5645; baseline -0.003 -20"><span class='ocrx_word' id='word_1_274' title='bbox 319 5607 437 5640; x_wconf 80' lang='grc'><strong>,...</strong></span> <span class='ocrx_word' id='word_1_275' title='bbox 463 5554 504 5625; x_wconf 93' lang='lat' dir='ltr'>In</span> <span class='ocrx_word' id='word_1_276' title='bbox 523 5574 591 5644; x_wconf 88' lang='lat' dir='ltr'>qua</span> <span class='ocrx_word' id='word_1_277' title='bbox 616 5559 672 5625; x_wconf 86' lang='lat' dir='ltr'>est</span> <span class='ocrx_word' id='word_1_278' title='bbox 697 5574 767 5624; x_wconf 91' lang='lat' dir='ltr'>una</span> <span class='ocrx_word' id='word_1_279' title='bbox 793 5552 958 5644; x_wconf 89' lang='lat' dir='ltr'>taberna,</span> <span class='ocrx_word' id='word_1_280' title='bbox 986 5555 1070 5625; x_wconf 88' lang='lat' dir='ltr'>item</span> <span class='ocrx_word' id='word_1_281' title='bbox 1097 5554 1165 5626; x_wconf 89' lang='lat' dir='ltr'>duo</span> <span class='ocrx_word' id='word_1_282' title='bbox 1194 5558 1321 5625; x_wconf 90' lang='lat' dir='ltr'>nautae</span> <span class='ocrx_word' id='word_1_283' title='bbox 1348 5553 1516 5645; x_wconf 85' lang='lat' dir='ltr'>hahentes</span> <span class='ocrx_word' id='word_1_284' title='bbox 1541 5570 1654 5641; x_wconf 78' lang='lat' dir='ltr'>agras,</span> <span class='ocrx_word' id='word_1_285' title='bbox 1680 5549 1872 5642; x_wconf 88' lang='lat' dir='ltr'>dequibus</span> 
     </span>
     <span class='ocr_line' id='line_1_34' title="bbox 317 5670 1871 5763; baseline -0.004 -16"><span class='ocrx_word' id='word_1_286' title='bbox 317 5677 458 5748; x_wconf 86' lang='lat' dir='ltr'>solvunt</span> <span class='ocrx_word' id='word_1_287' title='bbox 492 5674 659 5746; x_wconf 88' lang='lat' dir='ltr'>decimam</span> <span class='ocrx_word' id='word_1_288' title='bbox 694 5673 942 5763; x_wconf 89' lang='lat' dir='ltr'>manipularem</span> <span class='ocrx_word' id='word_1_289' title='bbox 976 5675 1140 5747; x_wconf 87' lang='lat' dir='ltr'>eeclesiae</span> <span class='ocrx_word' id='word_1_290' title='bbox 1175 5675 1211 5745; x_wconf 93' lang='lat' dir='ltr'>iu</span> <span class='ocrx_word' id='word_1_291' title='bbox 1254 5672 1599 5761; x_wconf 73' lang='lat' dir='ltr'>PrzemankoW,</span> <span class='ocrx_word' id='word_1_292' title='bbox 1635 5671 1733 5743; x_wconf 83' lang='lat' dir='ltr'>cuius</span> <span class='ocrx_word' id='word_1_293' title='bbox 1770 5670 1871 5744; x_wconf 76' lang='lat' dir='ltr'>vultu</span> 
     </span>
     <span class='ocr_line' id='line_1_35' title="bbox 319 5794 997 5870; baseline -0.012 0"><span class='ocrx_word' id='word_1_294' title='bbox 319 5797 524 5870; x_wconf 88' lang='lat' dir='ltr'>aestimatur</span> <span class='ocrx_word' id='word_1_295' title='bbox 550 5794 594 5866; x_wconf 89' lang='lat' dir='ltr'>ad</span> <span class='ocrx_word' id='word_1_296' title='bbox 623 5848 791 5865; x_wconf 91' lang='grc'><strong>.......</strong></span> <span class='ocrx_word' id='word_1_297' title='bbox 993 5808 997 5816; x_wconf 92' lang='grc'>·</span> 
     </span>
    </p>
   </div>
   <div class='ocr_carea' id='block_1_5' title="bbox 317 5913 1872 6613">
    <p class='ocr_par' dir='ltr' id='par_1_10' title="bbox 317 5913 1980 6362">
     <span class='ocr_line' id='line_1_36' title="bbox 420 5913 1872 6007; baseline -0.001 -19"><span class='ocrx_word' id='word_1_298' title='bbox 420 5917 683 6006; x_wconf 83' lang='lat' dir='ltr'>Srruuowncz,</span> <span class='ocrx_word' id='word_1_299' title='bbox 715 5914 799 5988; x_wconf 84' lang='lat' dir='ltr'>villa</span> <span class='ocrx_word' id='word_1_300' title='bbox 827 5917 891 5988; x_wconf 89' lang='lat' dir='ltr'>suh</span> <span class='ocrx_word' id='word_1_301' title='bbox 918 5917 1084 6007; x_wconf 89' lang='lat' dir='ltr'>parochia</span> <span class='ocrx_word' id='word_1_302' title='bbox 1121 5915 1164 5988; x_wconf 89' lang='lat' dir='ltr'>de</span> <span class='ocrx_word' id='word_1_303' title='bbox 1190 5915 1517 5987; x_wconf 85' lang='lat' dir='ltr'>Przemankow</span> <span class='ocrx_word' id='word_1_304' title='bbox 1542 5916 1628 6007; x_wconf 87' lang='lat' dir='ltr'>sita,</span> <span class='ocrx_word' id='word_1_305' title='bbox 1665 5913 1763 5986; x_wconf 90' lang='lat' dir='ltr'>cuius</span> <span class='ocrx_word' id='word_1_306' title='bbox 1789 5935 1872 6006; x_wconf 91' lang='lat' dir='ltr'>pro-</span> 
     </span>
     <span class='ocr_line' id='line_1_37' title="bbox 318 6034 1871 6128; baseline -0.001 -21"><span class='ocrx_word' id='word_1_307' title='bbox 318 6039 449 6128; x_wconf 84' lang='lat' dir='ltr'>prietes</span> <span class='ocrx_word' id='word_1_308' title='bbox 477 6036 522 6108; x_wconf 91' lang='lat' dir='ltr'>ad</span> <span class='ocrx_word' id='word_1_309' title='bbox 550 6037 807 6110; x_wconf 89' lang='lat' dir='ltr'>serenissimum</span> <span class='ocrx_word' id='word_1_310' title='bbox 833 6037 998 6110; x_wconf 89' lang='lat' dir='ltr'>Poloniae</span> <span class='ocrx_word' id='word_1_311' title='bbox 1032 6056 1150 6128; x_wconf 85' lang='lat' dir='ltr'>regem</span> <span class='ocrx_word' id='word_1_312' title='bbox 1177 6037 1338 6128; x_wconf 89' lang='lat' dir='ltr'>pertinet.</span> <span class='ocrx_word' id='word_1_313' title='bbox 1373 6037 1415 6107; x_wconf 92' lang='lat' dir='ltr'>In</span> <span class='ocrx_word' id='word_1_314' title='bbox 1442 6056 1511 6127; x_wconf 90' lang='lat' dir='ltr'>qua</span> <span class='ocrx_word' id='word_1_315' title='bbox 1536 6041 1592 6107; x_wconf 90' lang='lat' dir='ltr'>est</span> <span class='ocrx_word' id='word_1_316' title='bbox 1617 6034 1766 6109; x_wconf 85' lang='lat' dir='ltr'>taberna</span> <span class='ocrx_word' id='word_1_317' title='bbox 1787 6056 1871 6126; x_wconf 87' lang='lat' dir='ltr'>una,</span> 
     </span>
     <span class='ocr_line' id='line_1_38' title="bbox 317 6155 1871 6249; baseline -0.001 -20"><span class='ocrx_word' id='word_1_318' title='bbox 317 6158 402 6229; x_wconf 90' lang='lat' dir='ltr'>item</span> <span class='ocrx_word' id='word_1_319' title='bbox 429 6157 661 6228; x_wconf 89' lang='lat' dir='ltr'>molendinum</span> <span class='ocrx_word' id='word_1_320' title='bbox 690 6180 793 6229; x_wconf 91' lang='lat' dir='ltr'>unum</span> <span class='ocrx_word' id='word_1_321' title='bbox 820 6159 953 6230; x_wconf 88' lang='lat' dir='ltr'>habens</span> <span class='ocrx_word' id='word_1_322' title='bbox 980 6178 1084 6247; x_wconf 83' lang='lat' dir='ltr'>agros</span> <span class='ocrx_word' id='word_1_323' title='bbox 1111 6159 1156 6229; x_wconf 91' lang='lat' dir='ltr'>ad</span> <span class='ocrx_word' id='word_1_324' title='bbox 1175 6178 1252 6230; x_wconf 90' lang='lat' dir='ltr'>cam</span> <span class='ocrx_word' id='word_1_325' title='bbox 1278 6157 1469 6248; x_wconf 87' lang='lat' dir='ltr'>pertinens,</span> <span class='ocrx_word' id='word_1_326' title='bbox 1496 6156 1540 6229; x_wconf 91' lang='lat' dir='ltr'>de</span> <span class='ocrx_word' id='word_1_327' title='bbox 1567 6157 1692 6249; x_wconf 88' lang='lat' dir='ltr'>quibus</span> <span class='ocrx_word' id='word_1_328' title='bbox 1720 6155 1871 6229; x_wconf 89' lang='lat' dir='ltr'>decima·</span> 
     </span>
     <span class='ocr_line' id='line_1_39' title="bbox 317 6277 805 6350; baseline 0.005 0"><span class='ocrx_word' id='word_1_329' title='bbox 317 6278 413 6350; x_wconf 91' lang='lat' dir='ltr'>tur</span> <span class='ocrx_word' id='word_1_330' title='bbox 402 6299 439 6348; x_wconf 86' lang='lat' dir='ltr'>ru</span> <span class='ocrx_word' id='word_1_331' title='bbox 465 6277 805 6350; x_wconf 88' lang='lat' dir='ltr'>Przemaukow.</span> 
     </span>
    </p>

    <p class='ocr_par' dir='ltr' id='par_1_11' title="bbox 332 6396 1872 6613">
     <span class='ocr_line' id='line_1_40' title="bbox 424 6396 1872 6491; baseline 0.003 -25"><span class='ocrx_word' id='word_1_332' title='bbox 424 6396 699 6469; x_wconf 91' lang='lat' dir='ltr'>Molendiuum</span> <span class='ocrx_word' id='word_1_333' title='bbox 689 6419 725 6468; x_wconf 93' lang='lat' dir='ltr'>m</span> <span class='ocrx_word' id='word_1_334' title='bbox 742 6398 877 6490; x_wconf 81' lang='lat' dir='ltr'>Lauy</span> <span class='ocrx_word' id='word_1_335' title='bbox 904 6403 941 6471; x_wconf 90' lang='lat' dir='ltr'>et</span> <span class='ocrx_word' id='word_1_336' title='bbox 958 6399 1046 6471; x_wconf 89' lang='lat' dir='ltr'>duae</span> <span class='ocrx_word' id='word_1_337' title='bbox 1065 6398 1231 6471; x_wconf 87' lang='lat' dir='ltr'>tabernae</span> <span class='ocrx_word' id='word_1_338' title='bbox 1257 6403 1546 6491; x_wconf 75' lang='lat' dir='ltr'>persectantes,</span> <span class='ocrx_word' id='word_1_339' title='bbox 1572 6398 1740 6472; x_wconf 84' lang='lat' dir='ltr'>habentes</span> <span class='ocrx_word' id='word_1_340' title='bbox 1757 6417 1872 6490; x_wconf 87' lang='lat' dir='ltr'>agros,</span> 
     </span>
     <span class='ocr_line' id='line_1_41' title="bbox 332 6516 1872 6613; baseline 0.002 -24"><span class='ocrx_word' id='word_1_341' title='bbox 332 6518 375 6590; x_wconf 92' lang='lat' dir='ltr'>de</span> <span class='ocrx_word' id='word_1_342' title='bbox 395 6517 518 6611; x_wconf 89' lang='lat' dir='ltr'>quibus</span> <span class='ocrx_word' id='word_1_343' title='bbox 537 6518 683 6592; x_wconf 89' lang='lat' dir='ltr'>solvitur</span> <span class='ocrx_word' id='word_1_344' title='bbox 701 6516 834 6592; x_wconf 86' lang='lat' dir='ltr'>decima</span> <span class='ocrx_word' id='word_1_345' title='bbox 850 6520 1076 6613; x_wconf 86' lang='lat' dir='ltr'>manipularis</span> <span class='ocrx_word' id='word_1_346' title='bbox 1094 6524 1130 6592; x_wconf 94' lang='lat' dir='ltr'>et</span> <span class='ocrx_word' id='word_1_347' title='bbox 1143 6520 1318 6613; x_wconf 89' lang='lat' dir='ltr'>canapalis</span> <span class='ocrx_word' id='word_1_348' title='bbox 1337 6520 1501 6594; x_wconf 87' lang='lat' dir='ltr'>ecclesiae</span> <span class='ocrx_word' id='word_1_349' title='bbox 1518 6520 1555 6595; x_wconf 92' lang='lat' dir='ltr'>in</span> <span class='ocrx_word' id='word_1_350' title='bbox 1572 6518 1872 6597; x_wconf 84' lang='lat' dir='ltr'>Przcmankou.</span> 
     </span>
    </p>
   </div>
   <div class='ocr_carea' id='block_1_6' title="bbox 0 0 2106 8340">
    <p class='ocr_par' dir='ltr' id='par_1_12' title="bbox 0 0 2106 8340">
     <span class='ocr_line' id='line_1_42' title="bbox 0 0 2106 8340; baseline 0 0"><span class='ocrx_word' id='word_1_351' title='bbox 0 0 2106 8340; x_wconf 95' lang='lat' dir='ltr'> </span> 
     </span>
    </p>
   </div>
  </div>
 </body>
</html>
