4200 8342
1663 1702 1681 1739 ,
1733 1626 1805 1705 113

363 1827 674 1918 scammoneae,
710 1831 794 1901 villa
829 1833 892 1902 sub
920 1833 1087 1921 parocbia
1122 1834 1287 1904 ecclesiae
1323 1834 1366 1905 dc
1392 1833 1606 1928 Lubcaya
1642 1838 1727 1910 alias
1763 1839 1807 1910 de

255 1945 385 2020 Wola
410 1948 746 2021 Zakliczinslra
773 1952 848 2040 sita,
876 1954 973 2024 cuius
994 1955 1125 2027 baares
1151 1954 1363 2025 Zawischins
1389 1955 1432 2026 de
1459 1957 1807 2031 Dworziszowi-

257 2088 334 2140 cae
362 2089 437 2140 cum
464 2070 575 2142 tratre
601 2070 744 2143 Nicolao
781 2072 824 2143 de
851 2075 955 2144 armis
982 2073 1158 2159 Roszae
1194 2074 1350 2146 Albae.
1393 2076 1434 2149 In
1461 2097 1530 2167 qua
1554 2086 1645 2149 sunt
1672 2085 1805 2170 septem

255 2172 350 2261 lanei
377 2191 628 2281 emanueles,
664 2193 748 2263 item
776 2193 864 2264 duae
891 2195 1110 2267 hortulaniae
1137 2196 1304 2266 habentes
1331 2216 1448 2287 agros,
1476 2197 1518 2269 de
1546 2200 1671 2289 quibus
1698 2201 1806 2271 omni-

256 2311 322 2381 bns
350 2311 499 2384 solvitur
524 2317 561 2382 et
586 2313 790 2384 conducitur
827 2314 960 2386 decima
985 2315 1210 2405 manipularis
1242 2322 1278 2385 et
1305 2317 1479 2405 canapalis
1508 2300 1579 2407 'pro
1609 2320 1808 2409 praebenda

257 2429 486 2521 Wisliciensi‚
523 2452 611 2522 qnae
636 2440 782 2505 vocatur
808 2433 1094 2524 Widuchowska,
1131 2436 1227 2505 cuius
1253 2436 1353 2506 valor
1379 2437 1583 2507 aestimatur
1618 2438 1662 2508 ad
1689 2438 1807 2509 decom

257 2570 403 2625 marcas.
430 2553 518 2625 Item
546 2559 600 2625 est
626 2554 675 2625 ibi
701 2554 882 2644 praedium
909 2556 1059 2626 militare
1085 2556 1217 2627 babens
1245 2556 1279 2626 in
1307 2577 1344 2626 so
1371 2578 1432 2627 sex
1459 2557 1587 2648 laneos,
1614 2558 1656 2629 de
1684 2559 1807 2649 qnibus

258 2672 366 2743 datur
391 2673 525 2744 decima
552 2674 717 2750 ecclesiae
736 2680 773 2746 (1
789 2676 938 2765 plebano
965 2676 1000 2746 in
1027 2676 1424 2765 Dzyekanowioze
1451 2698 1560 2768 prope
1586 2678 1808 2768 Wyelicz-

259 2793 376 2882 kam,
403 2800 439 2864 et
464 2794 563 2866 valor
590 2796 664 2867 eius
691 2797 896 2869 aestimatur
923 2796 1113 2871 addacem
1140 2817 1283 2868 marcas.

363 2913 648 3006 Teznunscrnnq
675 2917 759 2991 nilla
785 2917 916 2988 habens
943 2915 1176 3007 parochialem
1204 2916 1382 2988 ecclesiam
1408 2918 1445 2988 in
1472 2939 1509 2989 se
1536 2919 1661 2990 Sancto
1688 2920 1804 2991 Lucae

260 3033 507 3124 Evangelistac
525 3036 683 3126 dicatam,
703 3039 799 3110 cuins
817 3037 1022 3109 haeredes...
1041 3037 1265 3109 Banowslr
1275 3059 1307 3127 y,
1325 3037 1514 3127 Procopius
1542 3039 1810 3130 Przyblrow-

260 3155 352 3246 sky.
378 3155 419 3226 In
447 3177 514 3246 qua
541 3164 623 3229 sunt
648 3157 740 3228 lanei
769 3159 1010 3247 cmethonaleS,
1038 3159 1120 3229 item
1147 3144 1335 3247 tabernae?
1350 3156 1434 3228 item
1460 3159 1699 3249 hortulaniae3
1725 3161 1809 3231 item

261 3277 407 3347 ecclesia
432 3283 469 3348 et
489 3278 657 3367 plebanus
684 3279 727 3349 de
750 3278 1149 3370 Dzyekanowicze
1177 3278 1283 3349 babet
1301 3281 1515 3351 cmethonem
1533 3302 1638 3351 unum
1665 3281 1724 3370 ibi,
1751 3281 1810 3371 qui

261 3396 418 3468 solvebat
436 3418 540 3469 unam
558 3420 765 3490 sexagenam
784 3400 972 3489 annuatim,
999 3400 1060 3471 sed
1088 3399 1190 3470 hodie
1217 3399 1389 3471 violenter
1416 3415 1480 3490 per
1497 3401 1646 3472 nobilem
1674 3401 1811 3472 Przib-

260 3517 449 3608 ko-wsk.y
476 3520 520 3590 ab
547 3520 693 3592 ecclesia
718 3521 888 3592 alienatus
915 3526 969 3592 est
996 3527 1032 3591 et
1059 3520 1266 3611 abstractae,
1294 3527 1330 3592 et
1347 3526 1534 3619 propterea
1558 3523 1726 3612 plebanus
1745 3542 1809 3612 pro

261 3637 319 3708 illo
347 3638 472 3728 litigat·
500 3641 635 3711 emetho
662 3646 778 3712 autem
805 3646 951 3712 vocatur
976 3639 1151 3711 Martinus
1170 3636 1441 3712 Warmusn·

366 3760 536 3850 Romnum,
563 3761 646 3831 villa
673 3763 736 3833 sub
755 3748 920 3852 parochia
946 3760 1112 3832 ecclesiae
1139 3761 1181 3832 de
1201 3761 1585 3853 Dzekanowyczo
1611 3762 1687 3852 sita
1715 3762 1812 3833 cuins

260 3880 429 3952 haeredes
456 3880 704 3960 Stanislauset
724 3882 902 3954 lohannes
928 3869 1391 3953 Marsalkowicze'de
1418 3882 1619 3953 Brzesz'e
1646 3884 1689 3952 de
1706 3884 1811 3953 armis

261 4000 450 4072 Zadora
494 3981 542 4072 In.
562 4023 630 4093 qua
657 4009 739 4074 sunt
774 4003 924 4093 quinque
962 4002 1054 4074 lanei
1081 4002 1331 4091 cmethonaleS,
1369 4002 1564 4092 dequibus
1603 4003 1750 4074 solvitur
1777 4009 1812 4073 et

262 4121 466 4198 conducitur
501 4124 634 4194 decima
667 4124 894 4213 manipularis
931 4130 967 4194 et
994 4122 1169 4212 canapalis
1204 4143 1269 4212 pro
1296 4123 1507 4194 monasterio
1543 4123 1579 4193 in
1614 4123 1812 4214 Mogila,

262 4244 360 4315 cuius
385 4245 485 4315 valor
510 4245 555 4315 ad
582 4266 642 4316 sex
669 4265 813 4317 marcas.
852 4245 941 4316 Item
968 4245 1115 4335 quilibet
1141 4244 1187 4314 de
1211 4243 1310 4314 laneo
1337 4250 1476 4315 tenetur
1503 4244 1587 4315 dare
1614 4250 1651 4314 et
1678 4246 1812 4316 solvere

250 4348 428 4437 ¹ecclesiae
464 4372 500 4436 (1
526 4366 673 4454 plebano
709 4366 745 4436 in
771 4365 1135 4437 Dzelranowicze
1171 4363 1351 4454 profesto
1383 4364 1556 4454 Paschae,
1592 4386 1697 4436 unum
1735 4386 1811 4436 curn

262 4486 378 4558 medio
403 4507 572 4576 grossum.
598 4487 684 4558 Item
713 4487 855 4557 suntin
882 4486 1002 4557 eadem
1028 4487 1113 4556 villa
1137 4485 1334 4556 molendina
1353 4490 1510 4575 quatuor,
1538 4487 1620 4556 item
1648 4487 1814 4557 tabernae
1890 4470 1893 4475 ¹

264 4607 371 4698 dnae,
399 4607 443 4681 de
469 4620 614 4697 quornm
642 4607 787 4697 quilibet
813 4606 918 4678 solvit
942 4606 1091 4695 plebano
1107 4606 1153 4675 ·in
1180 4606 1587 4695 Dzyelranowicze.
1618 4626 1681 4696 per
1707 4627 1811 4677 unum

264 4749 433 4817 grossum:
460 4729 596 4799 ratione
624 4728 898 4799 columbationis.
913 4728 1018 4799 solvit
1037 4716 1206 4817 “quilibet
1223 4749 1325 4798 unam
1353 4748 1546 4814 mensnram
1574 4747 1704 4797 avenae
1732 4747 1812 4798 con·
1885 4764 1891 4770 ·

265 4847 389 4921 sertam
418 4849 591 4921 ecclesiae

372 4970 549 5061 Wmanr,
574 4972 749 5043 villasnb
774 4971 940 5063 parochia
964 4970 1010 5040 de
1035 4969 1373 5040 Dzelranowice
1401 4970 1487 5058 sita,
1524 4968 1621 5039 cuius
1649 4967 1816 5039 haeredes

267 5091 459 5165 Stanislaus
478 5099 514 5163 (1
529 5092 706 5164 Jobannos
732 5092 1110 5163 Marsalkowiczi
1138 5090 1181 5162 de
1199 5092 1305 5161 armis
1323 5089 1351 5159 Z
1360 5089 1520 5180 adora,
1548 5109 1651 5180 quam
1677 5091 1815 5160 nomino

267 5215 360 5305 regis
387 5219 515 5286 tenent.
546 5213 599 5311 ,ln
617 5235 695 5303 ‚qna
721 5220 803 5284 sunt
828 5206 986 5284 undecim
1013 5212 1125 5301 lanei,
1152 5210 1195 5282 de
1223 5211 1347 5301 quibus
1376 5210 1522 5282 solvitur
1549 5217 1585 5281 et
1612 5210 1817 5281 conducitur

267 5335 398 5406 decima
423 5334 649 5423 manipularis
677 5340 712 5404 et
738 5334 913 5423 canapalis
939 5354 1004 5423 pro
1031 5333 1241 5403 monasterio
1269 5332 1303 5401 in
1323 5331 1529 5427 Mogy-la‚
1556 5337 1592 5401 (1
1618 5331 1716 5401 valor
1743 5331 1817 5401 eius

268 5457 471 5527 aestimatur
497 5456 541 5527 ad
567 5456 685 5527 docem
712 5475 855 5525 marcas.
881 5455 966 5525 ltem
996 5458 1050 5524 est
1078 5453 1126 5525 ibi
1152 5472 1257 5523 unum
1284 5452 1463 5541 praedium
1490 5452 1651 5541 militare,
1679 5448 1721 5521 de
1749 5471 1816 5540 qno

268 5576 415 5649 solvitur
441 5576 574 5648 decima
598 5575 824 5665 manipularis
841 5595 905 5665 pro
923 5574 1026 5646 altari
1044 5573 1191 5644 Sanctae
1217 5573 1352 5643 Mariae
1369 5572 1627 5662 Assumptionis
1655 5571 1815 5641 iri-eecle-

269 5699 319 5769 sia
344 5697 575 5788 Oracoviensi,
601 5703 637 5768 et
663 5698 762 5768 valor
787 5697 862 5768 eius
889 5697 1094 5767 aestimatur
1120 5694 1164 5765 ad
1192 5696 1341 5785 quinque
1368 5714 1511 5765 marcas.

978 5815 1120 5888 (limum.

371 5940 467 6014 Villa
491 5941 527 6013 in
554 5938 640 6011 colle
667 5958 777 6029 snpra·
798 5936 939 6009 fluvium
965 5937 1090 6008 Raba
1117 5937 1194 6026 sita,
1222 5933 1351 6007 habens
1379 5936 1415 6005 in
1441 5954 1478 6005 se
1506 5933 1684 6004 ecclesiam
1712 5952 1816 6022 paro-

269 6062 413 6134 chialem
449 6061 598 6151 ligneam
637 6058 764 6130 Sancto
799 6058 951 6130 Johanni
986 6057 1167 6147 Baptistae
1204 6057 1371 6144 dicatam,
1408 6053 1506 6125 cuius
1541 6054 1738 6143 proprietas
1773 6053 1818 6123 ad

269 6183 518 6255 monasterium
535 6181 803 6272 Myechoviense
829 6180 990 6269 pertinet.
1016 6179 1057 6249 ln
1076 6198 1144 6268 qna
1167 6182 1248 6247 sunt
1274 6180 1404 6265 septem
1432 6174 1671 6246 tantummodo
1697 6175 1819 6244 hortu-

271 6302 381 6376 laniao
407 6304 576 6374 habentes
602 6322 705 6392 agros
732 6301 917 6390 speciales,
953 6299 1212 6390 aequivalentes
1238 6296 1357 6386 laneis,
1386 6295 1429 6366 (1(
1456 6296 1581 6385 qnibns
1608 6294 1755 6365 solvitur
1782 6300 1820 6364 et

272 6424 474 6496 conducitur
509 6424 642 6494 decima
677 6421 903 6511 manipularis
930 6427 966 6491 et
992 6419 1168 6509 canapalis
1194 6418 1359 6488 ecclesiae
1386 6417 1422 6487 in
1450 6415 1623 6503 Chelm,
1659 6417 1696 6484 et
1720 6413 1819 6484 valor
1865 6511 1868 6515 Ι

272 6545 344 6617 eius
370 6545 575 6617 aestimatur
601 6543 646 6615 ad
672 6548 750 6615 octo
778 6563 922 6614 marcas.
948 6541 996 6612 Et
1021 6539 1241 6630 praepositus
1259 6536 1538 6630 Myechoviensis
1552 6554 1630 6608 cunr
1647 6537 1825 6607 consentu¹

357 6713 574 6759 mantuanam
1312 6754 1315 6760 Ι
1618 6684 1654 6735 lb
