4200 8342
264 1631 310 1706 78

364 1842 525 1932 Socors,
551 1844 634 1915 villa
651 1844 716 1916 sub
733 1845 900 1939 parochia
917 1845 960 1916 de
977 1844 1267 1937 Pelcznycza
1293 1846 1379 1934 sita,
1406 1846 1504 1917 euius
1521 1843 1692 1917 haeredes
1708 1863 1808 1935 prae-

207 1982 210 1987 ·
259 1961 324 2033 loti
349 1962 500 2035 Jacobns
526 1969 563 2035 et
579 1963 756 2041 Johannes
782 1965 915 2037 nobiles
941 1964 1106 2037 dedomo
1132 1965 1271 2037 medii
1297 1964 1549 2054 Salmonis,
1575 1965 1613 2037 in
1631 1984 1702 2056 qna
1728 1970 1809 2036 sunt

259 2082 351 2155 lanei
378 2084 628 2175 cmethonales,
654 2085 738 2161 item
766 2086 945 2177 tabernae,
971 2086 1055 2159 item
1081 2086 1314 2176 hortulaniae,
1341 2085 1528 2187 dequibus
1554 2085 1715 2176 omnibns
1741 2081 1809 2157 sol·

259 2202 355 2277 vitm
381 2208 418 2277 et
443 2204 646 2279 conducitur
672 2205 806 2280 decima
830 2206 1056 2298 manipularis
1083 2212 1120 2280 et
1146 2207 1322 2299 canapalis
1348 2227 1415 2297 pro

858 2325 1207 2400 Waocznsowrczn.

363 2447 476 2538 Villa,
501 2447 633 2523 habens
666 2448 703 2520 in
738 2469 776 2520 se
806 2449 1039 2539 parochialem
1072 2446 1252 2521 ecclesiam
1287 2448 1456 2540 ligneam,
1477 2447 1618 2522 -Saneto
1646 2447 1808 2521 Andreae

259 2566 428 2658 Apostolo
454 2568 623 2660 dicatam,
650 2568 748 2641 cuius
773 2570 897 2642 haeres
923 2569 1088 2642 Nicolans
1114 2566 1484 2662 Wyeloglowsky
1509 2568 1553 2642 de
1577 2570 1685 2661 armis
1711 2569 1807 2641 Sta-

260 2688 424 2780 rylrou‚
451 2690 487 2761 in
514 2696 691 2782 quaeunt
717 2695 849 2783 septem
875 2691 966 2763 lanei
992 2690 1236 2780 cmethonales,
1263 2690 1347 2763 item
1373 2692 1551 2782 tabernae,
1575 2690 1661 2763 item
1687 2691 1807 2763 bortu-

258 2809 389 2900 laniae,
415 2811 499 2883 item
533 2812 713 2904 praedium
738 2812 906 2904 militare,
941 2811 1138 2905 dequibus
1165 2811 1323 2885 omnibus
1359 2811 1507 2885 solvitur
1541 2818 1578 2885 et
1603 2811 1809 2885 conducitur

260 2929 393 3002 decima
419 2932 643 3024 manipularis
669 2938 712 3005 et·
726 2932 908 3027 'mntpalis
934 2933 1100 3010 eeclesiae
1117 2933 1153 3005 in
1181 2930 1629 3028 Wroczymowycze,
1656 2940 1693 3006 et
1711 2933 1809 3006 valor

258 3051 332 3123 eius
367 3052 572 3127 aestimatur
607 3053 652 3133 ad
666 3052 814 3127 deoem'
830 3074 975 3127 mareas.
1015 3055 1105 3128 Item
1137 3053 1244 3126 habet
1279 3054 1329 3125 ibi
1355 3054 1501 3127 ecclesia
1534 3074 1600 3147 pro
1635 3054 1718 3127 dote
1745 3075 1808 3128 sua

259 3193 362 3263 agros
388 3174 549 3266 proprios
575 3179 612 3247 ct
637 3181 759 3268 prata3
789 3174 874 3248 item
899 3176 1008 3248 habet
1032 3175 1179 3248 ecclesia
1205 3175 1325 3247 eadem
1352 3175 1551 3266 tabernam,
1578 3176 1621 3250 de
1649 3196 1719 3269 qna
1743 3196 1808 3268 pro

259 3315 373 3367 annuo
400 3316 505 3369 censu
531 3296 714 3371 solvuntur
739 3298 886 3389 plebano
914 3297 1004 3370 dnae
1030 3316 1109 3369 cum
1134 3294 1249 3368 media
1274 3317 1420 3369 marcae.
1551 3342 1553 3347 -
1605 3382 1608 3389 Ι

363 3419 602 3509 Jnnowrczn
619 3418 712 3491 -uilla
729 3420 794 3491 snb
811 3419 978 3512 parocbia
1003 3419 1047 3491 de
1065 3417 1477 3510 Wroczimowycze
1495 3418 1572 3509 sita
1601 3418 1699 3491 cuins
1725 3419 1808 3491 hae·

258 3538 359 3612 redes
385 3539 805 3633 Monyaezhowsky
832 3546 869 3613 et
889 3539 1085 3639 Stephanus
1114 3593 1185 3630 ...,
1213 3539 1249 3610 in
1268 3559 1337 3629 qua
1355 3544 1437 3611 sunt
1453 3538 1546 3611 lanei
1564 3539 1808 3630 cmethonales,

257 3662 341 3732 item
366 3661 436 3733 duo
454 3660 598 3753 praedia
623 3661 799 3753 militaria,
825 3660 1013 3753 dequibus
1038 3660 1197 3734 omnihus
1216 3659 1365 3733 solvitur
1390 3663 1426 3733 et
1443 3659 1647 3733 conducitur
1673 3659 1807 3733 decima

260 3781 485 3873 manipularis
503 3788 542 3856 et
558 3782 733 3876 canapalis
751 3782 916 3857 ecclesiae
942 3782 979 3854 in
996 3780 1220 3855 Wroezim
1231 3781 1313 3853 owi
1324 3799 1411 3872 cze,
1439 3785 1475 3853 et
1492 3781 1590 3853 valor
1609 3780 1684 3854 eius
1702 3781 1807 3855 aesti-

258 3907 372 3975 matur
390 3904 434 3975 sd
452 3903 633 3978 duodecim
651 3923 795 3977 marcas
833 3904 926 4002 Item
940 3904 1086 3976 ecelesia
1103 3908 1139 3976 et
1156 3901 1324 3994 plebanus
1341 3901 1385 3975 de
1403 3901 1807 3975 Wroczimowicze
1826 3923 1833 3935 ·

117 4110 120 4115 ,
257 4022 364 4099 babet
389 4025 439 4098 ibi
465 4031 578 4098 certas
603 4026 716 4118 petias
742 4046 906 4118 agrorum
932 4030 969 4098 et
993 4029 1173 4133 pratorum
1199 4043 1263 4115 pro
1291 4044 1354 4096 suo
1381 4044 1446 4096 usu
1471 4027 1508 4097 et
1525 4025 1743 4134 neoesffi'tste.

268 4226 274 4237 ,
360 4147 500 4240 sonos,
526 4146 693 4221 villasnb
710 4147 879 4241 parochia
903 4147 947 4219 de
972 4144 1378 4218 Wroczimowicze
1402 4145 1489 4235 sita,
1514 4136 1808 4227 cuiushaeredes

260 4264 428 4359 Aegidius
456 4268 689 4360 sudolsky
716 4266 759 4340 de
786 4269 893 4339 armis
919 4265 1169 4356 Habdank,
1197 4264 1370 4344 Gaworek
1396 4264 1440 4338 de
1458 4266 1566 4338 armis
1592 4265 1745 4357 Rasa,
1771 4267 1807 4338 in

261 4408 329 4478 qua
356 4395 437 4460 sunt
463 4389 554 4461 lanei
581 4387 835 4478 cmethonales,
862 4388 945 4460 item
971 4388 1133 4477 taberna,
1159 4386 1243 4458 item
1261 4386 1490 4477 hortulaniae,
1517 4369 1562 4459 de
1588 4386 1713 4480 qurihus
1740 4387 1808 4461 sol·

227 4511 231 4518 ’
257 4508 353 4581 ritur
378 4514 415 4581 et
432 4510 636 4585 conducitur
661 4508 795 4581 decima
820 4507 1046 4600 manipularis
1073 4512 1110 4579 et
1135 4508 1338 4601 campalis·
1360 4507 1449 4583 lom
1475 4511 1530 4581 est
1552 4507 1602 4581 ibi
1626 4507 1818 4600 prwdlnm'·

256 4626 416 4720 militare,
441 4630 485 4701 de
502 4629 601 4701 cuins
619 4629 714 4720 agris
740 4626 932 4701 decimatur
949 4628 1114 4702 ecclesiae
1132 4628 1167 4700 in
1195 4628 1617 4720 Wroozi'mowicze,
1643 4634 1682 4703 et
1707 4625 1807 4704 valor

258 4750 332 4822 eius
359 4749 405 4823 ad
430 4757 505 4824 tres
531 4770 666 4824 marcas
692 4750 906 4823 aestimatur.
1221 4766 1224 4775 ·
1303 4836 1305 4841 Ι
1436 4751 1439 4757 ’

363 4870 532 4965 -Wonrh,
559 4872 734 4947 villasnb
761 4872 926 4964 parochia
951 4871 996 4944 de
1021 4862 1425 4945 Wrocz'imorrloze
1452 4870 1538 4964 sita,
1564 4872 1661 4946 cuius
1687 4872 1809 4944 haere·

256 4995 318 5067 des
345 5046 459 5066 .....
470 4990 504 5085 ’.,
530 4994 753 5095 inondsunt
769 4993 862 5065 lanei
887 4993 1137 5084 cmethonales,
1162 4992 1350 5086 dequibus
1376 4993 1525 5067 solvitur
1551 4998 1587 5067 et
1603 4992 1808 5068 conducitur

257 5114 392 5191 decima
426 5114 651 5208 manipularis
687 5121 724 5188 et
750 5115 934 5207 canapalis.
977 5115 1066 5187 Item
1094 5119 1148 5187 est
1176 5112 1230 5191 ibi
1248 5102 1435 5207 praedium
1462 5112 1633 5206 militare,
1668 5115 1712 5190 de
1740 5136 1807 5207 qno

257 5236 404 5310 solvitur
429 5237 562 5309 decima
587 5237 623 5306 in
641 5235 1057 5327 Wroozimowicze,
1084 5235 1214 5308 voloris
1232 5218 1380 5327 quatuor
1397 5254 1601 5309 marcarum,
1657 5248 1659 5253 '

360 5358 609 5448 Ranzmczs,
635 5356 736 5447 uilla,
763 5358 894 5429 habens
912 5354 1144 5449 parochialem
1171 5356 1350 5429 ecclesiam
1370 5355 1492 5430 -Sanct
1523 5410 1664 5429 ......
1671 5410 1683 5473 l
1709 5356 1807 5431 cuins

256 5480 380 5552 haeres
415 5479 593 5552 Johannes
628 5478 918 5570 Lassoozsky
958 5478 1001 5550 de
1037 5478 1139 5551 domo
1172 5476 1403 5569 Dolanga,
1439 5478 1571 5571 inqua
1605 5480 1687 5551 sunt
1721 5477 1806 5553 duo

255 5599 367 5673 decim
401 5601 492 5673 lanei
527 5599 776 5691 cmethonales,
811 5597 855 5670 de
891 5599 1016 5691 quihus
1050 5599 1199 5673 solvitur
1218 5601 1269 5669 'et
1299 5599 1502 5672 conducitur
1537 5600 1672 5674 decima
1696 5600 1807 5673 mani·

256 5723 387 5815 polaris
420 5728 457 5794 et
484 5721 660 5813 casopolis
682 5720 905 5813 praebendae
935 5720 1156 5794 cracoviensi
1187 5719 1302 5795 dictae
1324 5720 1637 5813 Wyanczkowslra,
1667 5725 1808 5812 praeter

257 5844 343 5919 duos
378 5844 515 5941 laneos,
550 5843 593 5917 de
629 5842 906 5937 quornm-'agris
941 5842 1143 5933 decimatur·
1169 5843 1205 5913 in
1244 5842 1667 5932 Wroczimowicze,
1709 5842 1807 5916 cuins

257 5966 356 6038 valor
383 5966 425 6037 ad
453 5966 539 6038 duas
575 5985 719 6037 marcas.
744 5962 850 6037 'Item
881 5962 968 6043 suna
993 5964 1043 6037 ibi
1070 5961 1319 6061 przyoriorty,
1344 5964 1399 6038 de
1429 5984 1575 6056 qnorum
1610 5963 1705 6056 agris
1740 5984 1810 6039 una

254 6107 337 6180 pars
372 6088 526 6178 pertinet
556 6087 600 6159 ad
627 6086 811 6179 plebanum
846 6070 1331 6183 in'‘·Wroc„rimowicze‚
1367 6085 1481 6159 altera
1507 6084 1553 6157 ad
1569 6083 1804 6178 praebendam

255 6208 534 6301 Oracoriensem,
561 6228 650 6301 quae
675 6213 820 6281 uocatur
838 6207 1057 6299 Thopolska3
1082 6212 1137 6278 est
1162 6208 1342 6299 praedium
1368 6206 1432 6297 ihi,
1459 6206 1589 6300 dequo
1616 6205 1808 6280 decimatur

256 6331 295 6403 in
319 6326 624 6403 Ra-dzimicze.

362 6448 588 6541 Gauscnow,
614 6449 700 6523 uilla
724 6451 790 6523 sub
808 6451 974 6542 parochia
1000 6451 1043 6523 de
1062 6448 1473 6523 Wroezimowiczo
1491 6450 1573 6538 sita,
1600 6448 1698 6520 cuius
1725 6448 1807 6521 hae-

259 6593 317 6649 res
351 6570 527 6650 Johannes
560 6570 865 6648 Karwaczian
901 6571 1074 6648 dedomo
1109 6572 1305 6664 Zadora,
1340 6571 1377 6642 in
1395 6589 1483 6666 'qua
1503 6575 1585 6648 sunt
1619 6590 1681 6648 sex
1715 6569 1808 6647 lanei
