4200 8342
1769 1649 1843 1719 449

287 1854 326 1917 ct
351 1848 529 1937 patronus.
553 1844 643 1917 Item
670 1845 838 1936 plebanus
864 1846 972 1920 habet
997 1845 1178 1921 macellum
1198 1848 1233 1920 in
1252 1850 1379 1941 oppido
1406 1849 1477 1923 Pol
1483 1872 1635 1943 yanecz
1662 1856 1841 1945 proprium

286 1972 326 2041 et
351 1967 532 2041 liberum.-

390 2088 561 2181 Osrsow,
586 2088 671 2162 villa
698 2090 763 2163 sub
789 2090 955 2183 parochia
971 2092 1015 2165 do
1034 2091 1264 2185 Polanyecz
1293 2095 1370 2184 sita,
1397 2095 1494 2168 cuius
1512 2094 1843 2189 haeresldohaunes

279 2212 341 2285 -do
365 2212 567 2305 Rithwyani
602 2210 777 2303 palatinus
812 2212 1061 2287 Gracoriensis.
1106 2215 1146 2286 ln
1174 2237 1243 2307 qua
1280 2220 1361 2287 sunt
1396 2216 1463 2289 duo
1491 2239 1567 2289 cum
1602 2218 1715 2291 medio
1751 2220 1843 2292 lanei
1979 2228 1981 2233 '

284 2334 530 2427 cmethonales,
556 2333 600 2407 de
628 2334 753 2426 quibus
789 2336 937 2408 solvitur
962 2340 999 2407 et
1024 2336 1229 2409 conducitur
1265 2337 1398 2409 decima
1424 2339 1649 2428 manipularis
1677 2345 1713 2410 ct
1740 2361 1842 2413 cana-

281 2456 374 2549 polis
399 2476 464 2549 pro
490 2456 653 2547 episcopo
688 2455 927 2548 Gracoviensi,
963 2458 1061 2531 cuius
1097 2459 1195 2530 valor
1230 2461 1436 2531 aestimatur
1471 2459 1515 2532 ad
1553 2480 1655 2530 unam
1683 2481 1841 2533 marcam.
1955 2526 1957 2534 .

239 2562 241 2567 ¹
276 2576 372 2653 dmm
389 2599 459 2651 non
476 2582 532 2649 est
557 2578 753 2670 praedium,
780 2600 844 2651 nec
860 2581 1045 2671 tabernae,
1073 2601 1137 2653 nec
1155 2582 1392 2671 hortrdaniae3
1420 2580 1708 2655 columbariorum
1727 2582 1838 2655 solum

282 2700 378 2773 tollit
402 2700 571 2794 plebanus
596 2700 894 2794 Polanyeczensis.

389 2822 581 2917 bunna,
608 2824 692 2895 villa
717 2824 782 2895 sub
809 2825 976 2915 parochia
994 2823 1037 2897 de
1056 2824 1247 2918 Polanyecz
1275 2825 1361 2915 sita,
1389 2826 1486 2896 cuius
1508 2826 1633 2897 haeres
1659 2825 1840 2899 lohannes

239 2930 329 3045 kgdo
354 2942 622 3036 Rithwyani
649 2944 823 3035 palatinus
851 2945 1099 3018 Gracoriensis.
1135 2946 1176 3018 ln
1204 2968 1272 3038 qua
1299 2952 1380 3018 sunt
1406 2947 1475 3020 duo
1502 2967 1578 3018 cum
1605 2946 1718 3020 medio
1745 2948 1837 3020 lanei

283 3066 529 3157 methonales,
556 3066 601 3139 de
628 3067 753 3159 quibus
780 3068 928 3139 solvitur
954 3073 991 3140 et
1018 3068 1223 3140 conducitur
1260 3069 1394 3140 decima
1420 3068 1646 3159 manipularis
1674 3074 1710 3140 et
1737 3089 1842 3141 cana-

239 3176 379 3281 ‘palis
405 3208 470 3280 pro
497 3189 659 3279 episcopo
687 3188 929 3280 cracoviensi,
957 3194 993 3261 ct
1019 3190 1117 3261 valor
1144 3190 1218 3262 cius
1245 3190 1451 3262 aestimatur
1478 3189 1521 3262 ad
1549 3210 1653 3262 unam
1679 3212 1841 3263 marcam.

239 3302 373 3415 'iliam
401 3330 470 3381 non
498 3315 580 3383 sunt
606 3311 793 3399 tabernae,
820 3332 884 3381 nac
909 3310 1139 3403 hortulaniae,
1167 3333 1230 3383 nec
1256 3311 1455 3402 praedium;
1493 3310 1701 3384 columbntio
1729 3312 1841 3387 solum

253 3424 381 3505 ''esut
405 3452 471 3525 pro
498 3432 646 3523 plebano
673 3432 709 3503 in
737 3431 1009 3525 Polanyecz.
1850 3414 1852 3419 ’

390 3552 512 3625 Gurnr
537 3552 687 3643 Marna,
722 3553 806 3626 villa
833 3556 898 3627 sub
925 3554 1092 3646 parochia
1120 3554 1163 3626 de
1190 3554 1452 3646 Polanyecz
1480 3554 1566 3645 sita,
1594 3555 1690 3627 cuius
1717 3554 1841 3627 haeres

285 3664 466 3749 dohannes
502 3674 756 3768 Borowsky
783 3675 826 3747 dc
853 3674 1124 3766 Lopuchow.
1160 3676 1199 3747 ln
1229 3696 1298 3768 qua
1324 3681 1378 3747 est
1403 3696 1492 3747 unns
1519 3696 1595 3747 cum
1624 3675 1766 3747 dimidio
1792 3675 1843 3746 la-

284 3816 388 3885 neus,
415 3795 459 3868 de
487 3797 613 3888 quibus
640 3797 789 3870 solvitur
815 3802 851 3869 et
878 3797 1083 3869 conducitur
1110 3798 1242 3869 decima
1268 3798 1494 3888 manipularis
1522 3802 1557 3868 et
1576 3796 1750 3888 canapalis
1777 3818 1840 3887 pro

285 3920 450 4011 episcopo
477 3918 718 4009 Gracoriensi,
746 3920 843 3990 cuius
869 3919 969 3992 valor
996 3918 1041 3991 ad
1068 3940 1170 3991 unam
1197 3940 1347 3991 marcam
1374 3920 1587 3990 aestimatur.
1623 3918 1711 3990 item
1739 3938 1840 4009 prae-

281 4040 379 4115 dium
406 4062 475 4115 non
501 4046 574 4132 est,
602 4060 712 4133 neque
740 4043 924 4131 tabernae,
950 4062 1014 4113 nec
1039 4040 1268 4113 hortulaniae.

282 4198 310 4229 n
387 4160 510 4235 unm
535 4148 683 4253 Mruoa,
709 4163 794 4235 villa
820 4165 884 4236 sub
911 4164 1078 4254 parochia
1104 4163 1147 4235 dc
1174 4163 1439 4254 Polanyecz
1466 4160 1554 4250 sita,
1586 4161 1683 4232 cuius
1715 4160 1839 4231 haeres

279 4284 409 4365 htrus
444 4283 777 4376 Sroczkowslry
812 4284 983 4358 dedomo
1019 4284 1311 4375 Kopaczowe.
1364 4285 1405 4355 In
1441 4304 1510 4375 qna
1545 4286 1599 4354 cst
1634 4302 1723 4353 unus
1762 4302 1837 4353 cum

280 4406 395 4489 medio
413 4405 551 4497 laneus,
569 4406 612 4477 de
640 4406 764 4498 quibus
782 4407 976 4478 decimatur
993 4407 1157 4497 episcopo
1175 4405 1416 4496 Gracoviensi,
1443 4405 1540 4476 cuius
1563 4402 1716 4475 decimae
1741 4403 1839 4474 valor

282 4526 329 4601 ad
354 4548 458 4601 unam
484 4546 646 4599 marcam.
672 4528 762 4599 Item
780 4549 851 4600 non
869 4533 951 4599 sunt
969 4527 1019 4599 ibi
1044 4529 1232 4618 tabernae,
1259 4526 1497 4616 hortulaniae,
1524 4546 1636 4618 neque
1650 4524 1839 4616 praedium.

386 4648 605 4739 Rmrrnwr,
641 4649 726 4720 villa
759 4650 824 4721 sub
850 4649 1016 4740 parochia
1049 4649 1215 4722 ecclesiae
1253 4649 1297 4722 de
1323 4648 1585 4739 Polanyccz
1621 4648 1706 4736 sita,
1742 4645 1838 4717 cuins

273 4770 406 4849 'heres
450 4770 627 4843 Jolrannes
670 4769 1042 4863 Jugoschowsky
1079 4771 1122 4842 de
1158 4770 1259 4842 domo
1300 4768 1538 4841 Habdank.
1578 4768 1618 4839 ln
1653 4787 1721 4857 qua
1758 4771 1838 4837 sunt

280 4894 435 4987 quinque
468 4893 561 4965 lanei
588 4912 663 4963 cum
691 4892 822 4984 medio,
859 4892 1056 4984 dequibus
1094 4892 1242 4963 solvitur
1270 4896 1305 4963 et
1332 4890 1535 4962 conducitur
1571 4889 1704 4960 decima
1730 4888 1839 4957 mani-

281 5012 415 5110 pularis
442 5020 479 5087 et
506 5004 680 5107 canapalis
716 5036 780 5106 pro
807 5014 1010 5105 episcopatu
1046 5012 1286 5103 Gracoviensi,
1324 5016 1360 5083 et
1386 5011 1485 5083 valor
1521 5010 1595 5083 eius
1633 5008 1838 5081 aestimatur

281 5136 327 5211 ad
352 5142 428 5211 tres
455 5156 599 5209 marcas.

313 5312 317 5319 -
384 5257 550 5351 ansczn,
577 5259 661 5331 villa
679 5260 743 5331 sub
761 5259 928 5350 parochia
946 5258 1112 5330 ccclesiae
1139 5257 1182 5328 de
1209 5255 1466 5348 Polanyecz
1494 5254 1570 5345 sita,
1599 5252 1697 5325 cuius
1713 5251 1838 5324 haeres

267 5378 462 5457 {domnos
497 5382 817 5474 Byechowsky
852 5381 895 5452 de
929 5379 1031 5453 domo
1067 5378 1259 5451 Powala.
1300 5378 1340 5449 In
1369 5397 1437 5469 qua
1473 5382 1555 5449 suut
1590 5380 1723 5466 septem
1760 5395 1837 5446 cum

279 5503 394 5577 medio
420 5504 514 5576 lanei
539 5503 792 5593 cmethonales,
821 5503 864 5593 de
892 5502 1016 5594 quibus
1044 5502 1204 5575 omnibus
1231 5501 1380 5573 solvitur
1406 5506 1443 5572 ct
1470 5497 1675 5571 conducitur
1702 5497 1836 5569 decima

279 5624 507 5717 manipularis
533 5632 570 5698 et
596 5626 781 5716 canapalis,
809 5644 872 5715 pro
891 5625 1094 5716 episcopatu
1121 5622 1359 5713 Gracoricnsi‚
1387 5629 1423 5693 ct
1443 5604 1548 5693 ¹ualor
1574 5620 1648 5692 eius
1675 5618 1837 5688 aestima-

280 5752 342 5821 tur
365 5748 412 5820 ad
438 5746 591 5840 quinque
624 5768 770 5819 marcas.
804 5747 893 5818 ltem
929 5751 1012 5818 sunt
1047 5746 1096 5817 ibi
1128 5745 1197 5818 duo
1233 5743 1377 5836 praedia
1412 5742 1596 5829 militaria,
1633 5736 1675 5809 dc
1712 5736 1837 5828 quibus

280 5868 474 5943 decimatur
508 5869 674 5941 ecclesiae
702 5871 737 5939 in
765 5867 1045 5959 Polanyecz,
1082 5871 1118 5938 et
1143 5867 1242 5939 valor
1268 5866 1421 5938 decimae
1459 5862 1666 5934 aestimatur
1692 5857 1736 5929 ad
1763 5861 1836 5928 tres

280 6010 425 6065 marcas.
451 5990 531 6063 Non
558 5997 614 6063 cst
639 5991 796 6080 taberna,
822 6009 934 6081 neque
960 5988 1169 6061 hortulanis.

389 6110 594 6203 Orsaocm
626 6113 710 6186 villa
736 6113 800 6184 sub
827 6109 994 6203 parochia
1020 6109 1064 6182 de
1090 6109 1352 6200 Polanyecz
1380 6105 1466 6196 sita,
1502 6102 1599 6175 cuius
1625 6102 1749 6174 haeres
1775 6098 1836 6173 Jo-

280 6236 414 6309 lnmnes
440 6234 484 6307 de
509 6234 777 6328 Rithwyani
804 6233 979 6325 palatinus
1007 6230 1257 6304 cracoviensis.
1284 6229 1324 6300 In
1353 6248 1422 6319 qua
1440 6232 1522 6299 sunt
1540 6247 1600 6298 sex
1620 6245 1695 6297 cum
1723 6221 1836 6296 medio

278 6356 373 6431 lanei
399 6358 656 6447 cmethonales‚
692 6357 735 6428 de
762 6356 887 6446 quibus
915 6353 1073 6427 omnibus
1100 6351 1248 6424 solvitur
1275 6356 1311 6424 et
1337 6350 1540 6423 conducitur
1568 6347 1700 6421 decima
1725 6345 1835 6417 mani-

279 6480 413 6571 pularis
439 6483 477 6550 et
502 6480 680 6571 canapalis
707 6499 771 6570 pro
798 6478 999 6569 episcopatu
1036 6472 1276 6563 Gracoviensi‚
1312 6473 1410 6544 cuins
1437 6470 1535 6543 valor
1562 6469 1766 6542 aestimatur
1792 6466 1836 6539 ad

280 6606 429 6697 quatuor
454 6614 599 6674 marcas.
625 6601 705 6674 Non
732 6605 786 6673 est
811 6598 1002 6693 praedium,
1028 6616 1093 6669 noc
1118 6596 1273 6687 taberna,
1299 6614 1410 6685 neque
1436 6591 1645 6666 hortulanis.

388 6768 438 6815 laih·
450 6769 549 6815 manse.
562 6770 593 6815 u.
1634 6743 1671 6791 5⁷
