4200 8342
1715 1631 1788 1703 341

350 1832 545 1907 Coamanu
572 1855 705 1927 maroa,
742 1836 826 1908 villa
851 1837 915 1908 sub
941 1837 1108 1927 parochia
1134 1837 1177 1908 de
1203 1835 1547 1931 Strzezowicze
1573 1838 1660 1928 sita,
1696 1838 1793 1909 cuius

246 1955 414 2027 haeredes
439 1954 634 2032 Stanislaus
660 1961 697 2027 ot
722 1955 848 2029 Petrus
874 1957 918 2028 de
944 1957 1051 2028 armis
1078 1957 1345 2029 Bibersten.
1372 1957 1414 2028 In
1441 1978 1509 2048 qua
1535 1962 1618 2029 sunt
1643 1957 1792 2030 sedecim
1912 1959 1915 1966 '

114 2105 119 2112 ·
245 2076 336 2147 lanei
363 2073 609 2166 amethouales‚
636 2076 717 2148 item
745 2081 892 2166 quatuor
917 2077 1086 2148 tabernae
1111 2077 1278 2148 habentes
1306 2098 1426 2169 agros,
1463 2077 1506 2150 de
1533 2078 1657 2170 quibus
1684 2078 1793 2150 omni·

245 2196 310 2294 hus
337 2195 487 2267 solvitur
512 2200 549 2268 et
574 2197 779 2270 conducitur
814 2195 947 2268 decima
971 2197 1197 2287 manipularis
1223 2203 1260 2269 et
1286 2198 1461 2288 canapalis
1487 2217 1551 2288 pro
1578 2198 1793 2282 archidiaco-

245 2323 330 2390 natu
358 2314 638 2407 SandomIriensi,
666 2322 703 2390 et
728 2316 825 2388 valor
853 2316 928 2389 eius
954 2318 1160 2391 aestimatur
1178 2318 1222 2389 ad
1241 2318 1409 2389 tredecim
1435 2325 1580 2409 marcas,
1606 2317 1792 2408 ahquando

244 2436 289 2508 ad
316 2436 475 2510 sedecim.
501 2437 590 2510 Item
616 2458 684 2508 non
711 2442 794 2510 sunt
819 2437 868 2509 ibi
894 2437 1124 2510 hortulauiae.
1150 2438 1238 2509 Item
1264 2419 1347 2510 sunt
1374 2437 1423 2509 ibi
1450 2438 1518 2510 duo
1537 2438 1680 2528 praedia
1699 2438 1788 2509 mili-

245 2557 346 2648 taria,
368 2556 416 2629 de
443 2558 568 2649 quibus
594 2558 784 2630 decimatur
809 2579 873 2648 pro
900 2558 1047 2630 ecclesia
1073 2558 1108 2628 in
1135 2556 1484 2654 Strzezowiozo.

261 2739 265 2748 .
348 2676 500 2768 lusum,
525 2678 610 2750 villa
636 2678 700 2749 sub
726 2678 892 2768 parochia
918 2679 960 2750 de
987 2677 1352 2770 Strzezowicze,
1388 2679 1486 2752 cuius
1512 2679 1636 2750 haeres
1662 2676 1793 2752 lohan-

246 2797 615 2890 nesZirniczsky
642 2797 814 2872 dedomo
841 2774 1063 2872 dornowa
1065 2853 1175 2871 .....
1562 2859 1566 2866 .
1683 2859 1686 2868 .

348 2918 610 3011 Ywnnrszus,
634 2920 717 2993 villa
743 2921 808 2993 sub
834 2921 1001 3011 parochia
1026 2921 1071 2994 de
1096 2920 1251 3012 Uyasd
1277 2940 1341 3012 pro
1367 2920 1555 3018 medietate
1582 2920 1687 2994 villae
1714 2920 1794 3008 sita,

250 3040 346 3110 ouius
371 3040 495 3112 haeres
520 3039 699 3114 lohannes
736 3038 948 3114 Glowacz
984 3041 1028 3114 de
1054 3040 1365 3116 Oleschnicza
1400 3041 1443 3113 de
1474 3040 1576 3113 domo
1603 3045 1640 3112 et
1663 3039 1795 3112 familia

168 3201 175 3210 -
246 3159 458 3232 Dambno.
484 3160 526 3232 In
553 3181 621 3251 qua
647 3166 729 3233 sunt
747 3163 783 3233 in
801 3161 916 3234 modia
940 3168 1042 3253 parte
1070 3162 1181 3252 villae,
1208 3162 1244 3233 in
1267 3181 1337 3234 una
1354 3166 1454 3252 parte
1480 3160 1575 3233 fluvii
1601 3161 1679 3252 sita,
1704 3159 1795 3232 lanei

248 3280 491 3372 emethonales,
518 3281 561 3353 de
589 3282 713 3373 quibus
740 3282 931 3355 decimatur
947 3335 1064 3356 .....
1073 3269 1179 3356 'Item
1198 3284 1237 3362 iu
1252 3282 1321 3354 alia
1347 3286 1447 3372 parte
1474 3265 1795 3390 villaeqm'altera

246 3405 347 3490 parte
364 3400 459 3472 fluvii
477 3402 555 3493 sito,
583 3406 619 3473 et
635 3423 725 3494 quae
743 3403 819 3475 iure
837 3403 1028 3493 parochiali
1045 3403 1199 3494 pertiuet
1225 3403 1270 3475 ad
1288 3402 1467 3502 ecclesiam
1494 3402 1530 3472 in
1556 3351 1795 3595 Iffiska,

247 3525 328 3593 sunt
353 3522 444 3593 lanei
472 3524 715 3614 emethonales‚
741 3524 785 3595 de
812 3525 936 3615 quibus
962 3525 1155 3598 decimatur
1181 3524 1346 3622 ecclesiae
1372 3524 1408 3594 in
1434 3521 1597 3596 Strzez
1637 3522 1795 3609 wisza,

247 3646 284 3714 et
308 3642 406 3715 valor
432 3643 507 3715 eius
532 3645 737 3718 aestimatur
763 3645 808 3718 ad
826 3698 989 3716 .......
1032 3646 1120 3718 Item
1149 3645 1193 3718 de
1219 3645 1327 3720 tertia
1353 3649 1389 3717 et
1414 3644 1536 3717 ultima
1562 3648 1662 3736 parte
1688 3641 1796 3715 uillas
1832 3693 1836 3698 -

247 3762 437 3836 decimatur
463 3764 628 3836 ecclesiae
654 3765 844 3855 parochiali
871 3766 998 3838 ibidem
1025 3765 1063 3837 in
1088 3766 1146 3838 Iw
1160 3766 1336 3862 anishp¹
1354 3766 1453 3838 sitae.
1621 3785 1623 3790 ·
1750 3847 1754 3854 ,

348 3882 526 3975 Kocnow,
551 3884 634 3957 uilla
659 3886 724 3956 sub
750 3885 915 3976 parochia
942 3885 984 3958 de
1011 3884 1356 3964 Strzezowiczs·
1377 3885 1458 3974 sita,
1495 3883 1593 3955 cuius
1619 3882 1789 3954 haeredes

249 4002 427 4077 lohannes
453 4005 770 4095 Kochowszky
806 4009 842 4078 et
865 4003 992 4078 Petrus
1018 4003 1376 4094 Strzozowszky
1411 4004 1454 4075 de
1481 4003 1587 4098 armis
1613 4001 1797 4092 Accipi-

249 4129 379 4196 trum.
405 4126 446 4196 In
473 4146 541 4216 qua
567 4130 649 4197 sunt
674 4126 767 4198 lanei
793 4126 1047 4216 emethonales‚
1074 4125 1117 4198 de
1144 4126 1268 4216 quibus
1296 4124 1454 4196 omnibus
1480 4099 1628 4196 sdlvitur
1654 4123 1691 4193 ot
1717 4141 1798 4193 con-

251 4244 389 4317 ducitur
415 4246 548 4318 decima
573 4246 799 4338 manipularis
825 4251 861 4317 et
887 4245 1062 4338 canapalis
1089 4266 1153 4336 pro
1180 4243 1379 4335 praebenda
1400 4241 1680 4378 SandomirJ'ssi,
1706 4239 1799 4312 diota

250 4364 527 4458 Kobyerniozkm
552 4367 635 4440 item
663 4372 746 4439 sunt
771 4367 821 4438 ibi
848 4367 992 4458 praedia
1017 4367 1085 4440 duo
1103 4365 1278 4457 militaria,
1305 4366 1390 4437 item
1416 4364 1493 4456 agri
1518 4363 1742 4468 laberpprum
1762 4366 1799 4432 et

250 4487 535 4579 hortulauiarum‚
561 4486 607 4562 de
624 4489 749 4579 quibus
766 4488 927 4582 omnibus
953 4487 1146 4561 decimatur
1169 4507 1233 4578 pro
1251 4465 1398 4560 ecclesia
1424 4485 1459 4556 in
1486 4483 1796 4556 Strzezowicze.

355 4609 497 4700 Usum,
531 4609 615 4682 villa
640 4609 705 4681 sub
732 4595 914 4701 parochias
925 4608 975 4696 ¹de
1011 4608 1352 4696 Strzezowicze
1386 4607 1473 4698 sito,
1508 4605 1605 4678 cuius
1631 4602 1799 4678 haeredes

251 4727 428 4814 lohannes
455 4735 492 4801 et
517 4728 643 4803 Petrus
670 4730 713 4802 de
739 4730 846 4803 aruris
872 4727 1062 4826 Ostoya
1088 4730 1130 4804 In
1157 4732 1325 4820 quasunt
1351 4726 1419 4799 duo
1445 4726 1538 4798 lanei
1568 4723 1801 4938 malms

252 4871 375 4923 versus
409 4852 598 4941 orientem,
632 4851 849 4941 pertinentes
875 4850 921 4934 ad
947 4849 1125 4922 ecclesiam
1162 4850 1197 4921 in
1225 4845 1471 4937 Gorzicze,
1509 4847 1594 4917 item
1619 4864 1662 4935 pr
1766 4864 1798 4914 m

253 4971 407 5043 einsdem
433 4972 598 5044 ecclesiae
625 4970 782 5062 liborum,
807 4971 892 5042 item
918 4989 988 5042 una
1012 4970 1160 5042 taberna
1184 4969 1317 5042 habeus
1343 4986 1456 5057 agros
1483 4964 1526 5037 de
1553 4964 1677 5054 quibus
1703 4962 1797 5036 deoi-

253 5097 368 5164 matur
389 5099 426 5164 et
444 5096 629 5163 consuatur
655 5110 719 5181 pro
737 5085 884 5168 eeclesia
910 5089 946 5161 in
972 5086 1219 5180 Goraycze.
1244 5088 1333 5160 Item
1359 5085 1505 5176 praedia
1531 5082 1800 5174 duomilitoria,

254 5212 297 5284 de
324 5214 448 5304 quibus
483 5211 651 5286 ambobus
686 5210 836 5283 solvitur
862 5213 898 5282 et
924 5209 1148 5300 conducitur:
1162 5207 1296 5282 decium
1321 5206 1546 5298 manipularis
1572 5201 1737 5298 ecolesIae
1763 5203 1800 5276 in

254 5329 615 5424 Strzezowicze3
641 5331 685 5404 do
711 5329 789 5404 aliis
815 5335 942 5404 autem-
957 5327 1067 5403 laneis
1093 5328 1246 5419 eiusdem
1270 5328 1383 5422 villae,
1410 5327 1603 5421 decimatur
1627 5344 1691 5417 pro
1709 5324 1802 5397 vica-

255 5452 310 5522 ria
335 5454 552 5543 praebendae
578 5452 867 5525 Sandomirieusis
899 5449 1186 5544 eobyerniczska

219 5650 222 5654 ,
359 5569 632 5665 Gnoouornczs,
658 5574 742 5650 villa
766 5572 1024 5666 subs-parochia
1049 5572 1094 5648 de
1120 5570 1462 5644 Strzezowicze
1489 5570 1567 5660 sita,
1593 5568 1692 5670 cuius
1719 5565 1802 5638 hae·

257 5711 314 5762 res
340 5690 499 5763 Warsius
524 5692 881 5788 Zelichlinszky
907 5695 1040 5768 habens
1067 5693 1333 5826 ibiwpraedium,
1360 5691 1403 5764 de
1430 5711 1498 5782 quo
1527 5673 1675 5774 deciuidt
1692 5685 1801 5757 eccle

258 5812 330 5883 siae
358 5813 392 5883 in
420 5809 777 5906 Strzezowioae,
812 5820 954 5906 praetor
983 5811 1123 5908 pauoos-¹
1138 5831 1241 5906 agros
1268 5811 1421 5884 eiusdem
1448 5808 1601 5904 praedii,
1637 5812 1674 5877 ot
1699 5823 1802 5896 agros

256 5934 358 6005 unius
386 5931 576 6004 omethonis
602 5952 745 6024 paucae,
781 5934 976 6027 dequibus
1003 5934 1196 6007 decimatur
1222 5932 1387 6004 ccclesiae
1413 5930 1449 6001 in
1475 5927 1673 5999 Midlou.
1716 5926 1802 5997 Item

258 6061 340 6126 sunt
375 6054 423 6125 ibi
450 6053 600 6145 quinque
620 6051 726 6144 Jpnei
760 6055 1012 6148 cmethonales,
1047 6054 1243 6145 dequibus
1278 6050 1471 6122 decimatur
1508 6067 1572 6148 ppo
1607 6045 1804 6139 praebenda

257 6174 528 6248 Sandomiriensi
554 6172 828 6267 Kobperniczka
1311 6163 1339 6242 ζῆ

361 6295 477 6368 Villae
502 6294 730 6386 parochiales:
755 6292 1120 6384 Straezowicze,
1145 6292 1169 6365 J
1179 6292 1336 6384 agnin,
1367 6269 1537 6381 Ubnin,
1563 6286 1805 6390 Grocholi-

152 6401 156 6410 ’
259 6435 352 6509 oze,
379 6415 733 6507 ludorowiecz,
757 6413 980 6498 stobilani
1005 6418 1162 6524 utraque,
1199 6411 1468 6503 Brathkow,
1494 6409 1707 6512 Kochow,
1733 6427 1805 6480 me-

260 6533 371 6606 dietas
397 6537 501 6608 villae
527 6533 822 6630 Ozyrnikow‚
849 6554 937 6627 quae
963 6537 1017 6606 est
1043 6531 1213 6606 militaris.
