4200 8342
279 1603 387 1673 ,68

442 1806 635 1897 anrnoW,
676 1807 759 1879 villa
784 1807 848 1879 sub
875 1807 1040 1897 parochia
1067 1806 1110 1878 (1(
1129 1860 1136 1876 .
1155 1862 1162 1877 .
1182 1863 1189 1876 .
1209 1846 1243 1877 .-.
1262 1862 1296 1877 ..
1324 1809 1408 1898 sita,
1445 1809 1543 1879 cuius
1569 1809 1696 1881 haeres
1723 1809 1887 1882 Nicolaus

336 1930 597 2021 Lubelczyk
624 1928 667 2000 de
697 1928 797 1999 domo
838 1928 1076 2018 Rosarum,
1121 1928 1157 2011 in
1185 1951 1253 2019 qua
1280 1934 1361 2000 sunt
1394 1929 1487 2000 lanei
1520 1930 1775 2020 cmethouales,
1807 1931 1887 2002 item

336 2052 501 2139 taberna,
538 2050 620 2121 item
657 2049 852 2138 hortulani,
872 2049 1057 2153 -habentcs
1094 2071 1216 2141 agroS,
1251 2050 1447 2150 dequibus
1484 2051 1643 2129 omnibus
1679 2051 1829 2125 solvitur
1855 2060 1888 2124 et

335 2171 540 2243 conducitur
570 2169 703 2249 decima
728 2169 952 2259 manipularis
971 2171 1169 2260 praeposito
1187 2166 1440 2268 Jemyelueusi,
1468 2171 1573 2243 euius.
1593 2172 1692 2244 valor
1708 2172 1755 2244 ad
1774 2227 1887 2243 .....

334 2278 427 2363 ltem'
449 2297 503 2364 cst
529 2292 578 2362 ibi
603 2312 710 2363 unum
737 2290 917 2382 praedium
944 2291 1103 2381 militare,
1130 2291 1174 2362 de
1193 2292 1291 2366 cuius
1318 2293 1413 2382 agris
1439 2292 1633 2366 decimatur
1659 2295 1827 2367 eeclesiae
1853 2295 1887 2366 in

292 2418 294 2423 ’
334 2398 659 2485 Kurozwanki.
788 2450 791 2454 ·
917 2420 921 2427 '
1498 2490 1500 2497 ,
1688 2493 1698 2501 ,

438 2534 643 2624 Juuunow,
680 2533 763 2610 villa
798 2533 863 2606 sub
897 2533 1064 2623 parochia
1100 2534 1143 2606 de
1177 2533 1423 2626 Jemyelno
1460 2535 1546 2627 sita,
1582 2536 1680 2608 culus
1719 2537 1888 2615 haeredes

334 2654 494 2726 Andreas
521 2659 557 2726 et
583 2653 734 2726 lacobus
761 2653 784 2725 J
794 2655 1102 2746 akubowsczy
1128 2655 1172 2727 de
1199 2654 1300 2728 domo
1326 2654 1496 2747 Rosza,
1515 2658 1569 2737 -in
1595 2679 1665 2749 qua
1690 2662 1774 2745 sunt
1799 2659 1888 2748 lanei

333 2775 585 2865 cmethouales,
613 2777 693 2847 item
720 2775 916 2867 hortulani,
943 2775 1027 2846 item
1054 2776 1235 2866 tabernae,
1271 2776 1356 2848 item
1381 2762 1701 2868 praedium-,unum
1715 2772 1885 2871 ¹militare,

334 2897 378 2969 (1(
405 2898 531 2988 quibus
556 2895 716 2970 omnibns
743 2896 890 2984 solvitur
921 2895 1055 2968 decima
1079 2896 1319 2987 manipularis,
1333 2903 1371 2969 et
1396 2899 1573 2989 canapalis
1593 2896 1663 2990 'pro
1689 2901 1887 2992 praeposito

333 3017 577 3110 Jemyelnensi,
605 3018 702 3091 ouius
728 3018 835 3109 valor>
854 2997 899 3089 ad
925 3016 1043 3121 decern
1063 3038 1212 3090 marcas.

436 3140 689 3229 Dnnncuowr,
723 3140 808 3211 villa
834 3139 898 3211 snb
931 3139 1097 3235 parochia
1130 3139 1295 3211 ecclesiae
1327 3139 1370 3211 de
1396 3139 1419 3212 J
1429 3140 1639 3233 emyelno
1667 3142 1756 3232 sita,
1793 3144 1887 3215 cuius

332 3261 455 3334 haeres
482 3260 725 3351 Kornensky
752 3259 795 3331 de
822 3261 923 3333 domo
951 3258 1230 3351 Streparum,
1257 3261 1293 3331 in
1321 3283 1390 3355 qua
1416 3269 1498 3334 suut
1523 3262 1617 3334 lanei
1643 3264 1886 3352 cmethouales,

331 3383 416 3452 item
451 3381 647 3472 hortulani,
691 3382 775 3453 item
801 3381 986 3470 tabernae,
1021 3381 1105 3452 itern
1132 3381 1312 3470 praedium
1348 3405 1452 3454 unum
1486 3383 1654 3474 militare,
1690 3371 1886 3476 dequibus

333 3504 491 3575 omnibus
518 3479 665 3576 soluitur
691 3508 727 3575 et
754 3480 958 3574 conducitur
986 3501 1122 3574 decima
1146 3503 1372 3594 manipularis
1391 3507 1427 3575 et
1445 3504 1622 3595 canapalis
1646 3526 1712 3597 pro
1739 3527 1886 3598 praepo-

333 3625 445 3695 situra
471 3616 715 3716 lemyelnensi,
742 3623 839 3696 cuius
866 3622 963 3696 valor
991 3623 1197 3695 aestimatur
1223 3623 1268 3695 ad
1295 3625 1413 3716 decem
1439 3646 1584 3698 marcas.
1633 3612 1638 3701 ff

1033 3745 1194 3817 Barnor.
1746 3811 1751 3827 ,

438 3866 702 3969 Villa„habens
729 3865 766 3936 in
793 3886 830 3937 se
856 3865 1091 3959 parochialem
1105 3866 1298 3939 ecclesiam
1323 3867 1483 3959 ligneam,
1510 3867 1635 3943 Sancto
1662 3870 1808 3953 Nicolao
1836 3871 1885 3941 di-

334 3993 464 4078 catam,
501 3967 597 4059 cuius
632 3987 829 4079 proprietas
856 3987 902 4058 ad
929 3987 1187 4061 serenissimum
1213 3988 1378 4062 Poloniae
1404 4008 1521 4080 regern
1547 3990 1719 4083 pertinet,
1755 3992 1791 4062 in
1820 4014 1886 4083 qua

332 4118 414 4183 sunt
439 4110 532 4182 lanei
559 4109 800 4200 cmethouales,
827 4109 911 4197 item
936 4111 1113 4199 tabernae,
1139 4110 1222 4182 item
1248 4110 1478 4202 hortulaniae,
1503 4112 1548 4185 de
1575 4112 1700 4203 quibus
1726 4114 1884 4185 omnibus

333 4232 482 4303 solvitur
508 4238 544 4302 et
570 4231 774 4302 conducitur
799 4231 934 4303 decima
960 4231 1187 4321 manipularis
1214 4236 1251 4302 et
1277 4232 1453 4322 canapalis
1479 4253 1544 4323 pro
1571 4233 1734 4325 episeopo
1761 4233 1885 4306 Gracc·

331 4353 460 4442 riensi,
487 4352 584 4423 cuius
610 4349 709 4424 valor
735 4351 938 4422 aestimatur
965 4351 1009 4422 ad
1037 4350 1155 4422 decern
1183 4372 1339 4424 marcas.-
1626 4358 1628 4362 '

960 4471 1265 4546 Krcznuczrczu.
1385 4469 1387 4473 ’
1506 4508 1508 4515 ·

435 4593 547 4684 Villa,
583 4593 716 4666 habens
743 4594 779 4664 in
807 4613 845 4664 se
871 4593 1051 4664 ecclesiam
1075 4593 1321 4685 vparochialem
1357 4594 1526 4686 ligneam,
1561 4594 1687 4668 Sancto
1714 4594 1884 4687 Procopio

331 4716 529 4790 Confessori
555 4715 723 4805 dicatam,
750 4714 847 4815 cuius
874 4715 1042 4787 haeredes
1068 4714 1221 4789 lacobus
1247 4715 1368 4788 Kula
1393 4722 1431 4789 et
1456 4702 1816 4809 Krsczanczsky
1842 4717 1884 4789 de

329 4840 435 4912 armis
464 4837 777 4930 Accipitrum,
804 4837 839 4906 in
864 4857 932 4927 qna
950 4822 1033 4908 sunt
1058 4836 1151 4909 lanei
1177 4838 1421 4929 cmethouales,
1448 4839 1491 4911 (1(
1518 4840 1644 4931 quibus
1672 4838 1823 4913 solvitur
1848 4845 1883 4912 et

330 4961 535 5032 conducitur
571 4959 704 5031 decima
740 4957 966 5048 manipularis
1001 4964 1037 5030 et
1069 4959 1245 5049 canapalis
1280 4980 1344 5050 pro
1370 4959 1486 5032 media
1519 4966 1620 5051 parte
1655 4960 1822 5033 eeclesiae
1848 4961 1882 5032 in

330 5083 707 5173 Krczanczycze,
735 5085 770 5152 et
787 5080 940 5171 proalia
953 5086 1055 5172 parte
1073 5079 1188 5153 media
1205 5080 1369 5153 ecclesiae
1388 5070 1516 5154 eteius
1543 5082 1694 5173 plebano
1717 5083 1754 5155 in
1781 5082 1883 5154 San·

329 5204 556 5293 dayschow,
584 5203 680 5273 cuius
704 5201 802 5273 valor
824 5203 1030 5273 aestimatur
1049 5201 1092 5272 ad
1112 5256 1226 5273 .....
1243 5203 1331 5274 ltem
1350 5203 1496 5276 ecclesia
1521 5210 1558 5276 ct
1583 5203 1752 5295 plebanus
1778 5205 1884 5278 habet

330 5325 378 5400 ibi
405 5324 566 5414 proprios
593 5344 696 5414 agros
724 5328 759 5393 et
785 5327 887 5414 prata
914 5344 977 5413 pro
1005 5344 1068 5395 suo
1096 5345 1160 5395 usu
1186 5324 1224 5396 e't
1249 5325 1466 5409 necessitate.
1529 5394 1531 5399 .

431 5445 618 5534 Drusorum,
645 5443 729 5514 villa
757 5445 821 5516 sub
849 5445 1014 5535 parochia
1041 5444 1205 5516 ecclesiae
1233 5445 1276 5516 de
1302 5445 1644 5519 Krczanczicze
1670 5447 1760 5538 sita,
1787 5449 1884 5520 cuius

328 5568 525 5661 proprietas
554 5565 598 5637 ad
624 5565 792 5638 Jacobum
820 5565 1242 5660 deKonyeczpolye
1268 5568 1429 5659 pertinet,
1457 5569 1500 5641 de
1526 5569 1632 5642 armis
1658 5568 1883 5667 Pobodzc,

328 5712 392 5784 pro
421 5710 490 5761 nna
517 5687 712 5777 medietate,
739 5707 803 5777 pro
831 5688 942 5759 altera
964 5709 1048 5759 vero
1067 5689 1201 5779 minori,
1229 5689 1274 5761 ad
1291 5689 1437 5764 Kulrm
1462 5689 1658 5781 praefatum
1684 5693 1883 5785 proprietas

327 5812 431 5884 villae
458 5810 630 5902 pertinet,
666 5810 703 5882 in
731 5829 799 5900 qna
826 5815 907 5882 snnt
933 5810 1115 5885 duodecim
1140 5811 1232 5883 lanei
1260 5812 1511 5903 cmethouales,
1539 5814 1621 5907 item
1648 5813 1736 5887 duae
1764 5815 1884 5887 hortu·

327 5933 460 6022 laniae,
496 5931 539 6003 de
568 5932 692 6022 quibus
729 5930 862 6002 decima
896 5930 1042 6002 solvitur
1070 5939 1107 6004 et
1133 5930 1337 6005 conducitur
1363 5954 1427 6023 pro
1454 5934 1616 6025 episcopo
1652 5934 1884 6026 cracoviensi,

249 6134 261 6145 ⁶
331 6057 367 6124 et
393 6053 491 6124 valor
518 6053 593 6127 cius
620 6053 825 6126 aestimatur
851 6052 1056 6125 ((1...;..

432 6173 589 6264 Bonow,
613 6174 696 6245 villa
722 6175 787 6247 sub
801 6176 967 6265 parochia
977 6174 1020 6246 de
1034 6174 1356 6268 Krczanczyce
1382 6177 1468 6268 sita,
1486 6177 1584 6251 cuius
1602 6177 1771 6250 haeredes
1785 6179 1882 6251 nobi·

326 6294 379 6369 les
397 6350 427 6366 ..
446 6349 472 6385 .,
499 6295 534 6365 in
549 6316 617 6386 qna
635 6303 717 6367 sunt
734 6297 823 6368 lanei
843 6297 1094 6388 cmethouales,
1114 6298 1295 6397 dequibus
1318 6298 1467 6371 solvitur
1479 6305 1517 6372 et
1529 6299 1735 6373 conducitur
1751 6301 1886 6373 decima
1940 6368 1944 6375 .

326 6417 554 6509 manipularis
567 6422 604 6489 et
616 6419 791 6506 canapalis
810 6441 873 6508 pro
892 6442 963 6494 una
981 6426 1081 6510 parto
1096 6419 1260 6492 ecclcsiae
1288 6421 1324 6491 iu
1342 6420 1459 6491 Krcz
1471 6440 1523 6493 an
1534 6443 1580 6495 cz
1589 6445 1611 6513 p·
1623 6443 1679 6512 ce,
1693 6444 1757 6513 pro
1771 6422 1882 6495 altera

327 6559 411 6614 raro
438 6539 624 6616 medietate
646 6540 856 6615 monasterio
877 6541 1181 6638 Andrzeyovieusi,
1209 6543 1306 6616 cuius
1333 6543 1430 6616 valor
1456 6543 1661 6619 aestimatur
1678 6542 1724 6617 ad
1741 6597 1857 6618 .....
1865 6597 1883 6618 ..
