4200 8342
305 1575 378 1650 556

408 1782 535 1855 Samon
554 1835 668 1854 .....

405 1901 568 1973 Paonnr.
596 1956 710 1972 .....

857 2021 1136 2094 Boemornrcza
1163 1971 1292 2092 affin.

403 2139 499 2212 Villa
525 2142 657 2213 habens
683 2144 719 2212 in
747 2163 784 2213 se
811 2142 1043 2232 parochialem
1071 2141 1252 2213 ecclesiam
1278 2139 1403 2213 Sancto
1429 2139 1582 2212 Johauni
1599 2139 1655 2250 Er

301 2261 461 2351 dicatam,
488 2263 585 2333 cuius
611 2262 808 2352 proprietas
834 2262 880 2333 ad
906 2262 1162 2334 serenissimum
1189 2260 1353 2334 Poloniae
1380 2281 1498 2351 regem
1524 2280 1568 2350 pe

301 2389 382 2455 sunt
408 2388 540 2472 septem
575 2382 666 2452 lanei
694 2383 943 2472 cmethouales,
981 2383 1176 2474 dequibus
1212 2380 1371 2453 omnibus
1407 2380 1554 2453 solvitur
1580 2386 1617 2451 et
1643 2378 1756 2452 condu
1789 2381 1850 2452 tur

153 2500 157 2509 ’
301 2503 434 2582 decima
459 2503 684 2593 manipularis
712 2509 749 2574 et
775 2505 949 2595 cenapolis
969 2558 1082 2573 .....
1127 2504 1214 2574 Item
1242 2503 1387 2575 ecclesia
1413 2509 1449 2574 et
1474 2502 1642 2592 plebanus
1667 2499 1773 2572 habet
1799 2499 1850 2571 ihi

300 2624 460 2713 proprios
486 2643 589 2713 agros
616 2626 652 2694 et
679 2628 789 2716 prata,
817 2644 881 2715 pro
908 2646 971 2697 suo
997 2644 1062 2696 usu
1088 2623 1230 2715 praedio
1259 2629 1294 2696 et
1320 2625 1537 2695 necessitate.

405 2743 618 2815 Sunzmacza
644 2743 793 2816 Jacoar.
830 2800 837 2815 .
891 2801 898 2815 .
952 2800 960 2815 .
1014 2801 1020 2815 .

404 2864 627 2938 Camunnom
671 2920 679 2936 .
733 2921 740 2935 .
794 2919 803 2935 .
856 2921 863 2935 .

404 2984 681 3059 Karrscnow„
736 3039 745 3055 .
797 3042 805 3058 .
859 3043 867 3056 .

403 3104 588 3177 Summanu.
625 3162 632 3176 .
685 3161 693 3176 .
747 3162 754 3177 .
808 3163 815 3178 .

404 3225 686 3298 Gznsunwrcra.
727 3281 735 3298 .
788 3281 796 3297 .
850 3282 857 3297 .
911 3281 918 3296 .

810 3323 813 3328 ’
975 3345 1175 3418 Ruarrrrwr.

404 3466 498 3539 Villa
524 3467 655 3537 hahens
690 3468 727 3538 in
754 3486 791 3538 se
817 3467 1050 3557 parochialem
1085 3465 1263 3538 ecclesiam
1294 3464 1464 3556 ligneam,
1505 3462 1675 3544 Omnibus
1710 3461 1849 3534 Sanctis

302 3587 460 3675 dicatam,
488 3587 585 3657 cuius
612 3587 737 3658 haeres
759 3573 923 3660 Nicolaua
949 3585 990 3657 M
999 3605 1234 3677 orawyecz
1262 3585 1304 3656 de
1332 3573 1433 3657 domo
1460 3584 1685 3676 Powalya.
1711 3583 1752 3654 ln
1779 3601 1857 3673 qu..

301 3714 382 3778 sunt
408 3728 468 3778 sex
493 3707 585 3776 lanei
612 3707 855 3797 memorales,
884 3708 967 3778 item
992 3706 1212 3779 hortulanioe
1239 3707 1328 3778 duae
1356 3706 1523 3777 habentes
1550 3726 1668 3795 agros,
1701 3702 1744 3775 de
1771 3703 1850 3793 qui·

301 3827 366 3898 bus
393 3827 540 3899 solvitur
568 3832 602 3897 et
630 3827 832 3899 conducitur
868 3828 1002 3899 decima
1027 3827 1255 3917 manipularis
1281 3832 1317 3899 et
1343 3826 1517 3917 canapalis
1543 3846 1607 3918 pro
1634 3824 1846 3899 monasterio

301 3947 446 4019 Sanctae
474 3946 593 4018 Crucis
621 3946 753 4019 Calvi
780 3946 974 4038 Montis,
1000 3950 1097 4020 cuius
1124 3947 1223 4020 valor
1249 3947 1453 4019 aestimatur
1470 3947 1514 4017 ad
1534 3948 1686 4038 quinque
1703 3964 1849 4016 marcas.

300 4068 387 4139 Item
414 4068 559 4139 ecclesia
584 4068 691 4139 habet
717 4068 766 4139 ibi
794 4087 896 4159 agros
924 4070 1053 4142 liberos
1079 4068 1241 4161 proprios
1268 4073 1304 4139 et
1329 4074 1438 4158 prata,
1465 4089 1614 4158 proauo
1640 4064 1784 4159 praedio
1813 4071 1851 4137 et

300 4210 372 4260 usu.
416 4189 505 4259 item
532 4194 613 4259 sunt
640 4189 688 4258 ihi
716 4188 804 4260 duae
835 4190 1002 4262 tabernae
1037 4190 1206 4261 hahentes
1243 4209 1365 4279 agros,
1406 4201 1551 4280 quarum
1578 4189 1774 4278 proprietas
1800 4185 1848 4258 ad

302 4308 480 4380 ecclesiam
509 4315 544 4379 et
571 4309 756 4398 plebanum
782 4310 944 4399 pertinet,
972 4310 1015 4381 de
1033 4331 1178 4401 quarum
1206 4310 1300 4399 agris
1326 4310 1517 4381 decimatur
1542 4308 1689 4400 plebano
1716 4307 1752 4378 in
1779 4306 1850 4378 Ri-

301 4429 345 4500 bi
358 4430 486 4518 thwy.
531 4430 619 4499 Item
648 4437 702 4501 est
729 4430 778 4500 ihi
805 4430 984 4520 praedium
1013 4453 1117 4503 unum
1145 4430 1312 4521 militare,
1339 4431 1382 4502 de
1409 4431 1505 4503 cuius
1533 4432 1628 4521 agris
1655 4430 1850 4501 decimatur

301 4549 466 4621 ecclesiae
494 4550 528 4618 in
555 4549 800 4642 Ribithwy,
841 4551 939 4623 cuius
957 4552 1063 4623 ⁸valor
1089 4554 1292 4624 aestimatur
1318 4553 1362 4624 ad
1388 4557 1462 4623 tres
1490 4572 1632 4623 marcas.
1677 4552 1764 4622 Item
1794 4557 1850 4621 est

299 4670 347 4741 ihi
376 4691 464 4740 unus
499 4668 618 4739 laneus
655 4669 901 4762 cmethoualis,
937 4672 974 4742 in
1001 4672 1109 4743 cruda
1143 4673 1259 4744 radice
1296 4674 1511 4763 extirpatus,
1547 4672 1590 4743 de
1622 4693 1689 4762 quo
1717 4671 1853 4742 decima

300 4791 525 4881 manipularis
552 4791 656 4861 datur
683 4811 746 4881 pro
774 4791 919 4863 ecclesia
944 4793 979 4862 iu
1007 4792 1254 4883 Ribithwy.

403 4911 589 4983 Borszrrn.
626 4967 633 4979 .
687 4967 694 4981 .
749 4967 756 4981 .
810 4967 817 4981 .

404 5031 634 5105 Mrusenow.
680 5087 687 5101 .
740 5087 748 5103 .
798 5069 809 5103 ·.
862 5089 869 5103 .

404 5152 592 5225 Kocczrr.
626 5208 632 5223 .
687 5208 694 5222 .
749 5209 756 5223 .
810 5208 818 5223 .

404 5271 576 5345 Oroczno
579 5329 815 5343 .....

1005 5395 1149 5467 Ruono.
1235 5435 1238 5446 ·

403 5513 496 5586 Villa
522 5513 653 5585 habeus
681 5515 716 5585 in
742 5534 779 5586 se
806 5515 1039 5605 parochialem
1066 5516 1246 5589 ecclesiam
1262 5565 1376 5589 .....
1395 5573 1403 5609 ,
1430 5517 1565 5591 Sanctis
1592 5517 1737 5591 Nicolao
1764 5539 1849 5590 con-

299 5635 423 5709 sessori
451 5643 488 5707 et
513 5635 644 5707 Jacobo
672 5635 841 5726 Apostolo
869 5636 1017 5708 dicamm
1020 5691 1214 5708 ........

401 5755 560 5829 Osraow
588 5756 736 5847 Maroa,
770 5757 856 5828 villa
881 5759 945 5829 suh
972 5759 1139 5849 parochia
1164 5760 1329 5832 ecclesiae
1356 5761 1398 5832 de
1425 5762 1585 5834 Rudno
1621 5763 1706 5851 sita,
1748 5761 1850 5834 cuius

298 5878 467 5950 haeredes
495 5877 673 5949 lohannes
699 5876 882 5949 Mantul
910 5886 947 5950 et
972 5878 1268 5970 Msczyslaus
1296 5882 1338 5952 de
1365 5884 1470 5953 armis
1497 5882 1695 5954 Nomina.
1722 5881 1762 5951 ln
1781 5902 1853 5972 qua

299 6004 380 6069 sunt
406 5998 497 6068 lanei
526 5999 770 6089 cmethouales,
797 5999 840 6071 de
863 5998 993 6090 quihus-
1013 6000 1160 6071 solvitur
1178 6006 1214 6071 et
1232 6002 1438 6074 conducitur
1464 6003 1599 6073 decima
1624 6001 1851 6093 manipularis

299 6123 334 6187 et
361 6118 535 6209 canapalis
562 6139 625 6209 pro
645 6174 760 6189 .....

401 6238 683 6309 Wneua'mczro..
738 6295 744 6308 .
798 6293 805 6308 .
859 6294 866 6308 .

400 6358 533 6432 Ruono
552 6359 729 6432 Maron..
782 6414 790 6432 .
844 6379 852 6429 ;
905 6415 912 6432 .

401 6477 533 6551 Rauso
564 6480 733 6554 Mmon..
787 6534 795 6549 .
848 6534 856 6550 .
910 6537 917 6550 .
