4200 8342
1670 1661 1742 1738 toa

184 1860 298 1933 altera
323 1860 486 1933 haeredis
517 1880 605 1951 quae
634 1863 740 1934 hahet
768 1884 888 1954 agros,
925 1871 961 1935 ot
988 1865 1031 1937 de
1058 1868 1217 1939 omnibus
1253 1868 1400 1939 solvitur
1427 1869 1560 1940 decima
1586 1873 1743 1962 manipu-
1797 1872 1801 1879 '

185 1981 271 2053 laris
297 1986 335 2053 et
362 1982 539 2073 canapalis
566 1983 863 2055 archidiaconatui
889 1984 1168 2078 Sandomiriensi‚
1196 1995 1232 2059 et
1259 1989 1357 2059 valor
1384 1990 1459 2059 eius
1477 1991 1681 2063 aestimatur
1698 1993 1742 2064 ad

186 2100 305 2174 decem
331 2122 485 2191 marcas3
521 2102 604 2174 item
632 2108 687 2174 est
712 2104 762 2175 ibi
789 2125 894 2175 unum
921 2106 1101 2195 praedium
1129 2109 1297 2197 militare,
1335 2107 1377 2179 de
1405 2109 1502 2180 cuius
1529 2112 1623 2200 agris
1650 2112 1741 2183 deci-

187 2228 303 2295 matur
338 2222 504 2294 ecclesiae
535 2222 572 2294 ln
599 2222 1039 2318 Mikluschowycze3
1075 2228 1159 2299 item
1196 2229 1342 2301 eeclesia
1367 2234 1403 2301 et
1430 2229 1599 2320 plebanus
1635 2232 1741 2304 habet

187 2342 235 2416 rbi
261 2344 424 2435 proprios
452 2363 564 2434 agros,
592 2366 655 2435 pro
683 2366 745 2416 suo
773 2365 838 2416 usn
865 2351 901 2418 et
925 2348 1143 2419 necessitate.

288 2464 498 2554 Danuuio,
543 2464 627 2535 villa
661 2466 725 2536 suh
761 2467 927 2556 parochia
962 2467 1005 2538 de
1041 2466 1475 2560 Myrtuschowyczc
1512 2470 1596 2560 sita,
1644 2474 1741 2544 onius

186 2584 310 2657 haeres
336 2583 511 2676 praefatus
538 2584 703 2657 Nicolaus
730 2585 1015 2679 Gzykowsky
1042 2589 1085 2659 de
1113 2587 1214 2660 domo
1246 2589 1454 2661 Radwan.
1498 2591 1538 2662 In
1567 2610 1635 2682 qua
1661 2598 1743 2664 sunt

184 2710 262 2779 coto
288 2706 382 2776 lanei
410 2706 652 2795 emethonales,
679 2707 763 2778 item
791 2727 860 2778 una
887 2709 1034 2779 taberna
1060 2708 1192 2781 habens
1219 2731 1331 2800 agneo,
1358 2710 1401 2781 de
1429 2712 1553 2801 quihus
1581 2715 1739 2785 omnibus

184 2826 321 2899 decima
346 2825 570 2916 manipularis
597 2818 744 2899 solvitur
771 2828 832 2899 sed
855 2828 1105 2919 diversimode3
1132 2850 1210 2901 nam
1238 2831 1404 2902 maiorem
1430 2836 1565 2921 partem
1593 2834 1742 2923 percipit

179 2948 407 3039 episcopatus
433 2946 673 3020 Gracoriensis
699 2969 771 3019 una
796 2970 874 3021 eum
901 2949 1002 3021 totali
1029 2950 1163 3022 decima
1189 2952 1322 3041 canapi,
1349 2957 1385 3022 et
1407 2953 1509 3023 'valor
1535 2954 1609 3024 eins
1636 2954 1742 3025 aesti-

176 3072 301 3141 matur
334 3069 378 3140 ad
413 3069 564 3171 quinque
600 3089 752 3159 marcas,
788 3071 956 3142 minorem
984 3092 1067 3143 vero
1095 3077 1228 3162 partem
1256 3073 1405 3163 percipit
1441 3074 1741 3146 archidiaconatus

179 3188 447 3280 (lraeoriensis,
484 3190 615 3280 absque
642 3189 758 3281 aliqua
783 3198 883 3281 parte
918 3193 1050 3283 canapi.
1090 3192 1178 3264 Item
1213 3193 1394 3283 praedium
1428 3199 1594 3284 nonest,
1629 3215 1741 3286 neque

176 3309 388 3384 hortulania
413 3311 530 3401 aliqua
555 3311 592 3381 in·
619 3311 739 3383 eadem
767 3313 858 3385 villa.

286 3430 453 3521 woman,
489 3432 573 3503 villa
600 3434 665 3505 suh
691 3435 857 3523 parochia
883 3433 926 3506 de
953 3433 1338 3527 Mykloschowycze
1370 3436 1456 3526 sita,
1492 3437 1590 3508 cuins
1615 3437 1741 3509 haeres

175 3552 379 3625 Doheslaus
413 3552 612 3646 Kmytha
638 3555 681 3625 de
712 3556 819 3626 armis
855 3555 1219 3666 Szrenyawa3'ln
1247 3578 1317 3647 qua
1343 3561 1424 3628 sunt
1459 3562 1606 3647 quatuor
1641 3558 1733 3629 lanei

175 3673 436 3765 emethonales‚
472 3681 509 3745 et
534 3695 603 3745 una
629 3676 775 3747 taberna
801 3677 933 3748 hahens
959 3697 1080 3767 agros,
1117 3677 1160 3749 de
1187 3677 1312 3768 quibus
1339 3679 1498 3750 omnihus
1525 3679 1672 3750 solvitur
1698 3683 1739 3753 et

180 3793 392 3867 conducitur
428 3795 561 3866 decime
594 3796 822 3887 manipularis
852 3802 889 3868 et
915 3799 1092 3889 canapalis
1127 3812 1192 3890 pro
1227 3798 1472 3870 archidiacono
1508 3799 1737 3890 cracoviensi,

179 3915 283 3987 cuius
309 3916 409 3987 valor
435 3917 639 3988 aestimatur
657 3917 701 3988 ad
721 3918 871 4009 quinque
889 3938 1032 3990 marcas.
1060 3920 1149 3990 Item
1167 3940 1236 3991 non
1255 3925 1310 3992 est
1336 3919 1385 3991 ihi
1410 3920 1601 4011 praedium,
1628 3942 1738 4012 neque

178 4036 413 4109 hortulaniae.

287 4156 488 4248 Wrzrczn,
515 4157 598 4229 villa
625 4160 688 4232 snb
715 4160 881 4249 parochia
908 4160 951 4231 de
977 4160 1358 4253 Mykluschowycze
1385 4162 1466 4251 sita,
1494 4163 1590 4233 cuius
1618 4162 1740 4234 haeres

185 4276 313 4350 Petrus
348 4278 635 4371 Wyzyczsky
661 4279 705 4351 dc
731 4280 832 4353 domo
868 4281 1210 4353 Radwanornm.
1250 4281 1289 4351 In
1319 4301 1387 4371 qua
1415 4286 1496 4352 sunt
1529 4283 1619 4353 lanei
1647 4304 1738 4355 oure·

184 4398 366 4488 thonales‚
393 4399 436 4470 de
464 4401 588 4490 quibus
615 4400 763 4473 solvitur
790 4405 826 4473 et
852 4401 1055 4473 conducitur
1087 4402 1219 4473 decima
1246 4403 1470 4491 manipularis
1497 4408 1534 4473 et
1561 4404 1736 4493 canapalis

184 4540 248 4612 pro
275 4520 520 4593 archidiacono
546 4521 778 4610 Crotoniensi,
806 4523 902 4593 euius
929 4523 1028 4594 valor
1045 4521 1091 4593 ad
1109 4522 1226 4594 decom
1253 4543 1386 4594 marcas
1413 4525 1625 4595 aestimatur.
1653 4525 1737 4595 item

185 4640 423 4732 hortulaniae,
458 4642 543 4714 item
570 4644 753 4733 tabernae,
789 4643 872 4715 item
903 4643 1083 4736 praedium
1110 4645 1215 4716 etiam
1243 4644 1411 4735 militare,
1447 4644 1490 4716 de
1517 4645 1613 4717 euius
1640 4646 1735 4735 agaris

186 4762 377 4837 decimatur
395 4817 537 4835 ......
1281 4762 1285 4769 “

856 4884 1075 4959 Pnnscrrow.
1568 4944 1570 4949 -

289 5006 386 5080 Villa
420 5008 554 5079 habena
579 5007 616 5078 in
644 5026 681 5080 se
708 5007 940 5098 parochialem
977 5006 1157 5080 ecclesiam
1192 5007 1361 5097 ligneam,
1396 5007 1523 5078 Sancto
1551 5007 1737 5080 Vincentio

184 5128 333 5220 martyri
361 5127 529 5218 dicatam,
557 5128 655 5199 cuius
681 5129 806 5199 haeres
833 5127 1011 5200 lohannes
1034 5128 1199 5200 dedomo
1227 5127 1468 5218 Gygnorum.
1495 5129 1535 5199 ln
1563 5149 1633 5219 qua
1658 5135 1740 5201 sunt

186 5248 304 5321 decem
319 5254 367 5320 et
392 5268 516 5320 nouem
542 5248 634 5320 lanei
670 5248 922 5340 cmethonales,
957 5250 1045 5321 item.
1076 5250 1223 5320 taberna
1253 5270 1322 5320 nna
1348 5250 1480 5321 hahens
1507 5270 1629 5341 agros,
1656 5251 1741 5323 item

186 5368 338 5462 quatuor
363 5370 582 5442 hortulaniae
609 5371 778 5442 hahentes
805 5392 926 5462 agros,
962 5372 1005 5443 de
1034 5371 1158 5462 quibus
1186 5371 1343 5442 omnihus
1375 5371 1521 5443 solvitur
1548 5376 1584 5442 et
1611 5372 1740 5444 condu-

186 5490 278 5565 citur
312 5490 444 5562 decima
480 5491 704 5581 manipularis
740 5496 776 5562 et
812 5491 987 5582 canapalis
1023 5513 1087 5584 pro
1123 5491 1322 5583 praehenda
1368 5491 1609 5580 Cracoviensi,
1654 5513 1742 5582 quae

186 5617 329 5685 vocatur
346 5611 703 5703 Rzemyandzyczska,
732 5619 767 5682 et
786 5612 885 5683 valor
902 5612 977 5683 eius
995 5612 1040 5685 ad
1059 5613 1182 5704 viginti
1209 5617 1358 5703 quatuor
1376 5632 1511 5685 marcas
1530 5613 1743 5683 aestimatur.

188 5731 276 5805 itam
302 5737 358 5803 est
384 5732 434 5803 ibi
460 5752 565 5802 unum
592 5732 771 5822 praedium
798 5733 957 5822 militare,
984 5733 1027 5804 de
1046 5734 1144 5804 cuius
1168 5734 1262 5824 agris
1290 5734 1482 5805 decimatur
1508 5753 1571 5823 pro
1600 5732 1744 5803 ecclesia

186 5858 221 5927 at
249 5855 327 5926 eius
354 5854 502 5944 plebano
528 5853 564 5924 in
591 5853 837 5943 PleschoW‚
864 5853 1018 5944 exceptis
1045 5854 1180 5927 duobus
1207 5855 1326 5943 laneis,
1356 5855 1414 5944 qui
1442 5853 1613 5944 quondam
1640 5858 1742 5925 erant

186 5973 432 6065 amethonales,
460 5979 496 6046 et
523 5995 608 6066 quos
634 5980 779 6065 propter
796 5974 1012 6046 fertilitatem
1030 5979 1067 6046 et
1083 5976 1279 6047 ubertatem
1298 5974 1395 6044 curia
1412 5994 1476 6064 pro
1496 5993 1534 6043 se
1552 5974 1743 6065 usurpavit,

186 6096 228 6170 de
254 6096 383 6188 quihus
401 6095 507 6168 solvit
524 6094 690 6167 decimam
708 6095 926 6185 praebendae
945 6094 1166 6168 cracoviensi
1183 6094 1402 6186 praebendae
1420 6095 1534 6165 dictae
1552 6094 1743 6188 Rzemyan-

185 6217 354 6311 dryozska
376 6218 412 6288 in
429 6215 655 6313 peroptatum.
682 6216 771 6289 Sunt
789 6217 894 6288 etiam
911 6216 961 6289 ibi
979 6218 1047 6288 duo
1066 6217 1165 6305 lanei,
1194 6215 1254 6308 qui
1272 6215 1445 6306 quondam
1464 6222 1567 6287 erant
1584 6216 1760 6307 curiales,-

187 6360 272 6432 quos
299 6358 391 6410 nunc
419 6338 537 6410 colunt
563 6339 772 6430 cmethones‚
800 6338 843 6409 de
870 6339 996 6431 quihus
1020 6338 1190 6409 decimam
1217 6337 1366 6428 percipit
1393 6338 1541 6410 ecclesia
1561 6342 1602 6409 et
1627 6337 1745 6428 pleba-

185 6480 249 6533 nus
276 6461 314 6531 in
343 6458 593 6551 Pleschou‚
619 6465 657 6531 et
682 6461 781 6533 valor
808 6460 883 6532 eiua
910 6479 1083 6531 unacum
1112 6458 1245 6531 decima
1271 6458 1441 6550 praediali
1468 6459 1672 6531 aestimatur
1698 6458 1744 6531 ad

187 6580 372 6659 duodecim
399 6600 543 6660 marcas.
578 6570 665 6659 Item
692 6600 802 6679 prope
828 6580 956 6659 dictam
984 6580 1102 6656 uillam
1117 6578 1331 6657 Ptenchou·
1353 6584 1409 6659 aa
1434 6580 1592 6677 lahama
1618 6585 1744 6657 uocata
