4200 8342
991 1979 1200 2052 Suasszow.

421 2106 516 2178 Villa
550 2104 683 2177 habens
718 2103 897 2177 ecclesiam
933 2101 1186 2195 parochialem,
1225 2096 1342 2190 lapide
1377 2097 1456 2170 albo
1491 2116 1554 2189 per
1580 2093 1793 2170 Dorotheam
1824 2095 1869 2169 de

319 2229 561 2318 Tharnow,
587 2226 748 2308 relictam
765 2224 913 2296 Martini
930 2222 975 2296 de
1000 2223 1235 2296 Lubnicze
1260 2217 1407 2312 palatini
1424 2218 1659 2292 Lanciciensis
1685 2223 1868 2308 muratam,

317 2356 354 2423 et
379 2350 485 2423 Sanct
504 2401 671 2419 .......
698 2345 847 2418 dicatam
874 2345 910 2416 in
937 2363 985 2435 se,
1012 2344 1110 2417 cuius
1136 2345 1260 2416 haeres
1286 2341 1408 2413 unicus
1435 2344 1472 2413 et
1497 2336 1869 2432 patronuslohannes

317 2467 666 2562 Rythuyensky
702 2465 878 2556 palatinus
903 2463 1143 2537 Oracoriensis
1178 2461 1349 2537 dedomo
1385 2461 1687 2555 Accipitrum.
1731 2461 1772 2534 ln
1799 2477 1869 2564 qna

319 2596 402 2663 sunt
427 2589 520 2662 lanei
546 2586 791 2677 emethonales,
818 2588 900 2658 item
927 2586 1107 2678 praedium
1134 2585 1295 2676 militare,
1321 2585 1404 2658 item
1432 2584 1609 2674 tabernae,
1636 2583 1720 2655 item
1746 2583 1869 2658 hortn'-

318 2712 439 2802 laniae,
466 2711 550 2782 item
576 2707 827 2796 molendinum,
858 2707 1054 2798 dequibus
1081 2707 1240 2778 omnibus
1267 2705 1414 2778 solvitur
1440 2711 1477 2777 et
1503 2702 1705 2778 conducitur
1734 2702 1868 2776 decima

318 2830 544 2923 manipularis
570 2832 608 2901 et
633 2828 810 2919 canapalis
845 2845 909 2919 pro
936 2826 1082 2899 ecclesia
1116 2827 1152 2899 in
1179 2825 1431 2916 Stasszou,
1471 2825 1634 2900 etuslor
1660 2807 1741 2900 cius
1763 2825 1869 2899 aesti-

317 2959 434 3026 matur
459 2950 505 3023 ad
531 2949 650 3023 decem
676 2967 819 3021 mamas.
844 2948 933 3021 Item
959 2947 1129 3040 plebanus
1148 2947 1221 3020 cius
1239 2946 1418 3021 lohannes
1444 2946 1799 3039 Sczepyeczsky
1825 2944 1869 3018 de

318 3075 419 3148 domo
447 3071 625 3145 Leliua.
652 3070 701 3142 Et
725 3071 833 3143 babet
858 3068 1004 3142 ecclesia
1029 3088 1095 3162 pro
1121 3069 1265 3159 praedio
1293 3088 1356 3141 suo
1383 3068 1470 3141 dnos
1497 3068 1625 3158 laneos,
1652 3067 1770 3141 domui
1787 3087 1869 3140 con·

316 3198 451 3287 tiguos,
485 3215 592 3266 unum
619 3200 758 3285 pratum
784 3192 876 3264 inter
903 3211 1007 3282 agros
1040 3191 1236 3284 praediales
1263 3197 1300 3263 et
1326 3192 1554 3281 emethonum,
1581 3209 1703 3263 versus
1730 3189 1868 3281 Ryth-

317 3315 484 3410 wyani,
511 3322 547 3388 et
564 3315 692 3387 ibidem
711 3315 805 3386 circa
822 3321 971 3405 pratum,
989 3319 1149 3404 stagnum
1168 3312 1326 3401 libemm;
1343 3312 1425 3384 item
1444 3312 1549 3385 habet
1566 3311 1708 3384 tertium
1731 3311 1882 3383 laneum.

318 3442 399 3528 post
423 3437 564 3510 fluvium
592 3434 787 3525 Ouarna,
812 3454 934 3508 versus
960 3433 1241 3528 Rythuyani
1267 3453 1373 3526 penes
1400 3432 1488 3505 alios
1515 3434 1634 3506 laneos
1651 3431 1871 3505 cmethonum

317 3559 466 3645 finalem3
491 3557 577 3628 item
594 3556 701 3628 habet
717 3556 867 3646 hortum,
893 3576 1000 3647 penes
1026 3555 1157 3628 dictum
1183 3555 1323 3628 domum
1351 3560 1502 3645 aparte3
1528 3555 1613 3628 item
1639 3554 1747 3628 babet
1763 3573 1868 3628 unam

315 3679 497 3751 tabernam
523 3675 670 3767 ibidem,
709 3676 895 3749 habentem
921 3695 1044 3768 agros,
1084 3697 1173 3767 quae
1205 3676 1311 3749 solvit
1346 3696 1409 3767 pro
1438 3696 1543 3750 censu
1577 3675 1731 3768 plebano·
1762 3696 1867 3749 unam

317 3819 479 3871 marcam.
1299 3803 1311 3834 ’-

419 3921 569 4010 Dorus,
605 3917 688 3993 villa
714 3919 778 3992 snb
803 3920 972 4012 parochia
998 3920 1165 3993 ecclesiae
1191 3920 1235 3994 de
1260 3913 1464 3993 Sta'szou
1499 3919 1577 3993 sita.
1624 3919 1665 3991 In
1692 3939 1761 4011 qua
1787 3925 1870 3992 sunt

315 4043 408 4115 lanei
434 4041 677 4132 emethonales,
702 4041 787 4114 item
815 4042 999 4133 tabernae,
1025 4042 1110 4115 item
1136 4040 1365 4131 hortulaniae,
1391 4040 1474 4113 item
1501 4040 1694 4132 praedium,
1721 4038 1765 4113 de
1791 4041 1868 4132 qui-

316 4165 383 4237 bus
410 4163 557 4237 solvitur
583 4167 619 4235 et
645 4161 849 4236 conducitur
885 4163 1018 4236 decima
1042 4161 1270 4255 manipularis
1297 4167 1334 4235 et
1360 4160 1537 4254 canapalis
1569 4181 1633 4255 pro
1660 4161 1805 4236 ecclesia
1833 4163 1870 4234 in

317 4287 560 4373 Stasszou,
586 4290 623 4355 et
649 4283 749 4355 valor
774 4284 850 4356 eius
877 4285 1086 4358 aestimatur
1112 4282 1156 4356 ad
1185 4283 1335 4376 quinque
1361 4303 1505 4355 marcas.

421 4406 667 4494 Rrruwuaur,
693 4405 776 4476 villa
793 4405 891 4478 iuxta
907 4405 1049 4478 fluvium
1076 4405 1297 4498 Gzyarna,
1326 4405 1384 4497 qui
1411 4405 1544 4478 medius
1562 4405 1726 4479 decurrit.
1741 4395 1870 4480 ratber-
1897 4422 1899 4426 ·

317 4532 375 4598 tus
400 4525 424 4598 J
433 4526 789 4618 astruambyecz
815 4525 859 4597 de
885 4526 1139 4618 hub-nicae,
1166 4525 1316 4619 primum
1343 4527 1601 4619 Poznaniensis,
1629 4526 1755 4601 deinde
1784 4526 1869 4601 Gra-

318 4647 489 4719 coviensis
515 4647 708 4742 episcopus,
734 4646 779 4719 ad
805 4651 995 4720 extremum
1015 4645 1229 4721 Gneznensis
1255 4649 1545 4742 archiepiscopus,
1572 4649 1657 4732 rilla
1683 4651 1760 4743 ipsa
1776 4651 1870 4744 apud

317 4770 476 4842 dominos
502 4768 546 4841 de
571 4767 837 4862 Skothnilry
864 4770 1130 4862 pronepotibus
1157 4775 1325 4862 coempta,
1351 4775 1505 4844 castmm
1532 4771 1647 4845 nobile
1666 4777 1869 4864 sumptuoso

318 4912 423 4982 opere
448 4890 609 4963 muravit.
635 4890 678 4962 In
704 4912 774 4981 qua
799 4895 881 4965 sunt
907 4897 985 4965 octo
1011 4891 1105 4965 lanei
1131 4891 1375 4984 emethonales,
1401 4893 1486 4966 item
1512 4893 1680 4967 tabernae
1706 4898 1781 4967 tres
1806 4896 1869 4967 ha-

316 5015 439 5085 bentes
465 5033 587 5104 agros,
623 5012 708 5085 item
734 5012 887 5105 quinque
913 5012 1132 5087 hortulaniae
1159 5013 1329 5088 habentes
1356 5033 1478 5106 agros,
1518 5013 1554 5087 in
1580 5019 1681 5107 parte
1707 5015 1870 5089 orientali

317 5154 438 5205 versus
465 5132 807 5205 Sandomiriam
835 5135 930 5225 sitos,
957 5134 1001 5208 de
1028 5135 1153 5226 quibus
1180 5135 1338 5209 omnibns
1364 5136 1512 5210 solvitur
1529 5141 1566 5209 et
1584 5136 1788 5210 conducitur
1809 5138 1870 5212 de

319 5253 409 5324 cima
442 5253 667 5344 manipularis
702 5275 767 5344 pro
794 5256 940 5328 ecclesia
974 5256 1166 5347 parochiali
1201 5258 1237 5329 in
1273 5257 1558 5350 Slrothniky,
1595 5264 1631 5330 at
1658 5258 1758 5332 valor
1793 5259 1868 5332 eins

318 5374 524 5446 aestimatur
542 5373 586 5446 ad
604 5395 665 5446 sex
684 5393 829 5448 marcas.
856 5376 963 5449 (iuius
980 5379 1105 5451 haeres
1122 5377 1300 5451 lohannes
1328 5379 1640 5472 Rytbwyeuslr
1650 5401 1673 5472 y
1700 5380 1744 5453 de
1761 5381 1868 5453 armis

317 5495 340 5567 J
349 5495 672 5567 astrzambczi.
698 5495 786 5569 Item
812 5496 990 5586 praedium
1017 5499 1068 5571 ibi
1091 5499 1229 5572 unicum
1256 5499 1416 5572 militare.
1442 5501 1531 5573 Item
1550 5501 1636 5592 agri,
1662 5521 1785 5574 remus
1811 5523 1869 5574 oc·

316 5616 487 5689 cidentem
514 5621 594 5706 post
611 5615 752 5688 flurium
779 5616 991 5710 Gzyarna
1017 5620 1087 5710 siti,
1113 5620 1157 5693 de
1179 5620 1304 5710 quibus
1321 5620 1470 5696 solvitur
1486 5621 1620 5695 decima
1645 5623 1870 5716 manipularis

316 5739 481 5812 eeclesiae
507 5737 544 5810 in
571 5737 816 5831 Stasszow,
843 5745 880 5812 et
906 5741 1005 5814 valor
1030 5742 1105 5814 eius
1131 5742 1337 5815 aestimatur
1362 5743 1407 5816 ad
1433 5748 1507 5817 tres
1533 5765 1678 5818 marcas.

419 5859 669 5952 Sunouzrczu,
709 5862 774 5933 sub
801 5862 968 5953 parochia
1002 5863 1169 5936 ecclesiae
1205 5861 1248 5936 de
1275 5864 1458 5939 Buszko
1484 5865 1570 5956 sila,
1612 5866 1707 5939 cuius
1743 5866 1867 5939 haeres

315 5982 494 6055 lohannes
521 5981 819 6075 Sluszcuslry
845 5983 889 6056 de
916 5984 1022 6056 armis
1048 5983 1242 6077 Lyodza
1277 5986 1317 6059 ln
1345 6007 1414 6078 qua
1440 5993 1522 6060 sunt
1548 5987 1639 6060 lanei
1667 5987 1866 6060 emethona-

315 6103 375 6193 les,
402 6104 484 6175 item
511 6103 667 6195 taberna,
694 6105 775 6178 item
803 6105 1035 6196 hortulaniae,
1062 6105 1250 6198 dequibus
1277 6108 1425 6182 soluitur
1451 6099 1494 6182 et'
1513 6109 1716 6183 conducitur
1733 6109 1868 6183 decima

315 6224 540 6316 manipularis
566 6228 603 6296 et
628 6225 803 6316 casopolis
829 6246 894 6317 pro
912 6226 1057 6300 ecclesia
1084 6227 1120 6300 in
1148 6229 1348 6321 Buszlro,
1375 6236 1412 6305 et
1438 6230 1538 6305 ralor
1563 6231 1638 6303 eius
1662 6231 1868 6306 aestimatur

314 6346 357 6416 ad
376 6401 490 6416 .....
516 6365 659 6418 marcas.
686 6347 774 6418 Item
802 6354 856 6420 est
882 6348 932 6420 ibi
959 6347 1138 6441 pmedlnm
1163 6372 1269 6423 unum
1296 6352 1458 6443 militare,
1486 6353 1529 6425 de
1556 6353 1654 6426 ouius
1683 6353 1778 6443 agris
1804 6352 1866 6427 de·
1966 6371 1970 6378 ’

315 6465 462 6539 rimatur
489 6465 655 6539 ecclesiae
682 6467 717 6538 in
745 6465 996 6561 Stasszou,
1022 6476 1060 6545 et
1086 6471 1186 6576 valor
1211 6472 1286 6546 eius
1312 6473 1358 6546 ad
1385 6479 1460 6548 tres
1487 6493 1623 6548 marcas
1650 6475 1866 6552 aestimatur.

417 6585 533 6657 Villae
558 6589 784 6680 parochiales:
811 6590 1063 6683 Stasszou,
1088 6589 1259 6685 Dohra,
1286 6593 1571 6689 Rythwyani.
