<?xml version="1.0" encoding="UTF-8"?>
<!DOCTYPE html PUBLIC "-//W3C//DTD XHTML 1.0 Transitional//EN"
    "http://www.w3.org/TR/xhtml1/DTD/xhtml1-transitional.dtd">
<html xmlns="http://www.w3.org/1999/xhtml" xml:lang="en" lang="en">
 <head>
  <title>
</title>
<meta http-equiv="Content-Type" content="text/html;charset=utf-8" />
  <meta name='ocr-system' content='tesseract 3.04.00' />
  <meta name='ocr-capabilities' content='ocr_page ocr_carea ocr_par ocr_line ocrx_word'/>
</head>
<body>
  <div class='ocr_page' id='page_1' title='image "./joannisdugoszse01dugoog_0330.png"; bbox 0 0 4200 8342; ppageno 0'>
   <div class='ocr_carea' id='block_1_1' title="bbox 251 1623 375 1698">
    <p class='ocr_par' dir='ltr' id='par_1_1' title="bbox 251 1623 375 1698">
     <span class='ocr_line' id='line_1_1' title="bbox 251 1623 375 1698; baseline -0.016 0"><span class='ocrx_word' id='word_1_1' title='bbox 251 1638 254 1642; x_wconf 79' lang='grc'><em>’</em></span> <span class='ocrx_word' id='word_1_2' title='bbox 299 1623 375 1698; x_wconf 77' lang='lat'>298</span> 
     </span>
    </p>
   </div>
   <div class='ocr_carea' id='block_1_2' title="bbox 230 1796 1890 2772">
    <p class='ocr_par' dir='ltr' id='par_1_2' title="bbox 230 1796 1890 2772">
     <span class='ocr_line' id='line_1_2' title="bbox 298 1796 1848 1916; baseline -0.006 -11"><span class='ocrx_word' id='word_1_3' title='bbox 298 1835 351 1905; x_wconf 91' lang='lat' dir='ltr'>sui</span> <span class='ocrx_word' id='word_1_4' title='bbox 378 1813 593 1902; x_wconf 75' lang='lat' dir='ltr'>successores</span> <span class='ocrx_word' id='word_1_5' title='bbox 620 1847 682 1916; x_wconf 89' lang='lat' dir='ltr'>pro</span> <span class='ocrx_word' id='word_1_6' title='bbox 710 1823 1039 1915; x_wconf 69' lang='lat' dir='ltr'>tempora-debant</span> <span class='ocrx_word' id='word_1_7' title='bbox 1063 1830 1100 1894; x_wconf 87' lang='lat' dir='ltr'>et</span> <span class='ocrx_word' id='word_1_8' title='bbox 1126 1824 1337 1902; x_wconf 75' lang='lat' dir='ltr'>tenebuntur</span> <span class='ocrx_word' id='word_1_9' title='bbox 1364 1796 1578 1912; x_wconf 81' lang='lat' dir='ltr'>praedictam</span> <span class='ocrx_word' id='word_1_10' title='bbox 1605 1822 1785 1894; x_wconf 90' lang='lat' dir='ltr'>ecclesiam</span> <span class='ocrx_word' id='word_1_11' title='bbox 1812 1824 1848 1895; x_wconf 92' lang='lat' dir='ltr'>in</span> 
     </span>
     <span class='ocr_line' id='line_1_3' title="bbox 297 1943 1848 2036; baseline -0.006 -12"><span class='ocrx_word' id='word_1_12' title='bbox 297 1949 586 2026; x_wconf 74' lang='lat' dir='ltr'>Przeczslaw</span> <span class='ocrx_word' id='word_1_13' title='bbox 622 1947 737 2018; x_wconf 87' lang='lat' dir='ltr'>debite</span> <span class='ocrx_word' id='word_1_14' title='bbox 765 1952 809 2018; x_wconf 87' lang='lat' dir='ltr'>et</span> <span class='ocrx_word' id='word_1_15' title='bbox 832 1945 988 2023; x_wconf 82' lang='lat' dir='ltr'>¹honeste</span> <span class='ocrx_word' id='word_1_16' title='bbox 1015 1944 1222 2034; x_wconf 89' lang='lat' dir='ltr'>praesertim</span> <span class='ocrx_word' id='word_1_17' title='bbox 1238 1944 1284 2018; x_wconf 64' lang='lat' dir='ltr'>sin</span> <span class='ocrx_word' id='word_1_18' title='bbox 1312 1944 1391 2014; x_wconf 90' lang='lat' dir='ltr'>ritu.</span> <span class='ocrx_word' id='word_1_19' title='bbox 1411 1943 1524 2016; x_wconf 86' lang='lat' dir='ltr'>cultus</span> <span class='ocrx_word' id='word_1_20' title='bbox 1549 1944 1690 2036; x_wconf 80' lang='lat' dir='ltr'>Domini</span> <span class='ocrx_word' id='word_1_21' title='bbox 1707 1965 1848 2034; x_wconf 86' lang='lat' dir='ltr'>regere,</span> 
     </span>
     <span class='ocr_line' id='line_1_4' title="bbox 298 2043 1890 2160; baseline -0.006 -14"><span class='ocrx_word' id='word_1_22' title='bbox 298 2096 338 2146; x_wconf 88' lang='lat' dir='ltr'>ac</span> <span class='ocrx_word' id='word_1_23' title='bbox 365 2074 464 2150; x_wconf 80' lang='lat' dir='ltr'>bona¹</span> <span class='ocrx_word' id='word_1_24' title='bbox 481 2075 518 2140; x_wconf 88' lang='lat' dir='ltr'>et</span> <span class='ocrx_word' id='word_1_25' title='bbox 533 2043 734 2160; x_wconf 40' lang='lat' dir='ltr'>⁸&#39;proventus</span> <span class='ocrx_word' id='word_1_26' title='bbox 761 2067 872 2157; x_wconf 89' lang='lat' dir='ltr'>ipsius</span> <span class='ocrx_word' id='word_1_27' title='bbox 899 2067 943 2137; x_wconf 91' lang='lat' dir='ltr'>ab</span> <span class='ocrx_word' id='word_1_28' title='bbox 971 2066 1130 2138; x_wconf 88' lang='lat' dir='ltr'>omnibus</span> <span class='ocrx_word' id='word_1_29' title='bbox 1157 2066 1293 2137; x_wconf 91' lang='lat' dir='ltr'>iniuriis</span> <span class='ocrx_word' id='word_1_30' title='bbox 1319 2072 1357 2136; x_wconf 85' lang='lat' dir='ltr'>et</span> <span class='ocrx_word' id='word_1_31' title='bbox 1383 2065 1569 2140; x_wconf 82' lang='lat' dir='ltr'>insultibus</span> <span class='ocrx_word' id='word_1_32' title='bbox 1596 2066 1632 2136; x_wconf 89' lang='lat' dir='ltr'>iu</span> <span class='ocrx_word' id='word_1_33' title='bbox 1658 2064 1785 2139; x_wconf 91' lang='lat' dir='ltr'>iudicio</span> <span class='ocrx_word' id='word_1_34' title='bbox 1813 2073 1850 2138; x_wconf 92' lang='lat' dir='ltr'>et</span> <span class='ocrx_word' id='word_1_35' title='bbox 1888 2096 1890 2100; x_wconf 95' lang='lat'>·</span> 
     </span>
     <span class='ocr_line' id='line_1_5' title="bbox 297 2186 1851 2293; baseline -0.005 -26"><span class='ocrx_word' id='word_1_36' title='bbox 297 2200 409 2285; x_wconf 87' lang='lat' dir='ltr'>extra,</span> <span class='ocrx_word' id='word_1_37' title='bbox 435 2193 540 2265; x_wconf 90' lang='lat' dir='ltr'>etiam</span> <span class='ocrx_word' id='word_1_38' title='bbox 567 2191 710 2280; x_wconf 90' lang='lat' dir='ltr'>propria</span> <span class='ocrx_word' id='word_1_39' title='bbox 736 2191 771 2260; x_wconf 94' lang='lat' dir='ltr'>in</span> <span class='ocrx_word' id='word_1_40' title='bbox 800 2210 950 2281; x_wconf 91' lang='lat' dir='ltr'>persona</span> <span class='ocrx_word' id='word_1_41' title='bbox 977 2194 1013 2259; x_wconf 90' lang='lat' dir='ltr'>et</span> <span class='ocrx_word' id='word_1_42' title='bbox 1040 2189 1200 2293; x_wconf 81' lang='lat' dir='ltr'>expensis</span> <span class='ocrx_word' id='word_1_43' title='bbox 1220 2189 1500 2277; x_wconf 81' lang='lat' dir='ltr'>quotiescumque</span> <span class='ocrx_word' id='word_1_44' title='bbox 1519 2207 1607 2277; x_wconf 91' lang='lat' dir='ltr'>opus</span> <span class='ocrx_word' id='word_1_45' title='bbox 1627 2186 1743 2277; x_wconf 86' lang='lat' dir='ltr'>fuerit,</span> <span class='ocrx_word' id='word_1_46' title='bbox 1761 2193 1851 2260; x_wconf 88' lang='lat' dir='ltr'>stre·</span> 
     </span>
     <span class='ocr_line' id='line_1_6' title="bbox 296 2308 1848 2408; baseline -0.005 -20"><span class='ocrx_word' id='word_1_47' title='bbox 296 2338 363 2388; x_wconf 85' lang='lat' dir='ltr'>uua</span> <span class='ocrx_word' id='word_1_48' title='bbox 390 2320 426 2386; x_wconf 91' lang='lat' dir='ltr'>et</span> <span class='ocrx_word' id='word_1_49' title='bbox 442 2313 638 2408; x_wconf 75' lang='lat' dir='ltr'>‚diligenter</span> <span class='ocrx_word' id='word_1_50' title='bbox 664 2312 765 2401; x_wconf 88' lang='lat' dir='ltr'>tueri,</span> <span class='ocrx_word' id='word_1_51' title='bbox 792 2310 1049 2399; x_wconf 87' lang='lat' dir='ltr'>et-defendere,</span> <span class='ocrx_word' id='word_1_52' title='bbox 1077 2308 1219 2381; x_wconf 84' lang='lat' dir='ltr'>decimis</span> <span class='ocrx_word' id='word_1_53' title='bbox 1246 2314 1282 2379; x_wconf 91' lang='lat' dir='ltr'>et</span> <span class='ocrx_word' id='word_1_54' title='bbox 1309 2310 1534 2398; x_wconf 78' lang='lat' dir='ltr'>proventibus</span> <span class='ocrx_word' id='word_1_55' title='bbox 1561 2309 1710 2381; x_wconf 88' lang='lat' dir='ltr'>alterius</span> <span class='ocrx_word' id='word_1_56' title='bbox 1737 2311 1848 2399; x_wconf 89' lang='lat' dir='ltr'>partis</span> 
     </span>
     <span class='ocr_line' id='line_1_7' title="bbox 230 2428 1847 2528; baseline -0.004 -19"><span class='ocrx_word' id='word_1_57' title='bbox 230 2471 235 2478; x_wconf 91' lang='lat'>·</span> <span class='ocrx_word' id='word_1_58' title='bbox 295 2437 461 2514; x_wconf 68' lang='lat' dir='ltr'>eccladae</span> <span class='ocrx_word' id='word_1_59' title='bbox 487 2433 663 2525; x_wconf 78' lang='lat' dir='ltr'>praefatae</span> <span class='ocrx_word' id='word_1_60' title='bbox 689 2432 866 2506; x_wconf 88' lang='lat' dir='ltr'>ministros</span> <span class='ocrx_word' id='word_1_61' title='bbox 881 2431 1092 2528; x_wconf 69' lang='lat' dir='ltr'>qplariando.</span> <span class='ocrx_word' id='word_1_62' title='bbox 1119 2430 1273 2519; x_wconf 74' lang='lat' dir='ltr'>Quorum</span> <span class='ocrx_word' id='word_1_63' title='bbox 1292 2428 1565 2503; x_wconf 87' lang='lat' dir='ltr'>collationemet</span> <span class='ocrx_word' id='word_1_64' title='bbox 1583 2432 1847 2521; x_wconf 86' lang='lat' dir='ltr'>iuspatrouatus</span> 
     </span>
     <span class='ocr_line' id='line_1_8' title="bbox 297 2553 1848 2648; baseline -0.005 -16"><span class='ocrx_word' id='word_1_65' title='bbox 297 2556 554 2648; x_wconf 80' lang='lat' dir='ltr'>adpraetatum</span> <span class='ocrx_word' id='word_1_66' title='bbox 580 2554 756 2627; x_wconf 91' lang='lat' dir='ltr'>dominu-m</span> <span class='ocrx_word' id='word_1_67' title='bbox 783 2553 993 2625; x_wconf 80' lang='lat' dir='ltr'>stanislaum</span> <span class='ocrx_word' id='word_1_68' title='bbox 1010 2553 1218 2643; x_wconf 83' lang='lat' dir='ltr'>Liganza</span> <span class='ocrx_word' id='word_1_69' title='bbox 1244 2559 1280 2624; x_wconf 93' lang='lat' dir='ltr'>et</span> <span class='ocrx_word' id='word_1_70' title='bbox 1298 2573 1379 2626; x_wconf 86' lang='lat' dir='ltr'>suos</span> <span class='ocrx_word' id='word_1_71' title='bbox 1397 2572 1614 2625; x_wconf 85' lang='lat' dir='ltr'>successores</span> <span class='ocrx_word' id='word_1_72' title='bbox 1633 2554 1769 2643; x_wconf 88' lang='lat' dir='ltr'>quoties</span> <span class='ocrx_word' id='word_1_73' title='bbox 1788 2574 1848 2625; x_wconf 88' lang='lat' dir='ltr'>va-</span> 
     </span>
     <span class='ocr_line' id='line_1_9' title="bbox 297 2657 1848 2772; baseline -0.005 -20"><span class='ocrx_word' id='word_1_74' title='bbox 297 2679 430 2753; x_wconf 78' lang='lat' dir='ltr'>caverit</span> <span class='ocrx_word' id='word_1_75' title='bbox 455 2678 582 2770; x_wconf 86' lang='lat' dir='ltr'>aliqua,</span> <span class='ocrx_word' id='word_1_76' title='bbox 609 2677 766 2749; x_wconf 91' lang='lat' dir='ltr'>volumus</span> <span class='ocrx_word' id='word_1_77' title='bbox 794 2675 990 2765; x_wconf 89' lang='lat' dir='ltr'>pertinere;</span> <span class='ocrx_word' id='word_1_78' title='bbox 1019 2675 1100 2748; x_wconf 87' lang='lat' dir='ltr'>item</span> <span class='ocrx_word' id='word_1_79' title='bbox 1128 2672 1220 2764; x_wconf 89' lang='lat' dir='ltr'>quod</span> <span class='ocrx_word' id='word_1_80' title='bbox 1234 2657 1395 2763; x_wconf 80' lang='lat' dir='ltr'>amplius</span> <span class='ocrx_word' id='word_1_81' title='bbox 1421 2679 1458 2744; x_wconf 91' lang='lat' dir='ltr'>ct</span> <span class='ocrx_word' id='word_1_82' title='bbox 1476 2674 1511 2744; x_wconf 93' lang='lat' dir='ltr'>in</span> <span class='ocrx_word' id='word_1_83' title='bbox 1529 2679 1633 2745; x_wconf 89' lang='lat' dir='ltr'>autea</span> <span class='ocrx_word' id='word_1_84' title='bbox 1653 2675 1848 2772; x_wconf 78' lang='lat' dir='ltr'>habeantur</span> 
     </span>
    </p>
   </div>
   <div class='ocr_carea' id='block_1_3' title="bbox 297 2778 1993 2887">
    <p class='ocr_par' dir='ltr' id='par_1_3' title="bbox 297 2778 1993 2887">
     <span class='ocr_line' id='line_1_10' title="bbox 297 2778 1993 2887; baseline -0.005 -14"><span class='ocrx_word' id='word_1_85' title='bbox 297 2807 335 2872; x_wconf 87' lang='lat' dir='ltr'>et</span> <span class='ocrx_word' id='word_1_86' title='bbox 361 2804 545 2873; x_wconf 80' lang='lat' dir='ltr'>tencantur</span> <span class='ocrx_word' id='word_1_87' title='bbox 572 2804 646 2870; x_wconf 88' lang='lat' dir='ltr'>tres</span> <span class='ocrx_word' id='word_1_88' title='bbox 672 2797 897 2869; x_wconf 90' lang='lat' dir='ltr'>mansionarii</span> <span class='ocrx_word' id='word_1_89' title='bbox 923 2796 1105 2887; x_wconf 89' lang='lat' dir='ltr'>perpetui;</span> <span class='ocrx_word' id='word_1_90' title='bbox 1132 2816 1278 2886; x_wconf 89' lang='lat' dir='ltr'>qnorum</span> <span class='ocrx_word' id='word_1_91' title='bbox 1304 2778 1665 2885; x_wconf 81' lang='lat' dir='ltr'>primus&#39;principalis</span> <span class='ocrx_word' id='word_1_92' title='bbox 1683 2796 1849 2868; x_wconf 86' lang='lat' dir='ltr'>decimam</span> <span class='ocrx_word' id='word_1_93' title='bbox 1989 2844 1993 2852; x_wconf 82' lang='lat'>·</span> 
     </span>
    </p>
   </div>
   <div class='ocr_carea' id='block_1_4' title="bbox 296 2909 1849 3253">
    <p class='ocr_par' dir='ltr' id='par_1_4' title="bbox 296 2909 1849 3253">
     <span class='ocr_line' id='line_1_11' title="bbox 297 2909 1849 3022; baseline -0.002 -29"><span class='ocrx_word' id='word_1_94' title='bbox 297 2909 546 3011; x_wconf 82' lang='lat' dir='ltr'>manipularem</span> <span class='ocrx_word' id='word_1_95' title='bbox 571 2941 648 2992; x_wconf 85' lang='lat' dir='ltr'>cum</span> <span class='ocrx_word' id='word_1_96' title='bbox 676 2920 747 2991; x_wconf 87' lang='lat' dir='ltr'>suis</span> <span class='ocrx_word' id='word_1_97' title='bbox 774 2918 971 2991; x_wconf 88' lang='lat' dir='ltr'>attinentiis</span> <span class='ocrx_word' id='word_1_98' title='bbox 996 2922 1084 3007; x_wconf 86' lang='lat' dir='ltr'>post·</span> <span class='ocrx_word' id='word_1_99' title='bbox 1102 2916 1388 3022; x_wconf 54' lang='lat' dir='ltr'>agros-gemnium-</span> <span class='ocrx_word' id='word_1_100' title='bbox 1411 2922 1448 2988; x_wconf 91' lang='lat' dir='ltr'>et</span> <span class='ocrx_word' id='word_1_101' title='bbox 1474 2917 1688 3006; x_wconf 84' lang='lat' dir='ltr'>singulmvrm</span> <span class='ocrx_word' id='word_1_102' title='bbox 1706 2919 1849 3009; x_wconf 85' lang='lat' dir='ltr'>oppida-</span> 
     </span>
     <span class='ocr_line' id='line_1_12' title="bbox 299 3025 1849 3133; baseline -0.003 -17"><span class='ocrx_word' id='word_1_103' title='bbox 299 3066 421 3117; x_wconf 89' lang='lat' dir='ltr'>norum</span> <span class='ocrx_word' id='word_1_104' title='bbox 457 3042 576 3133; x_wconf 86' lang='lat' dir='ltr'>oppidi</span> <span class='ocrx_word' id='word_1_105' title='bbox 610 3040 919 3129; x_wconf 88' lang='lat' dir='ltr'>Przeczslaw,</span> <span class='ocrx_word' id='word_1_106' title='bbox 938 3057 1023 3111; x_wconf 77' lang='lat' dir='ltr'>&#39;cum</span> <span class='ocrx_word' id='word_1_107' title='bbox 1048 3043 1152 3129; x_wconf 91' lang='lat' dir='ltr'>prato</span> <span class='ocrx_word' id='word_1_108' title='bbox 1176 3025 1299 3109; x_wconf 86' lang='lat' dir='ltr'>dumus</span> <span class='ocrx_word' id='word_1_109' title='bbox 1325 3059 1410 3110; x_wconf 88' lang='lat' dir='ltr'>suae</span> <span class='ocrx_word' id='word_1_110' title='bbox 1436 3039 1618 3129; x_wconf 88' lang='lat' dir='ltr'>contiguo,</span> <span class='ocrx_word' id='word_1_111' title='bbox 1644 3039 1736 3111; x_wconf 89' lang='lat' dir='ltr'>alter</span> <span class='ocrx_word' id='word_1_112' title='bbox 1766 3031 1849 3112; x_wconf 84' lang='lat' dir='ltr'>vero</span> 
     </span>
     <span class='ocr_line' id='line_1_13' title="bbox 296 3160 1848 3253; baseline -0.003 -16"><span class='ocrx_word' id='word_1_113' title='bbox 296 3165 549 3238; x_wconf 87' lang='lat' dir='ltr'>mansionarius</span> <span class='ocrx_word' id='word_1_114' title='bbox 583 3165 620 3235; x_wconf 92' lang='lat' dir='ltr'>in</span> <span class='ocrx_word' id='word_1_115' title='bbox 656 3163 748 3235; x_wconf 90' lang='lat' dir='ltr'>villis</span> <span class='ocrx_word' id='word_1_116' title='bbox 782 3162 1051 3253; x_wconf 84' lang='lat' dir='ltr'>Lyssalvow,</span> <span class='ocrx_word' id='word_1_117' title='bbox 1088 3161 1126 3230; x_wconf 92' lang='grc' dir='ltr'>ιιι</span> <span class='ocrx_word' id='word_1_118' title='bbox 1160 3160 1450 3249; x_wconf 87' lang='lat' dir='ltr'>Kosuzolow,</span> <span class='ocrx_word' id='word_1_119' title='bbox 1476 3160 1513 3231; x_wconf 95' lang='lat' dir='ltr'>in</span> <span class='ocrx_word' id='word_1_120' title='bbox 1541 3182 1649 3250; x_wconf 89' lang='lat' dir='ltr'>parva</span> <span class='ocrx_word' id='word_1_121' title='bbox 1674 3162 1848 3233; x_wconf 89' lang='lat' dir='ltr'>Dolcza</span> 
     </span>
    </p>
   </div>
   <div class='ocr_carea' id='block_1_5' title="bbox 155 3281 1852 3506">
    <p class='ocr_par' dir='ltr' id='par_1_5' title="bbox 155 3281 1852 3506">
     <span class='ocr_line' id='line_1_14' title="bbox 173 3281 1848 3379; baseline -0.007 -16"><span class='ocrx_word' id='word_1_122' title='bbox 173 3306 174 3309; x_wconf 73' lang='grc'>’</span> <span class='ocrx_word' id='word_1_123' title='bbox 296 3293 377 3379; x_wconf 82' lang='lat' dir='ltr'>pout</span> <span class='ocrx_word' id='word_1_124' title='bbox 410 3307 529 3359; x_wconf 88' lang='lat' dir='ltr'>omnes</span> <span class='ocrx_word' id='word_1_125' title='bbox 568 3305 672 3375; x_wconf 77' lang='lat' dir='ltr'>agnos</span> <span class='ocrx_word' id='word_1_126' title='bbox 708 3284 858 3355; x_wconf 86' lang='lat' dir='ltr'>decimas</span> <span class='ocrx_word' id='word_1_127' title='bbox 892 3282 1126 3373; x_wconf 87' lang='lat' dir='ltr'>manipulares</span> <span class='ocrx_word' id='word_1_128' title='bbox 1161 3281 1349 3353; x_wconf 85' lang='lat' dir='ltr'>earundem</span> <span class='ocrx_word' id='word_1_129' title='bbox 1382 3281 1562 3371; x_wconf 75' lang='lat' dir='ltr'>villarum,</span> <span class='ocrx_word' id='word_1_130' title='bbox 1600 3283 1727 3356; x_wconf 87' lang='lat' dir='ltr'>tertius</span> <span class='ocrx_word' id='word_1_131' title='bbox 1757 3305 1848 3357; x_wconf 89' lang='lat' dir='ltr'>vero</span> 
     </span>
     <span class='ocr_line' id='line_1_15' title="bbox 155 3398 1852 3506; baseline -0.002 -23"><span class='ocrx_word' id='word_1_132' title='bbox 155 3462 156 3465; x_wconf 63' lang='lat'>,</span> <span class='ocrx_word' id='word_1_133' title='bbox 297 3401 551 3491; x_wconf 67' lang='lat' dir='ltr'>maudioubvius</span> <span class='ocrx_word' id='word_1_134' title='bbox 583 3426 730 3479; x_wconf 85' lang='lat' dir='ltr'>censum</span> <span class='ocrx_word' id='word_1_135' title='bbox 770 3404 920 3494; x_wconf 89' lang='lat' dir='ltr'>quinque</span> <span class='ocrx_word' id='word_1_136' title='bbox 960 3398 1154 3474; x_wconf 87' lang='lat' dir='ltr'>marca&#39;rum</span> <span class='ocrx_word' id='word_1_137' title='bbox 1193 3403 1231 3475; x_wconf 90' lang='lat' dir='ltr'>in</span> <span class='ocrx_word' id='word_1_138' title='bbox 1266 3403 1394 3493; x_wconf 90' lang='lat' dir='ltr'>oppidu</span> <span class='ocrx_word' id='word_1_139' title='bbox 1430 3403 1738 3495; x_wconf 82' lang='lat' dir='ltr'>Przeczslaw,</span> <span class='ocrx_word' id='word_1_140' title='bbox 1771 3412 1852 3506; x_wconf 91' lang='lat' dir='ltr'>post</span> 
     </span>
    </p>
   </div>
   <div class='ocr_carea' id='block_1_6' title="bbox 234 3509 1898 6421">
    <p class='ocr_par' dir='ltr' id='par_1_6' title="bbox 234 3509 1898 5811">
     <span class='ocr_line' id='line_1_16' title="bbox 300 3509 1853 3619; baseline -0.001 -17"><span class='ocrx_word' id='word_1_141' title='bbox 300 3509 434 3604; x_wconf 75' lang='grc' dir='ltr'>οιιιιιιιει</span> <span class='ocrx_word' id='word_1_142' title='bbox 454 3548 558 3619; x_wconf 85' lang='lat' dir='ltr'>agros</span> <span class='ocrx_word' id='word_1_143' title='bbox 594 3527 746 3599; x_wconf 90' lang='lat' dir='ltr'>eiusdem</span> <span class='ocrx_word' id='word_1_144' title='bbox 784 3524 902 3619; x_wconf 84' lang='lat' dir='ltr'>oppidi</span> <span class='ocrx_word' id='word_1_145' title='bbox 929 3546 992 3616; x_wconf 90' lang='lat' dir='ltr'>per</span> <span class='ocrx_word' id='word_1_146' title='bbox 1018 3524 1165 3607; x_wconf 89' lang='lat' dir='ltr'>eundem</span> <span class='ocrx_word' id='word_1_147' title='bbox 1191 3523 1367 3596; x_wconf 88' lang='lat' dir='ltr'>dominnm</span> <span class='ocrx_word' id='word_1_148' title='bbox 1390 3525 1606 3601; x_wconf 85' lang='lat' dir='ltr'>-Stauislaum</span> <span class='ocrx_word' id='word_1_149' title='bbox 1632 3526 1853 3618; x_wconf 83' lang='lat' dir='ltr'>Lygauza</span> 
     </span>
     <span class='ocr_line' id='line_1_17' title="bbox 299 3646 1852 3741; baseline -0.001 -18"><span class='ocrx_word' id='word_1_150' title='bbox 299 3652 527 3741; x_wconf 85' lang='lat' dir='ltr'>assignatum,</span> <span class='ocrx_word' id='word_1_151' title='bbox 549 3654 586 3719; x_wconf 94' lang='lat' dir='ltr'>et</span> <span class='ocrx_word' id='word_1_152' title='bbox 613 3648 780 3723; x_wconf 90' lang='lat' dir='ltr'>decimam</span> <span class='ocrx_word' id='word_1_153' title='bbox 807 3646 1058 3736; x_wconf 89' lang='lat' dir='ltr'>manipularem</span> <span class='ocrx_word' id='word_1_154' title='bbox 1084 3651 1164 3736; x_wconf 89' lang='lat' dir='ltr'>post</span> <span class='ocrx_word' id='word_1_155' title='bbox 1181 3646 1491 3733; x_wconf 85' lang='lat' dir='ltr'>villamDoleza</span> <span class='ocrx_word' id='word_1_156' title='bbox 1516 3646 1647 3721; x_wconf 89' lang='lat' dir='ltr'>babere</span> <span class='ocrx_word' id='word_1_157' title='bbox 1665 3649 1852 3741; x_wconf 90' lang='lat' dir='ltr'>debebunt,</span> 
     </span>
     <span class='ocr_line' id='line_1_18' title="bbox 273 3769 1852 3862; baseline -0.001 -18"><span class='ocrx_word' id='word_1_158' title='bbox 273 3793 376 3862; x_wconf 36' lang='lat' dir='ltr'>,una</span> <span class='ocrx_word' id='word_1_159' title='bbox 395 3794 470 3843; x_wconf 87' lang='lat' dir='ltr'>enm</span> <span class='ocrx_word' id='word_1_160' title='bbox 498 3771 600 3842; x_wconf 83' lang='lat' dir='ltr'>areis·</span> <span class='ocrx_word' id='word_1_161' title='bbox 616 3775 654 3841; x_wconf 90' lang='lat' dir='ltr'>et</span> <span class='ocrx_word' id='word_1_162' title='bbox 680 3769 847 3859; x_wconf 89' lang='lat' dir='ltr'>domibus,</span> <span class='ocrx_word' id='word_1_163' title='bbox 875 3790 938 3859; x_wconf 89' lang='lat' dir='ltr'>pro</span> <span class='ocrx_word' id='word_1_164' title='bbox 966 3769 1122 3859; x_wconf 89' lang='lat' dir='ltr'>quolibet</span> <span class='ocrx_word' id='word_1_165' title='bbox 1148 3789 1267 3840; x_wconf 92' lang='lat' dir='ltr'>eorum</span> <span class='ocrx_word' id='word_1_166' title='bbox 1295 3790 1452 3841; x_wconf 87' lang='lat' dir='ltr'>seorsum</span> <span class='ocrx_word' id='word_1_167' title='bbox 1479 3772 1666 3860; x_wconf 91' lang='lat' dir='ltr'>assignatis</span> <span class='ocrx_word' id='word_1_168' title='bbox 1692 3779 1729 3842; x_wconf 91' lang='lat' dir='ltr'>et</span> <span class='ocrx_word' id='word_1_169' title='bbox 1751 3794 1852 3862; x_wconf 90' lang='lat' dir='ltr'>prae-</span> 
     </span>
     <span class='ocr_line' id='line_1_19' title="bbox 297 3890 1854 3994; baseline -0.001 -28"><span class='ocrx_word' id='word_1_170' title='bbox 297 3900 400 3994; x_wconf 85' lang='lat' dir='ltr'>parat</span> <span class='ocrx_word' id='word_1_171' title='bbox 401 3894 443 3985; x_wconf 90' lang='lat' dir='ltr'>is,</span> <span class='ocrx_word' id='word_1_172' title='bbox 469 3891 682 3982; x_wconf 81' lang='lat' dir='ltr'>temporibus</span> <span class='ocrx_word' id='word_1_173' title='bbox 709 3897 876 3982; x_wconf 91' lang='lat' dir='ltr'>perpetuo</span> <span class='ocrx_word' id='word_1_174' title='bbox 904 3890 1009 3963; x_wconf 90' lang='lat' dir='ltr'>durat</span> <span class='ocrx_word' id='word_1_175' title='bbox 993 3891 1102 3979; x_wconf 81' lang='lat' dir='ltr'>turis3</span> <span class='ocrx_word' id='word_1_176' title='bbox 1129 3892 1179 3961; x_wconf 91' lang='lat' dir='ltr'>ita</span> <span class='ocrx_word' id='word_1_177' title='bbox 1188 3890 1315 3981; x_wconf 92' lang='lat' dir='ltr'>,quod</span> <span class='ocrx_word' id='word_1_178' title='bbox 1341 3891 1519 3981; x_wconf 85' lang='lat' dir='ltr'>praefatus</span> <span class='ocrx_word' id='word_1_179' title='bbox 1546 3891 1659 3963; x_wconf 79' lang='lat' dir='ltr'>Adam</span> <span class='ocrx_word' id='word_1_180' title='bbox 1685 3894 1854 3983; x_wconf 88' lang='lat' dir='ltr'>plebanus</span> 
     </span>
     <span class='ocr_line' id='line_1_20' title="bbox 299 4012 1853 4142; baseline 0 -54"><span class='ocrx_word' id='word_1_181' title='bbox 299 4022 335 4087; x_wconf 90' lang='lat' dir='ltr'>et</span> <span class='ocrx_word' id='word_1_182' title='bbox 299 4016 414 4087; x_wconf 90' lang='lat' dir='ltr'>esui</span> <span class='ocrx_word' id='word_1_183' title='bbox 441 4029 675 4087; x_wconf 76' lang='lat' dir='ltr'>successores</span> <span class='ocrx_word' id='word_1_184' title='bbox 682 4033 749 4104; x_wconf 90' lang='lat' dir='ltr'>pro</span> <span class='ocrx_word' id='word_1_185' title='bbox 776 4018 934 4102; x_wconf 88' lang='lat' dir='ltr'>tempore</span> <span class='ocrx_word' id='word_1_186' title='bbox 952 4012 1138 4142; x_wconf 77' lang='lat' dir='ltr'>plebani</span> <span class='ocrx_word' id='word_1_187' title='bbox 1129 4012 1266 4084; x_wconf 89' lang='lat' dir='ltr'>duos</span> <span class='ocrx_word' id='word_1_188' title='bbox 1233 4014 1383 4085; x_wconf 80' lang='lat' dir='ltr'>vicarios</span> <span class='ocrx_word' id='word_1_189' title='bbox 1400 4014 1578 4086; x_wconf 87' lang='lat' dir='ltr'>manuales</span> <span class='ocrx_word' id='word_1_190' title='bbox 1595 4035 1737 4087; x_wconf 86' lang='lat' dir='ltr'>servare</span> <span class='ocrx_word' id='word_1_191' title='bbox 1755 4022 1853 4088; x_wconf 86' lang='lat' dir='ltr'>tene-</span> 
     </span>
     <span class='ocr_line' id='line_1_21' title="bbox 298 4115 1854 4228; baseline 0.001 -21"><span class='ocrx_word' id='word_1_192' title='bbox 298 4138 445 4228; x_wconf 69' lang='lat' dir='ltr'>buntur,</span> <span class='ocrx_word' id='word_1_193' title='bbox 472 4155 560 4226; x_wconf 90' lang='lat' dir='ltr'>quos</span> <span class='ocrx_word' id='word_1_194' title='bbox 595 4133 812 4224; x_wconf 86' lang='lat' dir='ltr'>solariabunt</span> <span class='ocrx_word' id='word_1_195' title='bbox 846 4133 966 4222; x_wconf 91' lang='lat' dir='ltr'>modo,</span> <span class='ocrx_word' id='word_1_196' title='bbox 991 4154 1099 4222; x_wconf 92' lang='lat' dir='ltr'>quo</span> <span class='ocrx_word' id='word_1_197' title='bbox 1095 4115 1267 4223; x_wconf 77' lang='lat' dir='ltr'>poterunt</span> <span class='ocrx_word' id='word_1_198' title='bbox 1300 4133 1455 4223; x_wconf 87' lang='lat' dir='ltr'>meliori,</span> <span class='ocrx_word' id='word_1_199' title='bbox 1481 4155 1547 4225; x_wconf 87' lang='lat' dir='ltr'>pro</span> <span class='ocrx_word' id='word_1_200' title='bbox 1574 4156 1721 4225; x_wconf 91' lang='lat' dir='ltr'>quornm</span> <span class='ocrx_word' id='word_1_201' title='bbox 1750 4137 1854 4209; x_wconf 86' lang='lat' dir='ltr'>unius</span> 
     </span>
     <span class='ocr_line' id='line_1_22' title="bbox 298 4238 1898 4366; baseline 0 -37"><span class='ocrx_word' id='word_1_202' title='bbox 298 4257 434 4329; x_wconf 85' lang='lat' dir='ltr'>solario</span> <span class='ocrx_word' id='word_1_203' title='bbox 453 4255 537 4327; x_wconf 90' lang='lat' dir='ltr'>dare</span> <span class='ocrx_word' id='word_1_204' title='bbox 563 4255 696 4327; x_wconf 88' lang='lat' dir='ltr'>tenebit</span> <span class='ocrx_word' id='word_1_205' title='bbox 680 4260 749 4343; x_wconf 90' lang='lat' dir='ltr'>t,ur</span> <span class='ocrx_word' id='word_1_206' title='bbox 775 4259 837 4326; x_wconf 92' lang='lat' dir='ltr'>aut</span> <span class='ocrx_word' id='word_1_207' title='bbox 863 4254 1031 4326; x_wconf 83' lang='lat' dir='ltr'>decimam</span> <span class='ocrx_word' id='word_1_208' title='bbox 1057 4255 1307 4364; x_wconf 83' lang='lat' dir='ltr'>manipularem</span> <span class='ocrx_word' id='word_1_209' title='bbox 1319 4261 1413 4366; x_wconf 85' lang='lat' dir='ltr'>post</span> <span class='ocrx_word' id='word_1_210' title='bbox 1431 4256 1549 4329; x_wconf 91' lang='lat' dir='ltr'>villam</span> <span class='ocrx_word' id='word_1_211' title='bbox 1568 4256 1654 4329; x_wconf 88' lang='lat' dir='ltr'>Lat</span> <span class='ocrx_word' id='word_1_212' title='bbox 1638 4238 1853 4350; x_wconf 85' lang='lat' dir='ltr'>tlroschy·</span> <span class='ocrx_word' id='word_1_213' title='bbox 1892 4332 1898 4343; x_wconf 67' lang='grc'><strong>,</strong></span> 
     </span>
     <span class='ocr_line' id='line_1_23' title="bbox 234 4355 1855 4478; baseline 0.001 -27"><span class='ocrx_word' id='word_1_214' title='bbox 234 4447 236 4451; x_wconf 86' lang='grc'><em>,</em></span> <span class='ocrx_word' id='word_1_215' title='bbox 298 4379 402 4466; x_wconf 90' lang='lat' dir='ltr'>uek,</span> <span class='ocrx_word' id='word_1_216' title='bbox 430 4382 491 4449; x_wconf 90' lang='lat' dir='ltr'>aut</span> <span class='ocrx_word' id='word_1_217' title='bbox 526 4382 607 4448; x_wconf 92' lang='lat' dir='ltr'>octo</span> <span class='ocrx_word' id='word_1_218' title='bbox 643 4395 778 4447; x_wconf 88' lang='lat' dir='ltr'>mareas</span> <span class='ocrx_word' id='word_1_219' title='bbox 813 4376 1003 4460; x_wconf 87' lang='lat' dir='ltr'>cummunis</span> <span class='ocrx_word' id='word_1_220' title='bbox 1037 4376 1225 4478; x_wconf 87' lang='lat' dir='ltr'>pecuniae,</span> <span class='ocrx_word' id='word_1_221' title='bbox 1258 4355 1361 4462; x_wconf 69' lang='lat' dir='ltr'>altari</span> <span class='ocrx_word' id='word_1_222' title='bbox 1395 4384 1561 4469; x_wconf 84' lang='lat' dir='ltr'>quantum</span> <span class='ocrx_word' id='word_1_223' title='bbox 1588 4378 1656 4452; x_wconf 93' lang='lat' dir='ltr'>sibi</span> <span class='ocrx_word' id='word_1_224' title='bbox 1683 4380 1855 4469; x_wconf 87' lang='lat' dir='ltr'>placuerit</span> 
     </span>
     <span class='ocr_line' id='line_1_24' title="bbox 299 4487 1851 4596; baseline 0.003 -27"><span class='ocrx_word' id='word_1_225' title='bbox 299 4499 511 4596; x_wconf 77' lang='lat' dir='ltr'>consignare.</span> <span class='ocrx_word' id='word_1_226' title='bbox 546 4497 633 4568; x_wconf 90' lang='lat' dir='ltr'>Item</span> <span class='ocrx_word' id='word_1_227' title='bbox 669 4496 839 4586; x_wconf 79' lang='lat' dir='ltr'>magister·</span> <span class='ocrx_word' id='word_1_228' title='bbox 854 4487 1027 4596; x_wconf 74' lang='lat' dir='ltr'>scholae,</span> <span class='ocrx_word' id='word_1_229' title='bbox 1055 4498 1152 4570; x_wconf 91' lang='lat' dir='ltr'>cuius</span> <span class='ocrx_word' id='word_1_230' title='bbox 1178 4498 1333 4590; x_wconf 87' lang='lat' dir='ltr'>provisio</span> <span class='ocrx_word' id='word_1_231' title='bbox 1360 4499 1404 4571; x_wconf 90' lang='lat' dir='ltr'>ad</span> <span class='ocrx_word' id='word_1_232' title='bbox 1429 4500 1616 4591; x_wconf 82' lang='lat' dir='ltr'>plebanum</span> <span class='ocrx_word' id='word_1_233' title='bbox 1643 4502 1851 4594; x_wconf 87' lang='lat' dir='ltr'>pertinebat,</span> 
     </span>
     <span class='ocr_line' id='line_1_25' title="bbox 298 4617 1854 4715; baseline 0.004 -24"><span class='ocrx_word' id='word_1_234' title='bbox 298 4617 442 4691; x_wconf 90' lang='lat' dir='ltr'>babebit</span> <span class='ocrx_word' id='word_1_235' title='bbox 468 4618 634 4691; x_wconf 87' lang='lat' dir='ltr'>decimam</span> <span class='ocrx_word' id='word_1_236' title='bbox 662 4618 911 4708; x_wconf 89' lang='lat' dir='ltr'>manipularem</span> <span class='ocrx_word' id='word_1_237' title='bbox 937 4625 1018 4710; x_wconf 89' lang='lat' dir='ltr'>post</span> <span class='ocrx_word' id='word_1_238' title='bbox 1044 4640 1148 4711; x_wconf 86' lang='lat' dir='ltr'>agros</span> <span class='ocrx_word' id='word_1_239' title='bbox 1175 4622 1313 4693; x_wconf 89' lang='lat' dir='ltr'>scolteti</span> <span class='ocrx_word' id='word_1_240' title='bbox 1336 4622 1375 4692; x_wconf 94' lang='lat' dir='ltr'>iu</span> <span class='ocrx_word' id='word_1_241' title='bbox 1403 4622 1486 4694; x_wconf 89' lang='lat' dir='ltr'>villa</span> <span class='ocrx_word' id='word_1_242' title='bbox 1512 4622 1771 4715; x_wconf 85' lang='lat' dir='ltr'>Tuscbyua,</span> <span class='ocrx_word' id='word_1_243' title='bbox 1797 4628 1854 4697; x_wconf 89' lang='lat' dir='ltr'>cui</span> 
     </span>
     <span class='ocr_line' id='line_1_26' title="bbox 299 4733 1854 4835; baseline 0.005 -22"><span class='ocrx_word' id='word_1_244' title='bbox 299 4741 404 4813; x_wconf 88' lang='lat' dir='ltr'>etiam</span> <span class='ocrx_word' id='word_1_245' title='bbox 431 4740 599 4832; x_wconf 87' lang='lat' dir='ltr'>plebanus</span> <span class='ocrx_word' id='word_1_246' title='bbox 627 4745 777 4831; x_wconf 91' lang='lat' dir='ltr'>quatuor</span> <span class='ocrx_word' id='word_1_247' title='bbox 790 4733 937 4813; x_wconf 69' lang='lat' dir='ltr'>&#39;marcas</span> <span class='ocrx_word' id='word_1_248' title='bbox 964 4743 1064 4815; x_wconf 91' lang='lat' dir='ltr'>aunis</span> <span class='ocrx_word' id='word_1_249' title='bbox 1082 4743 1228 4833; x_wconf 85' lang='lat' dir='ltr'>singulis</span> <span class='ocrx_word' id='word_1_250' title='bbox 1245 4743 1339 4815; x_wconf 89' lang='lat' dir='ltr'>ultra</span> <span class='ocrx_word' id='word_1_251' title='bbox 1357 4744 1525 4834; x_wconf 90' lang='lat' dir='ltr'>decimam</span> <span class='ocrx_word' id='word_1_252' title='bbox 1538 4745 1854 4835; x_wconf 81' lang='lat' dir='ltr'>praefatam-tane.-</span> 
     </span>
     <span class='ocr_line' id='line_1_27' title="bbox 297 4861 1853 4960; baseline 0.003 -25"><span class='ocrx_word' id='word_1_253' title='bbox 297 4862 395 4935; x_wconf 88' lang='lat' dir='ltr'>bitur</span> <span class='ocrx_word' id='word_1_254' title='bbox 419 4862 607 4952; x_wconf 88' lang='lat' dir='ltr'>assignare,</span> <span class='ocrx_word' id='word_1_255' title='bbox 634 4861 857 4934; x_wconf 82' lang='lat' dir='ltr'>offertorium·</span> <span class='ocrx_word' id='word_1_256' title='bbox 876 4883 959 4935; x_wconf 85' lang='lat' dir='ltr'>vcro</span> <span class='ocrx_word' id='word_1_257' title='bbox 986 4864 1154 4936; x_wconf 87' lang='lat' dir='ltr'>ecclesiae</span> <span class='ocrx_word' id='word_1_258' title='bbox 1179 4864 1367 4956; x_wconf 83' lang='lat' dir='ltr'>praelatae,</span> <span class='ocrx_word' id='word_1_259' title='bbox 1386 4866 1625 4957; x_wconf 86' lang='lat' dir='ltr'>quodcumque</span> <span class='ocrx_word' id='word_1_260' title='bbox 1644 4870 1853 4960; x_wconf 78' lang='lat' dir='ltr'>provenerit,</span> 
     </span>
     <span class='ocr_line' id='line_1_28' title="bbox 297 4981 1850 5080; baseline 0.003 -24"><span class='ocrx_word' id='word_1_261' title='bbox 297 5003 374 5056; x_wconf 85' lang='lat' dir='ltr'>cum</span> <span class='ocrx_word' id='word_1_262' title='bbox 391 4981 538 5055; x_wconf 84' lang='lat' dir='ltr'>caeteris</span> <span class='ocrx_word' id='word_1_263' title='bbox 555 4983 657 5055; x_wconf 87' lang='lat' dir='ltr'>iustis</span> <span class='ocrx_word' id='word_1_264' title='bbox 682 4988 719 5054; x_wconf 90' lang='lat' dir='ltr'>ot</span> <span class='ocrx_word' id='word_1_265' title='bbox 736 4983 899 5074; x_wconf 81' lang='lat' dir='ltr'>legitimis</span> <span class='ocrx_word' id='word_1_266' title='bbox 916 4984 1159 5076; x_wconf 81' lang='lat' dir='ltr'>oblationibus,</span> <span class='ocrx_word' id='word_1_267' title='bbox 1177 4986 1315 5076; x_wconf 90' lang='lat' dir='ltr'>aequali</span> <span class='ocrx_word' id='word_1_268' title='bbox 1332 4988 1520 5078; x_wconf 87' lang='lat' dir='ltr'>partitione</span> <span class='ocrx_word' id='word_1_269' title='bbox 1537 4989 1634 5062; x_wconf 80' lang='lat' dir='ltr'>inber</span> <span class='ocrx_word' id='word_1_270' title='bbox 1648 4989 1850 5080; x_wconf 83' lang='lat' dir='ltr'>plebanum,</span> 
     </span>
     <span class='ocr_line' id='line_1_29' title="bbox 298 5105 1853 5198; baseline 0.005 -21"><span class='ocrx_word' id='word_1_271' title='bbox 298 5105 560 5194; x_wconf 73' lang='lat' dir='ltr'>mansionarios,</span> <span class='ocrx_word' id='word_1_272' title='bbox 579 5105 728 5178; x_wconf 90' lang='lat' dir='ltr'>vicarios</span> <span class='ocrx_word' id='word_1_273' title='bbox 747 5110 782 5176; x_wconf 89' lang='lat' dir='ltr'>et</span> <span class='ocrx_word' id='word_1_274' title='bbox 800 5107 1002 5196; x_wconf 87' lang='lat' dir='ltr'>magistrum</span> <span class='ocrx_word' id='word_1_275' title='bbox 1020 5107 1163 5180; x_wconf 85' lang='lat' dir='ltr'>scholae·</span> <span class='ocrx_word' id='word_1_276' title='bbox 1183 5106 1350 5180; x_wconf 84' lang='lat' dir='ltr'>ecclesiae</span> <span class='ocrx_word' id='word_1_277' title='bbox 1368 5108 1531 5198; x_wconf 87' lang='lat' dir='ltr'>eiusdem,</span> <span class='ocrx_word' id='word_1_278' title='bbox 1554 5108 1746 5183; x_wconf 83' lang='lat' dir='ltr'>dividetur:</span> <span class='ocrx_word' id='word_1_279' title='bbox 1769 5112 1853 5185; x_wconf 87' lang='lat' dir='ltr'>item</span> 
     </span>
     <span class='ocr_line' id='line_1_30' title="bbox 300 5224 1854 5322; baseline 0.008 -27"><span class='ocrx_word' id='word_1_280' title='bbox 300 5226 481 5315; x_wconf 77' lang='lat' dir='ltr'>praelatus</span> <span class='ocrx_word' id='word_1_281' title='bbox 503 5224 620 5300; x_wconf 80' lang='lat' dir='ltr'>Adam</span> <span class='ocrx_word' id='word_1_282' title='bbox 644 5227 876 5317; x_wconf 80' lang='lat' dir='ltr'>plebanus‚et</span> <span class='ocrx_word' id='word_1_283' title='bbox 902 5230 956 5300; x_wconf 89' lang='lat' dir='ltr'>sui</span> <span class='ocrx_word' id='word_1_284' title='bbox 982 5250 1199 5302; x_wconf 86' lang='lat' dir='ltr'>successores</span> <span class='ocrx_word' id='word_1_285' title='bbox 1226 5251 1291 5320; x_wconf 90' lang='lat' dir='ltr'>pro</span> <span class='ocrx_word' id='word_1_286' title='bbox 1317 5238 1483 5322; x_wconf 87' lang='lat' dir='ltr'>tompore,</span> <span class='ocrx_word' id='word_1_287' title='bbox 1506 5251 1575 5303; x_wconf 86' lang='lat' dir='ltr'>una</span> <span class='ocrx_word' id='word_1_288' title='bbox 1601 5249 1677 5304; x_wconf 84' lang='lat' dir='ltr'>cunr</span> <span class='ocrx_word' id='word_1_289' title='bbox 1704 5236 1854 5307; x_wconf 88' lang='lat' dir='ltr'>mansio-</span> 
     </span>
     <span class='ocr_line' id='line_1_31' title="bbox 300 5347 1855 5447; baseline 0.006 -28"><span class='ocrx_word' id='word_1_290' title='bbox 300 5347 408 5419; x_wconf 88' lang='lat' dir='ltr'>nariis</span> <span class='ocrx_word' id='word_1_291' title='bbox 443 5351 479 5416; x_wconf 90' lang='lat' dir='ltr'>et</span> <span class='ocrx_word' id='word_1_292' title='bbox 514 5347 655 5419; x_wconf 88' lang='lat' dir='ltr'>vicariis</span> <span class='ocrx_word' id='word_1_293' title='bbox 690 5354 725 5419; x_wconf 88' lang='lat' dir='ltr'>ot</span> <span class='ocrx_word' id='word_1_294' title='bbox 759 5350 943 5439; x_wconf 85' lang='lat' dir='ltr'>nragistro·</span> <span class='ocrx_word' id='word_1_295' title='bbox 962 5350 1119 5441; x_wconf 85' lang='lat' dir='ltr'>scholae,</span> <span class='ocrx_word' id='word_1_296' title='bbox 1130 5373 1188 5422; x_wconf 89' lang='lat' dir='ltr'>-ac</span> <span class='ocrx_word' id='word_1_297' title='bbox 1223 5352 1329 5423; x_wconf 86' lang='lat' dir='ltr'>otiam</span> <span class='ocrx_word' id='word_1_298' title='bbox 1367 5349 1593 5428; x_wconf 84' lang='lat' dir='ltr'>scholaribus·</span> <span class='ocrx_word' id='word_1_299' title='bbox 1610 5355 1648 5427; x_wconf 88' lang='lat' dir='ltr'>in</span> <span class='ocrx_word' id='word_1_300' title='bbox 1674 5357 1855 5447; x_wconf 77' lang='lat' dir='ltr'>praedicta</span> 
     </span>
     <span class='ocr_line' id='line_1_32' title="bbox 301 5466 1865 5574; baseline 0.01 -36"><span class='ocrx_word' id='word_1_301' title='bbox 301 5467 484 5574; x_wconf 76' lang='grc' dir='ltr'>οοιιοιιι·</span> <span class='ocrx_word' id='word_1_302' title='bbox 474 5487 510 5537; x_wconf 93' lang='lat' dir='ltr'>m</span> <span class='ocrx_word' id='word_1_303' title='bbox 537 5466 837 5561; x_wconf 83' lang='lat' dir='ltr'>Prz‘eczslavv,</span> <span class='ocrx_word' id='word_1_304' title='bbox 864 5470 992 5544; x_wconf 87' lang='lat' dir='ltr'>debent</span> <span class='ocrx_word' id='word_1_305' title='bbox 1019 5479 1055 5544; x_wconf 89' lang='lat' dir='ltr'>et</span> <span class='ocrx_word' id='word_1_306' title='bbox 1039 5473 1285 5545; x_wconf 88' lang='lat' dir='ltr'>ttencbnntur</span> <span class='ocrx_word' id='word_1_307' title='bbox 1304 5474 1449 5564; x_wconf 87' lang='lat' dir='ltr'>singulis</span> <span class='ocrx_word' id='word_1_308' title='bbox 1468 5474 1590 5550; x_wconf 81' lang='lat' dir='ltr'>diebus</span> <span class='ocrx_word' id='word_1_309' title='bbox 1608 5480 1865 5552; x_wconf 69' lang='lat' dir='ltr'>umnesboras-</span> 
     </span>
     <span class='ocr_line' id='line_1_33' title="bbox 299 5561 1854 5700; baseline 0.008 -40"><span class='ocrx_word' id='word_1_310' title='bbox 299 5589 372 5660; x_wconf 88' lang='lat' dir='ltr'>sive</span> <span class='ocrx_word' id='word_1_311' title='bbox 399 5561 539 5674; x_wconf 69' lang='lat' dir='ltr'>ebusum</span> <span class='ocrx_word' id='word_1_312' title='bbox 566 5587 608 5660; x_wconf 89' lang='lat' dir='ltr'>de</span> <span class='ocrx_word' id='word_1_313' title='bbox 636 5588 747 5662; x_wconf 88' lang='lat' dir='ltr'>Beata</span> <span class='ocrx_word' id='word_1_314' title='bbox 772 5590 888 5663; x_wconf 89' lang='lat' dir='ltr'>Maria</span> <span class='ocrx_word' id='word_1_315' title='bbox 914 5591 1061 5683; x_wconf 81' lang='lat' dir='ltr'>Virgine</span> <span class='ocrx_word' id='word_1_316' title='bbox 1088 5598 1125 5664; x_wconf 89' lang='lat' dir='ltr'>ot</span> <span class='ocrx_word' id='word_1_317' title='bbox 1149 5592 1290 5665; x_wconf 89' lang='lat' dir='ltr'>missam</span> <span class='ocrx_word' id='word_1_318' title='bbox 1317 5599 1488 5700; x_wconf 88' lang='lat' dir='ltr'>maturam</span> <span class='ocrx_word' id='word_1_319' title='bbox 1507 5598 1550 5669; x_wconf 88' lang='lat' dir='ltr'>de</span> <span class='ocrx_word' id='word_1_320' title='bbox 1569 5597 1680 5670; x_wconf 87' lang='lat' dir='ltr'>Beata</span> <span class='ocrx_word' id='word_1_321' title='bbox 1697 5598 1854 5691; x_wconf 86' lang='lat' dir='ltr'>Virgine,</span> 
     </span>
     <span class='ocr_line' id='line_1_34' title="bbox 300 5712 1851 5811; baseline 0.008 -31"><span class='ocrx_word' id='word_1_322' title='bbox 300 5729 459 5800; x_wconf 85' lang='lat' dir='ltr'>magnam</span> <span class='ocrx_word' id='word_1_323' title='bbox 486 5730 569 5783; x_wconf 91' lang='lat' dir='ltr'>vero</span> <span class='ocrx_word' id='word_1_324' title='bbox 597 5712 739 5786; x_wconf 87' lang='lat' dir='ltr'>missam</span> <span class='ocrx_word' id='word_1_325' title='bbox 737 5713 809 5806; x_wconf 76' lang='lat' dir='ltr'>de</span> <span class='ocrx_word' id='word_1_326' title='bbox 835 5720 1001 5805; x_wconf 91' lang='lat' dir='ltr'>tempore,</span> <span class='ocrx_word' id='word_1_327' title='bbox 1029 5720 1066 5787; x_wconf 90' lang='lat' dir='ltr'>et</span> <span class='ocrx_word' id='word_1_328' title='bbox 1093 5720 1344 5807; x_wconf 84' lang='lat' dir='ltr'>consequenter</span> <span class='ocrx_word' id='word_1_329' title='bbox 1371 5738 1536 5809; x_wconf 86' lang='lat' dir='ltr'>vesperas</span> <span class='ocrx_word' id='word_1_330' title='bbox 1558 5726 1599 5791; x_wconf 89' lang='lat' dir='ltr'>et</span> <span class='ocrx_word' id='word_1_331' title='bbox 1625 5719 1728 5793; x_wconf 84' lang='lat' dir='ltr'>Salve</span> <span class='ocrx_word' id='word_1_332' title='bbox 1746 5720 1851 5811; x_wconf 81' lang='lat' dir='ltr'>Regi-</span> 
     </span>
    </p>

    <p class='ocr_par' dir='ltr' id='par_1_7' title="bbox 301 5832 1854 5926">
     <span class='ocr_line' id='line_1_35' title="bbox 301 5832 1854 5926; baseline 0.007 -24"><span class='ocrx_word' id='word_1_333' title='bbox 301 5852 346 5902; x_wconf 93' lang='lat' dir='ltr'>na</span> <span class='ocrx_word' id='word_1_334' title='bbox 371 5832 476 5904; x_wconf 90' lang='lat' dir='ltr'>etiam</span> <span class='ocrx_word' id='word_1_335' title='bbox 504 5832 650 5923; x_wconf 89' lang='lat' dir='ltr'>singulis</span> <span class='ocrx_word' id='word_1_336' title='bbox 677 5833 809 5926; x_wconf 88' lang='lat' dir='ltr'>diebus,</span> <span class='ocrx_word' id='word_1_337' title='bbox 836 5841 933 5907; x_wconf 91' lang='lat' dir='ltr'>matu</span> <span class='ocrx_word' id='word_1_338' title='bbox 911 5836 1025 5907; x_wconf 87' lang='lat' dir='ltr'>utinas</span> <span class='ocrx_word' id='word_1_339' title='bbox 1051 5841 1168 5908; x_wconf 89' lang='lat' dir='ltr'>autem</span> <span class='ocrx_word' id='word_1_340' title='bbox 1193 5836 1401 5911; x_wconf 86' lang='lat' dir='ltr'>duntaxat‘</span> <span class='ocrx_word' id='word_1_341' title='bbox 1390 5860 1427 5912; x_wconf 94' lang='grc' dir='ltr'>ιιι</span> <span class='ocrx_word' id='word_1_342' title='bbox 1454 5839 1703 5913; x_wconf 84' lang='lat' dir='ltr'>festivitatibus</span> <span class='ocrx_word' id='word_1_343' title='bbox 1730 5842 1854 5915; x_wconf 88' lang='lat' dir='ltr'>solem-</span> 
     </span>
    </p>

    <p class='ocr_par' dir='ltr' id='par_1_8' title="bbox 299 5937 1853 6421">
     <span class='ocr_line' id='line_1_36' title="bbox 300 5937 1853 6055; baseline 0.01 -33"><span class='ocrx_word' id='word_1_344' title='bbox 300 5937 583 6050; x_wconf 49' lang='lat' dir='ltr'>uibuffloantaro</span> <span class='ocrx_word' id='word_1_345' title='bbox 609 5961 645 6027; x_wconf 89' lang='lat' dir='ltr'>et</span> <span class='ocrx_word' id='word_1_346' title='bbox 672 5956 858 6045; x_wconf 88' lang='lat' dir='ltr'>diligenter</span> <span class='ocrx_word' id='word_1_347' title='bbox 884 5962 921 6028; x_wconf 88' lang='lat' dir='ltr'>et</span> <span class='ocrx_word' id='word_1_348' title='bbox 947 5956 1072 6030; x_wconf 87' lang='lat' dir='ltr'>devote</span> <span class='ocrx_word' id='word_1_349' title='bbox 1098 5958 1248 6032; x_wconf 84' lang='lat' dir='ltr'>Domino</span> <span class='ocrx_word' id='word_1_350' title='bbox 1266 5960 1455 6034; x_wconf 88' lang='lat' dir='ltr'>adiuvante</span> <span class='ocrx_word' id='word_1_351' title='bbox 1472 5963 1633 6053; x_wconf 85' lang='lat' dir='ltr'>explere;</span> <span class='ocrx_word' id='word_1_352' title='bbox 1659 5964 1741 6035; x_wconf 89' lang='lat' dir='ltr'>item</span> <span class='ocrx_word' id='word_1_353' title='bbox 1761 5966 1853 6055; x_wconf 93' lang='lat' dir='ltr'>quod</span> 
     </span>
     <span class='ocr_line' id='line_1_37' title="bbox 301 6072 1853 6176; baseline 0.011 -35"><span class='ocrx_word' id='word_1_354' title='bbox 301 6072 468 6170; x_wconf 81' lang='lat' dir='ltr'>plebanus</span> <span class='ocrx_word' id='word_1_355' title='bbox 503 6074 656 6147; x_wconf 88' lang='lat' dir='ltr'>eiusdem</span> <span class='ocrx_word' id='word_1_356' title='bbox 691 6076 857 6150; x_wconf 86' lang='lat' dir='ltr'>ecelesiae</span> <span class='ocrx_word' id='word_1_357' title='bbox 893 6079 1099 6171; x_wconf 87' lang='lat' dir='ltr'>quicumque</span> <span class='ocrx_word' id='word_1_358' title='bbox 1134 6080 1241 6155; x_wconf 88' lang='lat' dir='ltr'>fuerit</span> <span class='ocrx_word' id='word_1_359' title='bbox 1277 6104 1341 6174; x_wconf 88' lang='lat' dir='ltr'>pro</span> <span class='ocrx_word' id='word_1_360' title='bbox 1377 6090 1552 6176; x_wconf 88' lang='lat' dir='ltr'>tempore,</span> <span class='ocrx_word' id='word_1_361' title='bbox 1587 6106 1706 6158; x_wconf 90' lang='lat' dir='ltr'>omnes</span> <span class='ocrx_word' id='word_1_362' title='bbox 1733 6106 1790 6157; x_wconf 88' lang='lat' dir='ltr'>res</span> <span class='ocrx_word' id='word_1_363' title='bbox 1817 6094 1853 6158; x_wconf 90' lang='lat' dir='ltr'>et</span> 
     </span>
     <span class='ocr_line' id='line_1_38' title="bbox 299 6193 1853 6298; baseline 0.008 -32"><span class='ocrx_word' id='word_1_364' title='bbox 299 6193 464 6282; x_wconf 64' lang='lat' dir='ltr'>pamas</span> <span class='ocrx_word' id='word_1_365' title='bbox 491 6215 715 6287; x_wconf 81' lang='lat' dir='ltr'>quaecuuque</span> <span class='ocrx_word' id='word_1_366' title='bbox 741 6198 872 6271; x_wconf 82' lang='lat' dir='ltr'>luerint</span> <span class='ocrx_word' id='word_1_367' title='bbox 896 6199 1012 6290; x_wconf 85' lang='lat' dir='ltr'>legata</span> <span class='ocrx_word' id='word_1_368' title='bbox 1036 6204 1345 6298; x_wconf 83' lang='lat' dir='ltr'>testamentaliter,</span> <span class='ocrx_word' id='word_1_369' title='bbox 1373 6227 1434 6279; x_wconf 89' lang='lat' dir='ltr'>sou</span> <span class='ocrx_word' id='word_1_370' title='bbox 1461 6207 1565 6278; x_wconf 87' lang='lat' dir='ltr'>etiam</span> <span class='ocrx_word' id='word_1_371' title='bbox 1592 6207 1720 6280; x_wconf 87' lang='lat' dir='ltr'>donata</span> <span class='ocrx_word' id='word_1_372' title='bbox 1745 6208 1853 6280; x_wconf 89' lang='lat' dir='ltr'>eccle·</span> 
     </span>
     <span class='ocr_line' id='line_1_39' title="bbox 302 6313 1852 6421; baseline 0.011 -37"><span class='ocrx_word' id='word_1_373' title='bbox 302 6313 374 6385; x_wconf 87' lang='lat' dir='ltr'>siae</span> <span class='ocrx_word' id='word_1_374' title='bbox 400 6316 611 6409; x_wconf 71' lang='lat' dir='ltr'>praedictae,</span> <span class='ocrx_word' id='word_1_375' title='bbox 638 6338 678 6389; x_wconf 89' lang='lat' dir='ltr'>ac</span> <span class='ocrx_word' id='word_1_376' title='bbox 705 6320 810 6390; x_wconf 89' lang='lat' dir='ltr'>otiam</span> <span class='ocrx_word' id='word_1_377' title='bbox 837 6322 1001 6413; x_wconf 89' lang='lat' dir='ltr'>pecunias</span> <span class='ocrx_word' id='word_1_378' title='bbox 1020 6327 1199 6399; x_wconf 85' lang='lat' dir='ltr'>occasione</span> <span class='ocrx_word' id='word_1_379' title='bbox 1218 6328 1418 6419; x_wconf 85' lang='lat' dir='ltr'>sepulturae</span> <span class='ocrx_word' id='word_1_380' title='bbox 1436 6328 1690 6402; x_wconf 86' lang='lat' dir='ltr'>ecclesiasticae</span> <span class='ocrx_word' id='word_1_381' title='bbox 1707 6330 1852 6421; x_wconf 89' lang='lat' dir='ltr'>debitas,</span> 
     </span>
    </p>
   </div>
   <div class='ocr_carea' id='block_1_7' title="bbox 303 6433 1978 6562">
    <p class='ocr_par' dir='ltr' id='par_1_9' title="bbox 303 6433 1978 6562">
     <span class='ocr_line' id='line_1_40' title="bbox 303 6433 1978 6562; baseline 0.012 -57"><span class='ocrx_word' id='word_1_382' title='bbox 303 6433 407 6507; x_wconf 86' lang='lat' dir='ltr'>debet</span> <span class='ocrx_word' id='word_1_383' title='bbox 442 6436 627 6528; x_wconf 70' lang='lat' dir='ltr'>diligenter</span> <span class='ocrx_word' id='word_1_384' title='bbox 662 6444 698 6512; x_wconf 89' lang='lat' dir='ltr'>et</span> <span class='ocrx_word' id='word_1_385' title='bbox 733 6439 883 6532; x_wconf 60' lang='lat' dir='ltr'>fideliter</span> <span class='ocrx_word' id='word_1_386' title='bbox 906 6445 1059 6562; x_wconf 20' lang='lat' dir='ltr'>&#39;exigere</span> <span class='ocrx_word' id='word_1_387' title='bbox 1094 6455 1131 6521; x_wconf 89' lang='lat' dir='ltr'>et</span> <span class='ocrx_word' id='word_1_388' title='bbox 1165 6448 1347 6541; x_wconf 83' lang='lat' dir='ltr'>colligere,</span> <span class='ocrx_word' id='word_1_389' title='bbox 1374 6450 1537 6541; x_wconf 79' lang='lat' dir='ltr'>ipsasque</span> <span class='ocrx_word' id='word_1_390' title='bbox 1567 6452 1603 6523; x_wconf 90' lang='lat' dir='ltr'>in</span> <span class='ocrx_word' id='word_1_391' title='bbox 1630 6472 1701 6524; x_wconf 87' lang='lat' dir='ltr'>una</span> <span class='ocrx_word' id='word_1_392' title='bbox 1726 6449 1853 6544; x_wconf 65' lang='lat' dir='ltr'>hdula</span> <span class='ocrx_word' id='word_1_393' title='bbox 1975 6439 1978 6446; x_wconf 47' lang='lat'><strong>¹</strong></span> 
     </span>
    </p>
   </div>
   <div class='ocr_carea' id='block_1_8' title="bbox 0 0 2105 8340">
    <p class='ocr_par' dir='ltr' id='par_1_10' title="bbox 0 0 2105 8340">
     <span class='ocr_line' id='line_1_41' title="bbox 0 0 2105 8340; baseline 0 0"><span class='ocrx_word' id='word_1_394' title='bbox 0 0 2105 8340; x_wconf 95' lang='lat' dir='ltr'> </span> 
     </span>
    </p>
   </div>
  </div>
 </body>
</html>
