4200 8342
1671 1605 1677 1616 ‘
1725 1596 1804 1670 ¹509

256 1806 332 1878 eiua
358 1804 564 1877 aestimatur
598 1805 643 1876 ad
669 1812 819 1895 quatuor
846 1826 990 1877 marcae.
1034 1805 1123 1877 Item
1158 1811 1213 1877 eat
1239 1805 1289 1877 ibi
1317 1826 1385 1876 una
1412 1805 1574 1893 taberna,
1603 1805 1701 1876 cuiue
1727 1825 1808 1895 pro·
1869 1857 1871 1865 ,
1919 1812 1921 1818 '

256 1925 390 2016 priatae
423 1928 561 2016 apecmt
593 1924 639 1996 ad
666 1925 904 1998 canonicatum
940 1932 976 1998 et
1002 1916 1235 2017 praebendam
1269 1923 1521 2015 Kelcziensem,
1548 1944 1636 2014 quae
1662 1931 1809 1998 vocatur

257 2040 544 2138 sayewyeusla
590 2045 679 2118 ltem
707 2052 788 2119 sunt
813 2047 862 2118 ibi
889 2047 978 2118 duae
1004 2046 1190 2136 tabernae,
1225 2045 1287 2117 sed
1313 2067 1383 2117 non
1398 2045 1539 2117 habent
1566 2065 1688 2134 agros,
1724 2063 1810 2135 qua·

211 2222 216 2229 .
256 2184 337 2239 rm
358 2166 561 2256 proprietas
587 2167 739 2257 pertinet
772 2166 828 2238 ad'
846 2167 1022 2258 praelatos
1054 2173 1091 2238 et
1116 2166 1301 2239 canonicos
1328 2166 1508 2237 universos
1535 2164 1704 2236 ecclesiae¹
1725 2162 1808 2237 Kel-

258 2304 414 2359 menam.

363 2403 662 2499 Gaomanzrozn,
698 2408 781 2480 villa
807 2408 872 2480 aab
899 2407 1065 2499 parochia
1091 2407 1134 2479 de
1161 2406 1380 2479 Schewna
1406 2407 1490 2495 sita,
1518 2408 1615 2476 cuius
1641 2406 1810 2477 haeredes

258 2523 433 2616 Nioolaue,
460 2524 638 2599 lohannes
664 2526 934 2621 Michaelis,
959 2526 1154 2617 Martinus,
1180 2525 1366 2615 hiberiae,
1395 2524 1557 2615 Strasch,
1584 2523 1746 2598 Urbanus
1774 2534 1810 2597 ιι

258 2642 453 2738 sylvester,
479 2646 614 2719 nobilea
640 2646 684 2720 de
709 2648 817 2720 armis
842 2647 1219 2738 Zambraaglorra
1246 2647 1319 2719 sire
1346 2645 1626 2737 Wyenyawa
1670 2644 1712 2716 ln
1739 2664 1808 2735 qua

258 2766 508 2859 autquinque
525 2767 616 2839 lanei
634 2768 876 2841 cmethonalea
915 2768 1004 2841 Item
1026 2767 1244 2841 hortulauiae
1262 2766 1380 2839 decem
1407 2772 1444 2837 et
1459 2769 1612 2856 neptem,
1638 2766 1809 2839 habentes
1856 2832 1858 2835 ,

258 2885 415 2977 empulae
431 2906 553 2979 agros,
580 2888 624 2961 de
641 2877 768 2980 quibua
785 2889 945 2962 omnibus
963 2886 1111 2961 soluitur
1129 2893 1166 2961 et
1183 2887 1398 2977 conducitur,
1412 2886 1559 2958 decima
1585 2885 1809 2976 manipularis

258 3007 497 3081 tautummodo
523 3014 560 3080 et
573 3030 646 3082 uon
673 3009 865 3101 canapalin,
892 3030 957 3101 pro
975 3009 1186 3081 canbnieatu'
1206 3015 1242 3081 et
1259 3006 1457 3100 praebenda
1474 3005 1695 3098 Kyelczensi,
1722 3025 1809 3097 quae

261 3132 405 3201 meatur
431 3127 702 3221 Schewyenslra,
737 3131 835 3203 cuiue
861 3130 961 3202 valor
985 3128 1188 3202 aestimatur
1214 3123 1404 3201 ad'decem
1430 3147 1574 3199 marcas.
1613 3126 1702 3199 Item
1728 3134 1811 3199 sunt

257 3246 308 3322 rbi
331 3248 477 3340 praedia
501 3249 679 3341 militaria,
706 3251 768 3323 ned
786 3251 882 3323 varie
908 3251 1048 3325 solumi
1074 3250 1257 3337 decimam;
1282 3270 1362 3320 nam
1389 3248 1433 3322 de
1451 3249 1545 3339 agris
1563 3247 1807 3339 praedialibue,

259 3388 348 3461 quon
371 3369 507 3442 habeut
529 3390 651 3443 verane
682 3370 1021 3464 Myrlrowycze,
1048 3370 1188 3443 eolrunt
1213 3369 1380 3442 decimam
1407 3368 1572 3441 ecclesiae
1598 3376 1635 3441 et
1661 3369 1808 3460 plebano

258 3488 297 3561 ia
322 3487 557 3581 Scherrna,
592 3491 636 3564 de
662 3492 756 3583 agris
783 3512 866 3564 vero
901 3491 995 3564 ultra
1026 3491 1168 3563 fluuium
1193 3489 1450 3582 Skarzyna,
1485 3510 1607 3562 verens
1643 3489 1808 3579 oppidum
1916 3501 1918 3506 '

259 3605 512 3700 Oppathow
538 3611 629 3702 sitis,
656 3611 818 3701 quoniam
837 3612 874 3683 hi
893 3612 1067 3702 quondam
1083 3617 1184 3683 eraut
1210 3609 1457 3700 cmethonales,
1486 3610 1624 3681 solvunt
1641 3609 1809 3681 decimam

258 3728 479 3820 praebendae
504 3729 726 3822 Kyelczensi,
753 3752 843 3822 quae
865 3730 1119 3824 Schewyenska
1136 3730 1277 3804 dicitur·
1314 3730 1401 3801 ltem
1427 3734 1482 3802 est
1499 3730 1550 3801 ibi
1565 3712 1809 3818 molendinum,

258 3847 321 3948 aad
345 3869 416 3922 nou
449 3849 558 3924 habet
592 3872 706 3942 agros.
745 3852 832 3924 Item
868 3851 1036 3925 dedimam
1072 3852 1194 3942 canapi
1219 3871 1289 3923 non
1326 3849 1533 3922 solvuntur
1560 3849 1808 3925 cousuetudine

258 3971 485 4061 mmet&

854 4093 1188 4168 Soaronouraon
1504 4127 1506 4131 ·

361 4211 456 4284 Villa
472 4212 605 4285 habena
623 4213 857 4304 parochialem
874 4211 1055 4286 ecclesiam
1065 4211 1210 4302 ,lapide
1224 4210 1304 4283 albo
1322 4216 1505 4302 ιιιιιιιιιι,
1525 4211 1655 4283 Beatae
1673 4142 1807 4283 hieriae

258 4330 398 4422 Virgini
424 4331 593 4424 diaeum,
618 4333 715 4406 euius
733 4332 874 4406 collatio
899 4333 1068 4406 nobilium
1085 4338 1164 4405 erat
1189 4352 1233 4404 ex
1249 4332 1401 4422 antiquo,
1429 4331 1591 4404 dedomo
1618 4330 1808 4422 Janyna,

258 4470 351 4524 aruc
375 4471 459 4525 rere
486 4452 650 4526 dedomo
674 4453 883 4544 Dambno,
910 4452 1246 4526 NioolaiZawiachii
1271 4451 1463 4543 Ozaylra
1477 4453 1520 4526 de
1538 4452 1808 4530 Nowiduor

259 4569 301 4643 lu
327 4591 398 4663 qna
423 4578 505 4644 eunt
532 4627 753 4645 .........
1552 4594 1555 4600 ·

919 4680 1148 4768 Βιιιιιιιοιι.
1234 4738 1237 4743 -

293 4812 458 4887 Villa
474 4814 605 4888 habens
623 4772 804 4888 ecclesiam
830 4787 1101 4905 parochialem
1090 4837 1128 4886 m
1145 4828 1183 4887 so
1201 4815 1370 4905 ligneam,
1386 4814 1511 4887 Sancto
1531 4772 1702 4891 Andreae
1713 4766 1806 4885 dica-

256 4939 343 5025 bam,
368 4935 466 5008 cuiun
490 4934 612 5008 unicus
638 4942 807 5027 patronus
833 4942 888 5008 est
915 4935 1153 5008 Warszius
1180 4934 1224 5006 de
1249 4934 1356 5027 ιιιιιι
1381 4935 1523 5007 Baua.
1561 4935 1610 5005 ln
1629 4955 1699 5024 qua
1725 4941 1807 5007 aunt

258 5054 350 5129 had
375 5057 626 5147 amethonalee,
662 5058 745 5130 item
772 5057 957 5144 tabernae,
991 5057 1076 5128 item
1102 5054 1339 5146 hortulaniae,
1375 5055 1458 5128 item
1490 5055 1669 5146 praedium
1701 5064 1807 5127 dnum

258 5174 426 5268 ιιιιιιι,
461 5177 656 5269 dequibus
692 5177 850 5252 omnibus
881 5177 1029 5250 solvitur
1056 5183 1093 5248 et
1118 5164 1323 5250 conducitur
1358 5175 1490 5248 decima
1520 5174 1745 5267 manipularis
1771 5182 1808 5248 at

259 5298 434 5389 campan
460 5310 524 5390 pro
541 5299 687 5372 ecclesia
712 5299 749 5370 ιι
767 5282 1023 5387 Balnthou,
1050 5304 1087 5369 et
1104 5296 1203 5369 valor
1228 5297 1303 5369 eius
1330 5297 1375 5369 ad
1393 5297 1511 5369 decem
1537 5302 1672 5369 marcas
1699 5297 1805 5371 aesti·
1870 5289 1876 5301 ’
1999 5331 2004 5340 ·

263 5423 388 5491 matur.
427 5418 515 5491 Item
543 5419 690 5492 ecclesia
715 5419 828 5514 habet
848 5419 896 5490 ibi
924 5419 1102 5511 proprium
1129 5438 1251 5507 agrum
1278 5418 1424 5491 liberum
1451 5426 1488 5491 et
1513 5425 1629 5509 prata,
1656 5439 1720 5510 pro
1744 5437 1809 5493 ouo

259 5538 402 5630 praedio
428 5561 494 5612 unu
519 5546 557 5612 et
574 5541 789 5615 necessitate
830 5539 946 5613 Ιιιιι
936 5561 973 5612 ιι
995 5539 1117 5612 eadem
1143 5537 1228 5611 villa
1244 5538 1340 5630 ligrrli
1367 5540 1490 5631 viginti
1517 5545 1553 5611 et
1570 5539 1717 5672 amplius
1729 5593 1807 5609 .....

927 5659 1138 5734 Ζιιοιιιιι.

364 5706 458 5851 Villa
491 5779 623 5853 habena
657 5782 877 5855 ecclesiam
868 5804 903 5854 m
936 5801 974 5854 oe
1000 5780 1235 5872 parochialem
1269 5781 1438 5873 ligneam,
1474 5780 1601 5852 Sancto
1640 5831 1807 5851 .......

259 5897 425 5989 dicaam,
452 5900 649 5991 proprietas
674 5903 771 5976 cuiun
798 5909 835 5974 et
851 5901 992 5975 collatio
1020 5901 1064 5975 cd
1087 5900 1223 5992 regiam
1250 5901 1464 5980 ιιιιιιιιιιιι
1492 5901 1651 5990 pertinet.
1677 5899 1719 5971 ln
1738 5920 1807 5990 qua

260 6025 345 6092 aaut
370 6075 513 6094 ......
546 6058 550 6063 -

318 6164 343 6171 “·
833 6146 840 6157 ’
981 6145 1086 6216 Saue.

363 6186 457 6336 Villa
484 6262 652 6336 habens
642 6285 678 6335 m
696 6284 733 6336 se
751 6265 983 6354 parochialem
1002 6264 1182 6337 ecclesiam
1200 6263 1366 6356 ligneam,
1394 6265 1574 6337 Sancto..
1593 6264 1805 6354 ..dicatam

261 6384 358 6457 cuiue
385 6384 524 6458 achatio
560 6390 615 6458 eat
641 6383 807 6459 nobilium
844 6384 888 6458 de
914 6385 1022 6459 armis
1057 6382 1081 6457 J
1089 6403 1256 6477 auyna
1292 6405 1398 6475 supra
1434 6384 1621 6456 lislam
1649 6386 1725 6503 sita.
1752 6383 1806 6455 ln

260 6514 601 6596 quasuut...-...

1594 6642 1651 6704 ιι*
