4200 8342
1662 1629 1735 1701 235

178 1818 395 1893 Sandecensi
431 1841 517 1894 ase
544 1822 690 1896 hrndata
724 1825 1043 1898 archidiaconatum
1071 1850 1198 1900 novum
1225 1828 1518 1923 Sandeczensem,
1546 1839 1582 1904 et
1608 1835 1742 1927 aliquas

181 1939 337 2014 dammas
372 1948 410 2015 et
440 1949 634 2035 proventus
670 1945 837 2017 ecclesiae
872 1947 914 2018 de
950 1947 1273 2041 Podgrodzyc,
1300 1952 1410 2023 eidem
1447 1955 1741 2028 archidiaconatui

181 2062 307 2135 univit
341 2063 490 2155 Aliquos
526 2086 661 2156 quoquc
697 2066 859 2138 ecclesias
887 2069 1103 2157 parochiales
1130 2092 1173 2141 ex
1199 2071 1481 2144 archidiaconatu
1508 2073 1740 2166 cracoviensi,

181 2181 226 2255 de
252 2204 424 2257 consensu
451 2185 580 2258 domini
605 2187 743 2258 Derslai
771 2187 813 2258 do
840 2187 1093 2280 Bornyuow
1119 2196 1203 2261 tunc
1229 2192 1464 2264 archidiaconi
1490 2193 1738 2286 Cracoviensis,

182 2304 318 2398 aliquas
346 2327 429 2378 vero
456 2327 499 2378 ex
525 2308 770 2398 praepositura
805 2307 1022 2399 Visliciensi,
1047 2310 1101 2380 ‘de
1137 2332 1307 2383 consensu
1341 2315 1483 2402 speciali
1517 2316 1657 2388 Derslai
1695 2319 1737 2388 de

183 2422 579 2518 Krzyzanowicze
614 2434 698 2501 tunc
723 2429 915 2531 praepositi
940 2429 1175 2520 Visliciensis,
1203 2452 1291 2522 quac
1318 2453 1440 2505 versus
1467 2434 1609 2525 Alpes
1636 2436 1739 2509 Polo-

183 2545 277 2619 niam
303 2552 341 2621 et
365 2546 581 2639 Hungariam
609 2549 891 2622 disterminantes
918 2551 1016 2641 sitae,
1043 2557 1211 2623 remotam
1236 2553 1413 2625 habebant
1439 2560 1475 2625 ct
1501 2555 1545 2627 ab
1563 2557 1737 2629 archidia-

187 2673 315 2749 conatu
351 2668 588 2761 Gracovicnsi,
628 2675 663 2741 et
698 2691 720 2741 a
758 2672 1001 2762 praepositura
1040 2670 1257 2764 Visliciensi,
1293 2673 1487 2763 elongatam
1526 2675 1739 2767 distantiam,

185 2788 298 2861 cidem
325 2790 561 2864 archidiaconi
587 2790 816 2866 Sandeczensi
842 2793 1016 2883 annexuit
1043 2800 1083 2864 ut
1109 2815 1196 2865 onus
1223 2793 1260 2864 in
1286 2794 1404 2886 plures
1430 2797 1607 2886 partitum,
1625 2797 1738 2869 levius

182 2907 268 2981 ferri
304 2917 340 2982 et
374 2912 510 3001 portari
544 2919 673 3002 posset.
712 2911 850 2985 Primus
886 2917 1002 2984 autem
1028 2913 1182 2984 eiusdem
1209 2914 1372 2986 ecclesiae
1400 2914 1646 2989 Sandeczeusis
1672 2917 1739 2989 fuit

179 3028 362 3103 Johannes
388 3030 559 3104 Johanuis
586 3033 628 3104 de
655 3032 1003 3126 Wyolyopolye,
1029 3034 1132 3105 homo
1160 3034 1286 3106 nobilis
1314 3035 1356 3106 de
1384 3036 1485 3108 domo
1512 3035 1737 3128 Antiquo-

179 3169 281 3223 rum
309 3151 561 3244 Equorum,
588 3154 758 3226 secundus
783 3174 868 3226 vero
902 3154 970 3226 fuit
995 3155 1162 3246 magister
1188 3153 1365 3228 Johannes
1393 3156 1567 3247 Stopka
1594 3159 1636 3229 de
1663 3158 1737 3230 Po-

175 3271 372 3362 snania;
398 3274 524 3346 tertius
549 3273 641 3345 init.
669 3327 677 3343 .
705 3327 712 3342 .
738 3274 781 3345 de
808 3273 1089 3365 Bothurzyn,
1115 3274 1170 3346 vir
1197 3275 1321 3346 nobilis
1340 3276 1503 3347 dedomo
1530 3276 1735 3368 Gzewuya.

179 3389 352 3466 Continet
377 3399 494 3467 autem
521 3393 820 3466 archidiaconatus
839 3394 1087 3466 Sandeczeusis
1106 3416 1174 3466 non
1193 3415 1320 3485 paucas
1339 3396 1501 3469 ecclesias
1519 3397 1737 3487 parochiales

175 3511 249 3584 sihi
277 3533 442 3602 annexas,
469 3535 556 3605 quae
584 3515 768 3603 specialem
795 3514 1115 3586 archidiaconatum
1141 3504 1380 3606 requirebant
1403 3516 1495 3607 quod
1522 3516 1674 3607 prudeus
1701 3523 1738 3588 ot

175 3632 294 3705 solers
319 3633 475 3724 pontifex
503 3633 672 3725 Sbigneus
699 3635 996 3725 animadvertens,
1023 3655 1091 3706 non
1118 3635 1290 3707 immerito
1317 3636 1456 3726 plagam
1481 3636 1575 3707 illam
1594 3637 1735 3726 speciali

181 3754 468 3828 archidiaconatu
493 3756 529 3827 in
557 3777 619 3828 suo
645 3756 849 3847 pontificatu
868 3757 1015 3837 ornavit.
1041 3755 1095 3827 Ne
1113 3762 1227 3827 autem
1245 3756 1289 3827 de
1308 3756 1462 3828 ecclesiis
1479 3757 1736 3846 parochialibus

181 3874 276 3949 dicto
311 3876 608 3950 archidiaconatui
642 3877 873 3949 Sandeczensi
907 3898 971 3967 per
1006 3875 1201 3966 praefatum
1237 3876 1423 3966 Sbigneum
1460 3877 1671 3948 cardinalem
1699 3883 1735 3947 ot

180 3997 382 4089 episcopum
409 3996 671 4070 Cracoviensem
698 3998 872 4087 subiectis,
899 3997 1006 4068 unitis
1033 4003 1070 4068 et
1094 3996 1334 4086 incorporatis,
1358 3996 1474 4086 aliqua
1501 3996 1672 4068 dubitatio
1699 3997 1734 4067 in

181 4123 360 4209 posterum
388 4119 499 4211 possit
525 4119 580 4190 vel
607 4120 782 4192 cavillatio
810 4118 978 4208 suboriri,
1005 4138 1065 4189 eas
1092 4123 1127 4190 et
1154 4116 1343 4208 quamlibet
1370 4137 1488 4188 earum
1516 4137 1559 4188 ex
1587 4116 1734 4206 nomine,

183 4260 261 4313 cum
292 4259 412 4312 earum
447 4241 671 4332 proventibus
707 4246 742 4312 et
777 4239 978 4312 introitibus
1011 4239 1183 4311 universis
1219 4237 1463 4311 describendas
1491 4237 1672 4328 duximus,
1699 4244 1736 4308 et

183 4360 413 4435 describimus
440 4362 649 4452 singillatim.
1351 4354 1360 4367 “

288 4481 629 4575 Sandeczeusis
664 4484 887 4572 ecclesia,
914 4483 950 4554 in
985 4481 1126 4553 titulum
1161 4481 1307 4552 Sanctae
1334 4479 1582 4569 Margarethac
1610 4480 1734 4567 dicata,

183 4625 272 4695 quac
299 4603 472 4695 quondam
498 4603 564 4676 fuit
590 4603 807 4695 parochialis,
834 4605 922 4675 etin
942 4604 1122 4675 ecclesiam
1141 4602 1357 4691 collegiatam
1375 4601 1547 4671 translata
1565 4605 1628 4670 est.
1647 4600 1735 4671 Item

182 4724 330 4797 ecclesia
364 4724 483 4797 Sancti
514 4724 637 4798 Jacobi
664 4725 872 4817 parochialis
899 4725 935 4797 in
961 4722 1291 4813 Podegrodnyo
1319 4722 1430 4792 cidem
1458 4721 1622 4792 ecclcsiae
1650 4720 1735 4791 San-

182 4846 362 4936 deczeusi,
396 4852 434 4918 et
468 4846 675 4938 praesertim
710 4845 1005 4918 archidiaconatui
1041 4843 1270 4916 Sandeczensi
1304 4842 1548 4936 incorporata,
1575 4841 1672 4910 unita
1699 4846 1736 4910 et

182 4968 404 5058 inviscerata,
430 4967 720 5060 descriptionibus
748 4990 817 5040 non
844 4966 996 5057 indiget3
1023 4965 1104 5037 dum
1131 4964 1223 5035 enim
1240 4962 1403 5034 ecclesias
1422 4961 1622 5051 collegiatas
1641 4961 1735 5030 dioc-

183 5091 271 5163 cesis
297 5088 539 5162 Gracoviensis
566 5090 845 5162 describebamus
872 5109 948 5159 cum
976 5087 1047 5157 suis
1075 5083 1317 5177 proventibus,
1345 5082 1557 5154 sufficienter
1583 5103 1645 5171 per
1671 5102 1735 5151 nos

182 5210 379 5304 descriptae
405 5217 496 5303 sunt,
523 5232 600 5285 cum
626 5232 746 5285 earum
772 5208 1007 5301 proventibus
1034 5212 1070 5278 et
1096 5225 1268 5297 expresse.

244 5349 248 5355 ·
768 5331 945 5412 Anrroua
971 5329 1154 5400 Snnnacz.

286 5455 478 5547 Oppidum,
506 5455 679 5546 quondam
713 5453 830 5525 nobile
866 5458 904 5526 et
928 5451 1091 5543 frequens
1128 5448 1261 5521 civibus
1288 5453 1324 5518 et
1349 5439 1619 5535 mercatoribm,
1647 5467 1738 5516 nunc

184 5600 268 5653 vcro
296 5577 392 5650 vicus
419 5577 591 5667 ignobilis,
617 5577 749 5648 habens
776 5576 812 5646 in
840 5596 876 5645 se
903 5573 1082 5647 ecclesiam
1109 5571 1345 5662 parochialem
1363 5575 1544 5658 muratam,
1564 5567 1735 5637 exlatere

185 5707 220 5773 et
244 5684 362 5791 lapido
387 5698 604 5790 fabricatam,-
628 5698 781 5769 Sancto.
806 5751 812 5766 .
841 5751 848 5766 .
876 5751 883 5765 .
911 5696 1070 5785 dicatam,
1098 5694 1195 5765 cuins
1222 5692 1483 5781 iuspatronatus
1511 5695 1547 5760 et
1573 5708 1736 5779 praesen-

183 5821 280 5894 tandi
316 5818 361 5891 ad
377 5894 380 5899 ,
397 5819 672 5892 sanctimoniales
708 5820 752 5891 de
788 5819 984 5908 antiqua
1011 5815 1217 5888 Sandecz
1243 5813 1413 5905 pertinet,
1441 5811 1539 5881 cuius
1565 5808 1734 5898 plebanus

184 5942 369 6016 modernus
396 5948 472 6014 est.
500 5997 507 6012 .
535 5997 542 6012 .
570 5964 595 6013 .:
622 5940 767 6014 ecclesia
793 5944 910 6012 autern
936 5938 1094 6029 praefata
1119 5958 1183 6027 pro
1211 5954 1274 6007 suo
1300 5932 1383 6004 dote
1410 5931 1517 6002 habet
1544 5983 1555 6023 ,Ι
1578 5982 1587 5999 .
1614 5982 1622 5997 .
1648 5928 1736 5998 Item
1861 5984 1864 5994 .

183 6062 367 6141 iueodem
403 6063 530 6155 oppido
566 6067 648 6135 sunt
684 6062 776 6134 lanei
804 6061 1055 6152 oppidanorum
1082 6057 1159 6149 plus
1187 6074 1290 6147 quam
1317 6051 1514 6141 sexaginta,
1541 6048 1584 6121 de
1612 6048 1737 6141 quibus

182 6183 348 6276 oppidani
382 6183 523 6256 solvunt
558 6204 622 6275 pro
649 6183 800 6272 decima,
827 6203 870 6254 ex
897 6187 998 6273 pacto
1026 6186 1063 6251 et
1088 6177 1245 6265 foedere,
1273 6172 1487 6264 episcopatui
1514 6162 1736 6242 Cracov'iensi

182 6305 282 6379 annis
308 6304 455 6397 singulis
491 6306 675 6396 sexaginta
699 6325 851 6394 marcas,
879 6325 947 6375 non
974 6301 1116 6374 solvunt
1143 6297 1312 6371 decimam
1340 6293 1563 6385 canapalom;
1589 6293 1673 6363 item
1700 6291 1736 6360 in

182 6425 303 6501 codem
329 6426 457 6517 oppido
484 6432 540 6499 est
565 6427 813 6499 monasterium
840 6429 1024 6512 muratum,
1050 6422 1281 6497 inhonorem
1307 6417 1454 6492 Sanctae
1481 6413 1674 6501 Trinitatis,
1701 6413 1737 6482 in

184 6568 253 6644 qao
279 6553 534 6629 coasvcvcruot
559 6553 653 6630 stare
679 6546 846 6631 aonides
881 6545 1063 6650 namma
1087 6543 1163 6632 nco
1190 6541 1344 6639 uuae,
1379 6539 1464 6620 item
1489 6534 1739 6632 monasterium
