4200 8342
1667 1660 1740 1733 375

175 1890 246 1961 pro
275 1870 358 1941 dote
385 1870 491 1942 habet
517 1868 698 1963 lapideam.
726 1870 816 1941 Item
841 1869 877 1941 in
905 1870 1025 1941 eadem
1052 1869 1136 1941 villa
1163 1891 1232 1942 non
1258 1874 1313 1942 est
1330 1870 1486 1960 taberna,
1504 1891 1622 1962 neque
1639 1890 1740 1960 prae-

175 1990 279 2063 dium
308 1991 448 2081 aliquod
473 1990 636 2081 militare,
665 2012 776 2081 neque
802 1990 1045 2063 molendinum.

289 2112 452 2203 Krsew,
480 2112 582 2183 villa·
601 2112 665 2184 sab
700 2113 866 2204 parochia
901 2114 1067 2187 ecclesiae
1101 2114 1143 2185 de
1170 2113 1459 2186 Dobrowoda
1486 2115 1563 2186 sita.
1603 2114 1643 2185 In
1672 2136 1739 2205 qua

175 2238 266 2307 sant
301 2234 395 2306 lanei
430 2234 680 2324 emetlronales,
707 2233 751 2306 de
789 2235 913 2325 quibus
948 2235 1107 2307 omnibus
1144 2234 1290 2306 solvitur
1317 2241 1354 2306 ct
1380 2235 1581 2308 conducitur
1608 2236 1739 2308 decima

175 2355 411 2447 manipularis
438 2359 474 2427 et
500 2355 677 2446 canapalis
703 2356 869 2427 ecelesiae
895 2357 932 2427 in
958 2356 1259 2445 Dolrrowoda,
1287 2361 1322 2428 et
1349 2356 1448 2428 valor
1474 2358 1547 2429 eius
1575 2358 1736 2430 aestima·

175 2482 242 2549 tur
269 2476 315 2549 ad
342 2480 421 2549 octo
448 2497 602 2566 mareas3
629 2477 727 2549 euius
753 2476 922 2549 haeredes
940 2481 1021 2548 siant
1038 2477 1214 2551 Martinus
1232 2476 1539 2569 Zboroa’szky
1567 2478 1611 2549 de
1628 2480 1733 2549 armis

176 2598 480 2689 Acciprcrum
499 2652 507 2669 .
525 2652 559 2669 ..
590 2598 678 2670 Item
705 2599 742 2669 in
768 2599 889 2671 eadem
915 2599 996 2671 villa
1024 2606 1106 2672 sunt
1132 2599 1276 2690 praedia
1304 2599 1484 2689 militaria,
1511 2599 1593 2671 item
1620 2599 1736 2672 taber-

181 2740 262 2809 nae,
290 2720 375 2791 item
401 2718 629 2792 hortalaniae.

289 2838 511 2931 Graeca-raom,
538 2840 620 2913 villa
646 2841 710 2914 sub
729 2842 895 2931 parochia
912 2841 955 2913 de
972 2841 1166 2913 Dobrow
1177 2862 1196 2913 o
1207 2840 1259 2912 da
1288 2842 1362 2930 sita,
1382 2842 1478 2914 euius
1496 2842 1619 2913 haeres
1638 2862 1738 2933 prae·

182 2962 280 3035 fatus
306 2962 481 3035 Martinus
507 2962 819 3055 Zhorowszky
846 2962 890 3034 de
918 2963 1019 3034 domo
1046 2962 1349 3053 Accipitrum.
1378 2964 1416 3035 ln
1445 2984 1514 3054 qua
1539 2969 1620 3035 sunt
1646 2964 1738 3035 lanei

181 3072 429 3172 amethorra'ales,
455 3084 498 3155 de
527 3084 652 3175 quibus
679 3085 827 3157 solvitur
853 3083 987 3155 decima
1013 3085 1239 3175 manipularis
1266 3090 1303 3156 et
1327 3084 1502 3174 canapalis
1520 3084 1683 3157 ecelesiae
1702 3085 1736 3155 in

182 3203 485 3295 Dobrowodo,
512 3212 549 3278 et
574 3206 673 3277 valor
699 3206 774 3278 eius
801 3206 1006 3277 aestimatur
1023 3205 1068 3277 ad
1087 3210 1164 3278 oete
1183 3226 1326 3279 mareas.
1353 3206 1440 3278 Item
1460 3207 1495 3277 in
1514 3205 1635 3279 eadem
1654 3205 1736 3277 ailla

182 3324 377 3417 praedium,
404 3324 486 3399 item
514 3328 692 3416 tabernae,
717 3327 802 3399 item
828 3327 1103 3399 lrortulaniae...

872 3528 1053 3625 zmstcz.

288 3690 384 3763 Villa
417 3692 549 3765 habens
582 3693 619 3764 in
653 3712 691 3765 se
722 3692 902 3765 ecclesiam
937 3694 1195 3783 parochialem,
1222 3694 1348 3765 anneto
1375 3690 1528 3765 Joharmi
1555 3693 1737 3785 Baptistae

183 3812 354 3901 elisatam,
379 3818 417 3885 et
451 3834 494 3885 ex
520 3831 619 3885 muro
646 3812 867 3903 fabricatam,
895 3834 997 3905 quam
1023 3812 1187 3885 fundasse
1215 3819 1251 3885 ot
1277 3813 1416 3885 dotasse
1444 3813 1614 3888 asseritur
1642 3814 1738 3889 Hen-

182 3933 294 4009 rienm
321 3934 442 4005 ducem
469 3933 803 4034 Sandomiriensern,
829 3936 927 4007 euius
962 3934 1158 4025 proprietas
1195 3934 1239 4006 ad
1276 3936 1532 4008 serenissimam
1570 3936 1748 4009 Poloniae.

180 4076 302 4148 regem
323 4056 499 4147 peramat,
525 4056 622 4129 cuius
651 4078 741 4128 nune
767 4062 884 4129 rector
910 4062 963 4129 est
989 4055 1166 4129 Jolrannes
1194 4054 1437 4147 Woysclrik
1465 4064 1581 4129 eustos
1608 4055 1733 4129 craco-

182 4178 315 4251 viensis
341 4178 385 4250 de
412 4178 519 4249 armis
544 4177 768 4269 Paualya.
795 4178 835 4249 In
864 4200 931 4269 qua
958 4182 1039 4250 sarrit
1065 4183 1144 4251 octo
1162 4177 1254 4248 lanei
1273 4178 1515 4267 emethonales,
1533 4178 1616 4250 itern
1636 4198 1736 4269 prae-

183 4300 281 4373 dium
316 4300 451 4390 regiam
478 4298 611 4371 habens
638 4319 741 4389 agros
768 4300 921 4390 amplos,
948 4300 1032 4371 item
1059 4299 1205 4371 taberna
1232 4318 1318 4387 una,
1345 4299 1475 4370 liabens
1504 4319 1625 4389 agros,
1654 4300 1737 4371 item

180 4421 401 4495 hortulaniae
427 4420 517 4494 dnae
542 4421 710 4511 speciales
737 4442 758 4492 a
784 4420 903 4512 laneis,
931 4422 1099 4494 habentes
1127 4441 1239 4511 agree,
1267 4420 1310 4492 de
1338 4420 1462 4511 quibas
1490 4421 1648 4494 omnibus
1669 4422 1736 4493 sol-

180 4544 280 4617 ritnr
305 4550 342 4615 et
368 4542 572 4615 conducitur
598 4541 731 4615 decima
757 4544 982 4633 manipularis
1001 4548 1037 4614 ct
1056 4543 1230 4634 canapalis
1248 4563 1312 4634 pro
1332 4542 1476 4614 ecelesia
1495 4544 1529 4613 in
1549 4542 1735 4634 Zagoser,

178 4670 218 4739 et
242 4664 343 4737 valor
368 4665 444 4737 eius
470 4664 675 4737 aestimatur
702 4664 747 4737 ad
774 4665 969 4756 quindecim
1005 4686 1149 4737 mareas.
1189 4666 1275 4736 Item
1303 4664 1470 4755 plebanus
1499 4665 1604 4737 habet
1631 4687 1734 4755 agros

179 4785 377 4879 praediales
413 4786 458 4858 ad
485 4785 553 4858 duo
580 4790 617 4858 et
643 4786 714 4857 tria
740 4786 869 4875 stadim
895 4787 977 4858 item
1005 4788 1111 4859 habet
1137 4793 1275 4877 pratum
1302 4786 1449 4875 bonnm,
1477 4788 1568 4857 cirea
1594 4786 1735 4858 fluvium

181 4908 332 5001 Nyda,
358 4915 395 4980 et
429 4908 527 4979 iuxta
561 4913 663 4999 prata
699 4909 813 4997 regia3
849 4909 934 4979 item
966 4908 1199 4981 molendinum
1232 4912 1285 4979 est
1313 4908 1361 4978 ibi
1389 4928 1493 4978 unum
1520 4907 1673 4997 regium,
1700 4907 1736 4979 in

180 5028 323 5129 flumine
349 5030 485 5121 dia,
513 5029 574 5102 sed
601 5052 670 5102 non
696 5028 805 5103 habet
821 5046 943 5123 agros.

289 5150 549 5243 Szrremmrrrr,
576 5152 658 5223 villa
685 5153 749 5223 sub
776 5152 942 5243 parochia
968 5150 1133 5223 eeclesiae
1153 5150 1195 5222 de
1214 5149 1416 5241 Zagosez
1443 5150 1520 5240 sita,
1540 5150 1637 5222 euius
1655 5170 1739 5241 pan-

181 5274 317 5367 prietaa
352 5272 398 5345 ad
432 5272 689 5345 serenissimum
725 5272 889 5344 Poloniae
926 5294 1043 5363 regem
1070 5273 1231 5362 pertinet.
1271 5273 1311 5343 In
1340 5292 1406 5363 apua
1434 5278 1515 5344 sunt
1542 5264 1736 5364 quindecim

181 5394 276 5469 lanei
311 5395 563 5489 emethonales,
598 5396 683 5467 item
719 5394 897 5485 praedium
934 5395 1068 5485 regium
1103 5415 1172 5467 raon
1208 5402 1261 5466 est
1293 5394 1358 5484 ibi,
1385 5396 1467 5465 item
1495 5394 1640 5466 taberna
1668 5416 1736 5467 nna

183 5516 317 5589 habens
353 5536 475 5606 agros,
512 5517 595 5587 item
631 5516 850 5588 lrortulaniae
886 5537 954 5588 non
990 5523 1089 5606 sunt,
1117 5516 1159 5587 de
1191 5516 1315 5608 quihus
1343 5516 1500 5589 omnibus
1528 5516 1673 5587 solvitur
1700 5522 1736 5587 et

182 5638 388 5713 eonducitar
422 5638 557 5711 decima
591 5638 817 5728 manipularis
853 5645 889 5710 et
916 5638 1090 5728 canapalis
1127 5660 1191 5729 pro
1219 5640 1364 5711 ecelesia
1391 5640 1425 5708 in
1452 5638 1673 5727 Zagosez,
1701 5644 1735 5707 et

185 5760 286 5833 valor
311 5760 387 5832 eins
413 5760 618 5832 aestimatur
644 5760 688 5832 ad
716 5759 919 5851 quindecim,
947 5760 1131 5851 aliquande
1159 5760 1203 5831 ad
1230 5760 1354 5850 viginti
1379 5779 1523 5830 marcas.
1550 5758 1637 5828 Item
1662 5758 1735 5847 ple-

184 5882 295 5955 Mnus
330 5881 437 5953 habet
471 5882 521 5953 ibi
556 5902 662 5954 unum
698 5882 834 5953 laneum
869 5880 1035 5971 liberum,
1063 5903 1127 5973 pro
1163 5881 1305 5972 praedio
1333 5901 1413 5969 sue,
1441 5898 1514 5951 eum
1544 5879 1671 5969 pratis,
1698 5882 1736 5953 et

184 6026 291 6079 unam
316 6024 449 6093 arvum,
477 6002 565 6075 alias
590 6026 728 6099 rapacem
754 6004 958 6076 foecundum
986 6008 1021 6075 et
1048 6003 1207 6094 amplum.

288 6124 472 6217 Wrnaar,
498 6126 583 6199 villa
607 6126 673 6198 sub
699 6126 867 6216 parochia
893 6126 1058 6199 ecclesiae
1086 6125 1129 6196 de
1156 6124 1359 6213 Zagosez
1385 6122 1461 6213 sim,
1485 6122 1581 6195 cuius
1599 6124 1735 6213 propri-

185 6252 262 6321 etas
298 6246 344 6319 ad
380 6248 638 6321 serenissimum
674 6247 840 6319 Poloniae
874 6268 992 6337 regem
1027 6246 1186 6336 pertinet
1227 6246 1266 6315 ln
1294 6266 1362 6336 qua
1389 6252 1470 6316 sunt
1498 6244 1613 6315 decena
1642 6245 1734 6315 lanei

183 6369 438 6459 methonales3
474 6370 556 6441 item
593 6370 772 6460 praedium
800 6370 935 6459 regium
962 6389 1030 6440 non
1058 6375 1112 6439 est
1137 6369 1173 6440 in
1201 6367 1322 6443 eadem
1349 6368 1449 6457 silla,
1477 6366 1560 6439 item
1588 6366 1734 6437 taberna

182 6490 315 6573 habens
341 6512 456 6583 agros,
483 6492 566 6565 item
593 6491 793 6563 homalania
817 6512 887 6563 una
914 6482 1047 6569 habens
1072 6506 1195 6581 agros,
1223 6490 1266 6561 de
1293 6491 1417 6580 quibus
1445 6488 1602 6559 amoribus
1630 6488 1732 6560 solvi-

182 6616 241 6687 tur
266 6618 305 6687 et
329 6613 533 6689 conducitur
559 6612 1207 6715 commanipularis-eternam
1232 6630 1300 6703 pro
1325 6610 1471 6683 ecelesia
1489 6610 1524 6685 in
1543 6610 1731 6705 Zagoscz,
