4200 8342
1674 1660 1747 1731 385

179 1852 346 1933 solvitur
371 1865 409 1932 et
434 1857 639 1933 conducitur
664 1857 799 1933 decima
823 1858 1049 1951 manipularis
1067 1862 1104 1933 et
1121 1860 1297 1953 canapalis
1322 1880 1388 1955 pro
1414 1863 1561 1937 ecclesia
1586 1865 1622 1938 in
1640 1864 1748 1942 Mlo-

178 1980 351 2077 duowy
376 1980 568 2074 Minori,
594 1986 631 2054 ot
655 1981 755 2055 valor
780 1982 856 2055 eins
883 1982 1087 2057 aestimatur
1113 1982 1158 2055 ad
1185 1984 1335 2075 quinque
1361 2002 1505 2057 marcas.
1531 1987 1620 2060 Item
1646 2010 1747 2081 prae-

178 2100 357 2177 dium...:

299 2216 538 2317 quzrrrom,
576 2222 662 2298 uilla
686 2224 752 2297 suh
777 2225 946 2317 parochia
971 2225 1014 2298 de
1040 2224 1286 2298 Mlodzowi
1322 2226 1496 2315 Minori
1523 2230 1610 2321 sita,
1649 2233 1746 2306 cuius

179 2328 550 2419 umreum'hnmam
585 2344 1014 2439 Pyaudziczowslry
1048 2346 1092 2419 de
1118 2348 1220 2419 domo
1246 2346 1466 2439 Damhuo,
1505 2354 1543 2422 et
1568 2350 1746 2428 Johaunes

185 2464 623 2576 Oproszuanczslry
657 2466 831 2540 dedomo
866 2466 1054 2542 Roszac.
1098 2467 1139 2539 lu
1166 2488 1235 2560 qua
1261 2473 1344 2541 suut
1378 2469 1469 2542 lanei
1501 2472 1746 2567 cmethonales,

188 2571 624 2683 monastratura
650 2588 854 2663 conducitur
889 2588 1022 2663 decim
1055 2589 1279 2681 manipularis
1301 2595 1344 2683 ,et
1369 2592 1546 2684 canapnlis
1581 2614 1646 2686 pro
1672 2596 1746 2688 epi-

189 2714 340 2809 scopatu
364 2708 606 2801 Gracovieusi,
641 2711 740 2784 cuins
767 2711 866 2785 valor
900 2710 946 2783 ad
973 2715 1123 2802 quatuor
1149 2730 1282 2785 marcas
1317 2713 1531 2787 aestimatur.
1575 2716 1663 2789 Item
1690 2722 1746 2791 est

190 2830 254 2905 rhi'·
267 2832 449 2927 praedium
474 2832 612 2907 unicum
633 2830 807 2907 iohannis
832 2833 876 2905 de
902 2831 1262 2927 Ouroszwanky,
1289 2833 1333 2905 de
1360 2834 1458 2907 cuius
1475 2837 1570 2926 agris
1597 2838 1745 2912 solvitur

190 2952 326 3027 decima
349 2952 578 3045 manipularis
603 2953 640 3026 in
674 2953 716 3026 M
724 2953 925 3029 lodzowi
950 2952 1142 3045 Minori,
1177 2958 1214 3027 et
1240 2954 1339 3028 valor
1365 2956 1440 3029 eius
1466 2958 1672 3033 aestimatur
1698 2960 1743 3033 ad

190 3096 297 3149 uuam
322 3094 483 3149 marcam.

294 3196 460 3288 Zmarre,
487 3197 570 3269 uilla
596 3199 662 3271 suh
688 3198 856 3290 parochia
880 3196 924 3271 de
951 3196 1195 3271 Mlodzowi
1221 3195 1395 3298 Minori
1422 3199 1507 3291 sita,
1535 3199 1633 3273 cuius
1660 3200 1743 3275 hae-

185 3316 443 3393 resdohauues
469 3314 620 3391 Galla
646 3318 691 3392 de
716 3317 1041 3413 Myedzwycdz
1069 3320 1112 3392 de
1130 3318 1237 3393 armis
1263 3316 1587 3394 Odrowausch.
1614 3320 1654 3393 lu
1674 3343 1744 3415 qua

192 3444 276 3515 suut
300 3440 392 3513 lanei
418 3440 662 3532 cmethonales,
689 3439 733 3514 de
760 3440 887 3531 quihus
913 3440 1061 3515 solvitur
1077 3444 1114 3513 et
1131 3439 1336 3514 conducitur
1362 3440 1495 3514 decima
1516 3442 1743 3535 manipularis

188 3566 226 3635 ct
250 3546 446 3654 cauapulis,
485 3581 555 3636 uuo
582 3582 672 3635 anno
698 3582 764 3655 pro
790 3561 991 3655 episcopatu
1025 3561 1267 3653 cracoviensi,
1302 3562 1414 3637 altero
1440 3583 1524 3636 uero
1559 3584 1650 3637 amm
1677 3586 1742 3657 pro

188 3681 387 3775 praehenda
411 3680 616 3774 Kclcziensi,
643 3704 732 3775 quac
758 3689 905 3757 vocatur
929 3683 1221 3777 Sidlowyeczska,
1246 3688 1285 3757 et
1310 3684 1409 3757 valor
1435 3684 1510 3757 eius
1537 3686 1743 3759 aestimatur

185 3802 231 3877 ull
257 3802 410 3897 quinque
435 3824 579 3878 marcas.
605 3804 693 3877 Item
719 3806 904 3897 taberna,
930 3805 1014 3878 item
1040 3804 1256 3894 hortulani...,
1283 3806 1367 3877 item
1394 3788 1574 3897 praedium
1609 3811 1664 3879 cst
1691 3807 1740 3879 ibi

189 3936 297 4001 unum
331 3924 502 4017 militare,
542 3926 681 4019 dequo
717 3926 909 4000 decimatur
944 3925 1111 3999 ecclesias
1137 3926 1174 3998 in
1209 3924 1451 4000 Mlodzowi
1486 3926 1676 4018 Minori,
1704 3933 1741 4001 et

188 4046 290 4121 ialor
315 4046 622 4121 cius-aestimatur
648 4048 694 4121 ad
720 4054 871 4140 quatuor
889 4068 1040 4121 marcas.

228 4166 232 4171 ’
285 4164 408 4247 nune
434 4168 660 4262 parochiales:
687 4168 933 4245 Mlodzowi
959 4167 1132 4261 Minor,
1158 4167 1419 4261 Braliczin,
1445 4166 1738 4263 Skrzipyou,

189 4288 373 4385 Zhlupa

859 4533 1081 4609 Srrzauczu.

290 4656 386 4731 Villa
409 4656 542 4733 habeus
567 4656 800 4751 parochialem
836 4656 1016 4731 ecclesiam
1041 4656 1206 4749 ligneam,
1233 4653 1340 4729 Sanct
1358 4710 1499 4728 ......
1525 4655 1674 4728 (limiam
1701 4658 1738 4755 in

186 4800 242 4873 se,
277 4780 376 4854 cuius
401 4781 526 4854 haeres
551 4782 588 4853 ct
612 4783 781 4872 patronus
815 4778 937 4851 unicus
963 4776 1124 4851 Andreas
1149 4775 1526 4869 Oleschuiczslry
1561 4777 1604 4848 de
1635 4777 1737 4851 domo

185 4900 394 4975 llamhno.
437 4901 479 4974 ln
507 4922 576 4993 qua
601 4906 684 4975 suot
709 4900 802 4973 lanei
828 4899 1081 4991 cmethonales,
1121 4899 1203 4972 item
1231 4898 1396 4990 taberna,
1436 4900 1519 4970 item
1551 4897 1736 4988 hortulani,

181 5022 270 5097 item
297 5022 478 5115 praedium
503 5044 619 5115 mum,
646 5022 689 5096 de
708 5023 832 5115 quihus
850 5021 1010 5095 omnihus
1026 5019 1175 5094 solvitur
1193 5024 1229 5093 ct
1246 5018 1451 5093 conducitur
1476 5018 1610 5091 decima
1628 5019 1737 5091 mani-

178 5142 319 5237 pulcris
344 5147 382 5216 et
407 5144 583 5236 cauapalis
610 5165 674 5237 pro
701 5144 847 5217 ccclesia
872 5144 909 5215 in
944 5141 1203 5232 Strzelcze,
1239 5146 1275 5214 et
1302 5140 1399 5214 valor
1425 5140 1499 5213 eius
1533 5139 1737 5213 aestimatur

180 5264 230 5341 dd
256 5264 410 5359 quiaque
434 5285 579 5339 marcas.
605 5265 693 5338 Item
719 5265 826 5339 hahet
852 5264 997 5338 ccclesia
1018 5268 1057 5337 et
1074 5262 1242 5356 plebanus
1271 5268 1386 5337 certos
1413 5282 1527 5355 agros,
1553 5283 1618 5354 pro
1636 5281 1737 5353 prae-

179 5380 242 5461 dio
270 5407 344 5478 suo,
370 5385 498 5461 mixtos
525 5388 618 5461 iuter
644 5408 748 5479 agros
775 5387 1002 5461 cmethonum.
1028 5386 1118 5459 Item
1137 5386 1245 5458 hahet
1269 5384 1339 5457 tria
1361 5383 1513 5476 praedia,
1541 5403 1647 5457 unum
1664 5383 1736 5457 ‹lic-

180 5512 259 5583 tum
286 5506 444 5601 Strug,
483 5508 578 5581 aliud
605 5514 685 5601 post
710 5507 842 5602 locum,
869 5509 929 5602 qui
956 5496 1085 5583 dicitur
1111 5505 1291 5600 Ozaruy
1317 5504 1457 5598 Brod,
1485 5506 1627 5580 tertium
1655 5511 1736 5596 post

181 5628 304 5703 illlam
329 5626 706 5723 Pyeczyeuyagy.

286 5749 553 5825 Puuczuuracr
569 5758 727 5844 utraque,
753 5750 858 5825 villae
879 5752 944 5824 suh
962 5751 1129 5843 parochia
1155 5748 1200 5822 de
1226 5747 1474 5821 Strzclcze¹
1495 5746 1734 5838 consistentes,

183 5892 332 5965 qnorum
357 5872 483 5945 haeres
508 5871 669 5947 Andreas
694 5872 1070 5964 Olcschuiczsky
1096 5870 1140 5943 dc
1166 5869 1268 5943 domo
1295 5867 1506 5940 Damhuo.
1542 5866 1583 5937 In
1611 5866 1734 5957 quihus

182 5998 265 6067 nt
290 5993 384 6067 lanei
410 5994 651 6087 cmethonales,
679 5995 764 6068 item
789 5994 968 6086 taheruac,
994 5994 1079 6065 item
1105 5990 1338 6080 hortulauiac,
1366 5990 1448 6061 item
1474 5986 1664 6080 praedium,
1691 5987 1734 6065 de

184 6114 310 6207 quum
336 6113 497 6189 omuibus
522 6117 671 6191 solvitur
695 6121 733 6189 et
759 6114 963 6189 conducitur
993 6113 1128 6189 docimo
1153 6110 1378 6204 manipularis
1405 6114 1441 6183 ct
1467 6109 1643 6201 canapalis
1669 6129 1733 6202 pro

185 6236 329 6311 ccclesia
353 6236 391 6310 iu
417 6236 678 6330 Strzelczo,
714 6239 750 6311 et
775 6237 874 6312 valor
901 6236 1083 6329 utriusque
1109 6234 1262 6307 decimae
1288 6233 1491 6307 aestimatur
1517 6230 1563 6303 ad
1590 6230 1734 6324 quinde-

187 6357 248 6433 cim
274 6378 420 6433 marcas.
1249 6338 1252 6345 ’

286 6479 403 6555 Villae
429 6480 664 6575 parochiales:
691 6478 950 6571 Strzclcae,
990 6476 1343 6571 Pycoz'yenyagi
1377 6474 1546 6567 Maior,
1572 6472 1734 6567 Pycze-

190 6602 324 6697 uyagi
349 6598 516 6679 Minor.

286 6772 494 6819 mammaea
573 6744 576 6749 ’
1529 6744 1566 6793 ⁴⁰
