4200 8342
272 1635 347 1709 496

269 1840 469 1916 coenobiale
487 1839 665 1930 optimum,
691 1838 735 1910 de
753 1838 851 1911 euius
869 1838 965 1930 agris
983 1838 1117 1927 decima
1135 1838 1399 1930 manipularis...
1426 1839 1513 1914 Item
1541 1840 1703 1945 praelata
1721 1842 1822 1915 eccle

270 1965 324 2037 sia
349 1965 386 2036 io
412 1962 622 2051 Lucana,
650 1960 786 2033 unicam
812 1964 950 2033 tanturn
972 1960 1081 2033 babet
1107 1960 1223 2032 villam
1252 1961 1447 2051 praefatam
1474 1940 1687 2055 bucb'ua,
1719 1962 1765 2035 ad
1791 1984 1825 2037 se

271 2085 511 2177 pertinentem.
538 2084 625 2155 Item
653 2082 812 2173 praefata
837 2082 983 2179 ecclesia
1008 2086 1132 2155 taxata
1158 2088 1213 2154 est
1231 2137 1346 2154 .....

917 2204 1183 2279 Juuuowrcza
1312 2293 1314 2297 Ι
1627 2252 1644 2281 .

372 2327 468 2400 Villa
501 2327 634 2399 babens
669 2325 849 2398 ecclesiam
883 2325 1116 2417 parochialem
1152 2325 1312 2417 ligneam,
1339 2325 1465 2401 Sancto
1493 2325 1647 2399 Thomac
1675 2324 1824 2401 Cautus-

269 2450 377 2523 riensi
411 2448 577 2539 dicatam,
614 2447 710 2519 euius
745 2447 941 2539 proprietas
976 2447 1021 2519 ad
1055 2446 1224 2521 Jacobum
1260 2452 1298 2521 et
1323 2447 1494 2521 Zmbcam
1520 2447 1564 2521 de
1591 2449 1699 2523 armis
1725 2449 1825 2540 Bip

269 2569 485 2662 penuium
511 2568 672 2661 pertinet,
700 2568 797 2641 cuius
823 2567 974 2660 praefati
1002 2567 1157 2649 Jacobus
1184 2574 1221 2643 et
1246 2568 1384 2643 Zoclica
1410 2576 1492 2643 sunt
1518 2568 1612 2643 unici
1638 2569 1824 2645 collatores

261 2697 307 2766 -et
332 2692 481 2783 patroni.
520 2690 561 2763 In
597 2711 666 2781 qua
700 2694 782 2763 sunt
806 2690 898 2763 lanei
925 2670 1176 2787 emetbopalss,
1203 2689 1248 2764 da
1275 2692 1400 2783 quibus
1427 2692 1587 2765 omnibus
1614 2693 1769 2775 soluitur¹
1790 2697 1825 2767 et

269 2812 472 2885 conducitur
499 2811 631 2885 decima
657 2811 883 2904 manipularis
908 2816 946 2885 et
972 2802 1148 2909 canapalis
1173 2830 1238 2905 pro
1256 2812 1458 2905 episcopatu
1476 2811 1710 2904 cracoviensi,
1729 2814 1824 2887 cuius

271 2934 370 3007 valor
405 2934 609 3007 aestimatur
643 2933 688 3006 ad
719 2953 779 3007 seu
806 2952 950 3005 marcas.
989 2920 1253 3011 Item-ecelesia
1278 2933 1435 3025 praelata
1460 2934 1496 3007 io
1522 2934 1546 3008 J
1555 2934 1822 3007 anluowicze

268 3055 374 3129 babet
399 3055 560 3147 proprios
586 3073 691 3146 agros
719 3054 849 3127 liberos
875 3058 912 3127 et
937 3059 1049 3146 prata,
1067 3076 1132 3147 pro
1150 3076 1214 3129 suo
1232 3076 1297 3129 osu
1315 3061 1352 3128 et
1369 3056 1585 3129 necessitate
1612 3056 1704 3129 Item
1722 3077 1822 3149 praa-

267 3176 362 3251 dium
386 3176 424 3251 in
450 3176 570 3265 eadem
597 3176 680 3249 villa
704 3175 856 3249 militare
883 3182 938 3251 est
963 3176 1112 3269 unicum,
1139 3176 1182 3251 de
1208 3177 1306 3251 cuius
1332 3177 1427 3269 agris
1445 3177 1637 3253 decimatur
1655 3178 1820 3253 eeclesiae

267 3302 304 3371 et
328 3290 477 3391 plebano
503 3298 540 3371 iu
565 3296 890 3391 Janlrowycae.

371 3419 644 3510 Pazuszwonr,
679 3419 764 3493 villa
797 3420 862 3493 sub
897 3419 1063 3512 parocbia
1098 3420 1141 3493 de
1175 3418 1597 3514 Jankauyczesita,
1624 3421 1821 3514 quaelicet

266 3541 372 3615 fuerit
398 3542 434 3613 in
461 3540 663 3614 nudatione
690 3540 891 3614 monasterii
917 3541 1217 3631 Zawichostensis,
1237 3542 1556 3616 sanctimonialibus
1576 3542 1725 3640 Sanctm
1744 3542 1818 3615 Gla·

267 3685 347 3755 rae,
373 3684 438 3755 per
465 3663 729 3737 Boleslaum
761 3662 979 3736 Pudicam
1007 3661 1270 3736 cracoviensem
1296 3662 1672 3737 et--Sandomiriensem
1699 3664 1817 3738 ducem

267 3785 406 3877 donata,
432 3786 611 3859 abstracta
636 3789 753 3858 tameo
778 3790 834 3859 est
858 3786 904 3858 ab
930 3785 1024 3859 illius
1049 3785 1286 3877 proprietate,
1314 3790 1350 3857 et
1375 3790 1496 3860 tanam
1522 3807 1598 3859 earn
1624 3808 1719 3859 nunc
1744 3787 1816 3881 Sta-

266 3907 396 3981 nislaus
422 3912 460 3983 et
485 3906 696 3999 Bernardus,
722 3906 851 3980 milites
877 3906 921 3981 dc
947 3906 1059 3991 domo¹
1076 3904 1100 3981 J
1109 3907 1257 3979 anina.
1296 3906 1414 3989 Habet
1440 3912 1557 3981 autem
1584 3908 1736 3997 assertio
1761 3907 1815 3981 ali

265 4046 421 4122 quorum,
447 4027 540 4123 quod
566 4027 845 4103 sanctimoniales
871 4026 991 4101 Sancti
1015 4024 1180 4105 Andreae
1206 4029 1301 4101 illam
1328 4050 1392 4121 pro
1410 4029 1572 4122 seruitiis,
1589 4026 1675 4103 licet
1690 4028 1815 4120 illicite,

264 4150 433 4225 militibus
460 4150 674 4225 donaverint
700 4150 742 4223 ln
768 4171 838 4242 quo
863 4153 944 4223 sunt
969 4151 1121 4224 sedecim
1146 4150 1238 4224 lanei
1264 4150 1507 4243 emetbonales,
1533 4151 1623 4225 duae
1649 4150 1812 4225 tabarnac

266 4278 302 4346 et
327 4273 417 4347 duae
443 4272 661 4347 hortulaniae
687 4273 857 4346 habentes
883 4293 997 4364 agros,
1022 4272 1067 4345 de
1093 4273 1219 4366 quibus
1237 4272 1462 4366 manipularis
1479 4279 1516 4347 et
1533 4274 1712 4367 casopolis
1730 4274 1814 4348 deci·

265 4416 324 4467 ma
350 4395 497 4477 solvitur
524 4394 585 4467 sed
612 4394 728 4485 varie;
755 4415 834 4466 nam
860 4395 972 4467 maior
997 4415 1081 4486 pars
1108 4394 1211 4467 villae
1230 4395 1335 4469 solvit
1351 4414 1428 4467 eam
1445 4396 1611 4469 ecclesiae
1628 4396 1814 4488 parochiali

264 4517 300 4589 in
327 4517 510 4610 Pnyow‚
537 4537 580 4588 ex
618 4516 805 4589 donatione
840 4517 1045 4610 episcopali,
1073 4523 1109 4589 et
1135 4517 1234 4589 valor
1260 4518 1335 4590 cius
1362 4518 1566 4591 aestimatur
1592 4518 1638 4591 ad
1666 4519 1812 4611 quinque

263 4659 408 4730 marcas,
435 4645 472 4710 et
498 4638 649 4711 secunda
674 4659 757 4729 pars
784 4639 904 4731 minor,
932 4639 1037 4714 soluit
1063 4660 1139 4713 eam
1166 4639 1332 4712 ecclesiae
1359 4640 1393 4710 in
1421 4638 1630 4732 Mydlow,
1657 4647 1695 4713 et
1723 4641 1813 4713 valor

263 4761 338 4834 eius
376 4762 580 4835 aestimatur
615 4761 660 4833 ad
694 4766 767 4833 tres
794 4782 946 4853 marcas,
982 4762 1088 4834 tertia
1114 4782 1197 4854 pars
1224 4761 1329 4835 solvit
1355 4782 1431 4835 eam
1458 4740 1690 4835 ecclesiae'in
1717 4762 1742 4836 J
1750 4784 1813 4835 au·

263 4883 472 4973 kowicze,
500 4883 598 4955 cuius
625 4882 723 4955 valor
749 4883 793 4956 ad
820 4884 907 4957 duas
934 4904 1078 4976 mareas,
1104 4890 1141 4957 et
1168 4889 1293 4975 quarta
1318 4904 1401 4975 pars
1427 4883 1532 4956 soluit
1558 4904 1634 4955 earn
1653 4883 1841 4979 ecclesiam.

263 5005 299 5076 in
324 5005 494 5096 Ruduo,
521 5010 558 5078 et
584 5004 682 5077 valor
708 5005 782 5079 eius
810 5005 855 5078 ad
881 5026 983 5077 unam
1016 5026 1168 5078 unarcam
1195 5005 1407 5077 aestimatur.
1447 5005 1534 5076 Item
1563 5009 1646 5076 sunt
1671 5005 1723 5077 ibi
1749 5004 1815 5079 tria

262 5126 428 5199 militaria
453 5125 607 5218 praedia,
633 5126 677 5198 de
704 5127 829 5217 quibus
857 5127 1016 5199 omnibus
1043 5126 1235 5199 decimatur
1260 5126 1429 5199 ecclesiae
1455 5126 1491 5197 in
1510 5124 1534 5197 J
1543 5126 1813 5203 ankouicac.

344 5247 559 5339 'Dauonrn
587 5247 670 5321 villa
697 5248 762 5320 sub
788 5249 956 5340 parochia
982 5247 1026 5321 de
1052 5247 1076 5320 J
1085 5248 1357 5340 ankouycze
1384 5247 1462 5336 sita,
1489 5247 1586 5321 euius
1614 5249 1810 5340 proprietas

262 5368 308 5440 ad
334 5368 612 5441 sanctimoniales
649 5368 691 5441 de
726 5368 852 5443 Sancto
885 5368 1027 5441 Andrea
1052 5369 1215 5459 pertinet.
1255 5367 1295 5439 ln
1324 5389 1392 5458 qna
1420 5372 1501 5439 sunt
1526 5366 1646 5440 decem
1674 5374 1712 5440 et
1738 5373 1846 5447 octo!

259 5490 352 5563 lanei
378 5490 623 5581 emetbonales,
649 5491 731 5563 item
759 5510 829 5564 una
855 5492 1002 5563 taberna
1028 5489 1161 5563 habens
1179 5510 1293 5581 agros,
1315 5490 1397 5562 item
1414 5480 1595 5580 praedium
1614 5491 1812 5565 coenobiale

260 5614 405 5707 bonum,
441 5612 524 5685 itam
560 5611 737 5703 scoltetia,
773 5633 862 5704 qnae
897 5612 1003 5685 babet
1037 5612 1143 5685 etiam
1170 5611 1299 5685 bonum
1325 5610 1510 5702 praedium-
1531 5615 1569 5684 et
1591 5616 1669 5685 tres
1697 5613 1812 5687 lanam

261 5734 497 5810 emetbonales
532 5733 576 5807 de
612 5755 676 5807 sua
701 5734 937 5826 proprietate,
964 5733 1160 5826 dequibus
1187 5733 1346 5806 omnibus
1373 5733 1521 5806 soluitur
1547 5737 1584 5806 et
1608 5734 1812 5809 conducitur

259 5860 394 5933 decima
427 5857 653 5948 manipularis
688 5862 726 5929 et
762 5856 938 5949 canapalis
964 5877 1029 5948 pro
1061 5855 1223 5947 episcopo
1250 5853 1491 5947 Gracouiensi,
1518 5856 1616 5930 cuius
1644 5857 1746 5931 valor
1769 5855 1811 5931 ad

260 5981 406 6073 triginta
431 5984 505 6051 tres
532 5998 666 6051 marcas
693 5979 908 6051 aestimatur.
1402 6038 1407 6043 .

362 6103 618 6190 Buznscznur,
646 6101 729 6174 uilla
755 6101 820 6174 sub
847 6098 1014 6193 parocbia
1041 6099 1084 6171 de
1109 6097 1133 6171 J
1142 6099 1419 6191 ankouycze
1444 6098 1521 6189 sita
1540 6097 1639 6173 cuius
1656 6099 1811 6192 proprie·

255 6234 311 6298 tas
346 6225 391 6297 ad
427 6222 707 6297 sanctimoniales
743 6222 786 6295 de
821 6222 950 6295 Sancto
985 6221 1129 6294 Andrea
1155 6222 1318 6312 pertinet.
1359 6222 1399 6293 ln
1428 6240 1496 6313 qua
1522 6227 1605 6295 sunt
1632 6221 1812 6297 duodecim

171 6326 176 6333 ¹
254 6346 345 6419 lanei
381 6345 635 6435 emetbonales,
662 6351 699 6418 et
735 6345 811 6437 agri
837 6366 941 6437 quam
967 6345 1087 6436 plnres
1114 6340 1253 6417 scolteti
1279 6344 1323 6416 de
1349 6344 1588 6435 Daronyu,
1614 6344 1660 6418 de
1687 6345 1811 6437 quibus

256 6470 414 6541 omuibus
440 6470 590 6542 soluitur
617 6472 654 6541 et
680 6467 884 6541 conducitur
909 6468 1045 6542 decima
1071 6466 1298 6559 manipularis
1324 6473 1361 6541 et
1386 6466 1562 6560 carrapalis
1588 6488 1653 6559 pro
1680 6468 1813 6560 episco-

257 6590 599 6695 patu-cracoviensi,
625 6597 663 6671 et
688 6591 787 6671 valor
812 6591 887 6671 eius
913 6590 1121 6669 aestimator
1147 6589 1193 6663 ad
1219 6588 1401 6679 duodecin
1432 6606 1578 6675 maram
