4200 8342
257 1629 304 1700 56

308 1897 309 1900 ι
361 1833 609 1923 annnnrns,
635 1774 719 1903 villa
745 1832 809 1904 sub
836 1830 1002 1923 parochis
1027 1831 1071 1904 ιιι
1097 1827 1359 1922 Przeginya
1385 1826 1462 1920 site,
1490 1828 1588 1901 cuins
1614 1827 1813 1920 proprietas

256 1958 302 2030 ad
329 1955 589 2028 serenissimum
615 1954 781 2025 Poloniae
808 1974 926 2044 regem
952 1954 1115 2044 pertinet,
1141 1954 1178 2024 in
1205 1974 1273 2043 qua
1299 1956 1379 2024 sunt
1404 1951 1496 2022 lanei
1514 1949 1759 2039 emethonsles,
1777 1956 1812 2021 et

256 2078 363 2150 solvit
398 2075 546 2168 quilibet
579 2075 741 2165 episcopo
779 2072 1000 2146 Gracoviensi
1034 2094 1098 2165 pro
1131 2070 1269 2146 ¹decima
1302 2071 1474 2164 pecuniali
1509 2093 1616 2161 unum
1640 2070 1812 2142 fertonem

256 2199 407 2271 latorum
434 2214 648 2288 grossorum,
673 2194 758 2266 item
786 2194 932 2285 quilibet
957 2216 1021 2284 pro
1047 2198 1181 2266 anessae
1196 2195 1344 2286 plebano
1362 2195 1400 2265 in
1417 2193 1531 2267 Prae
1538 2192 1683 2284 ginya
1710 2192 1813 2264 solvit

256 2340 361 2392 unam
388 2328 585 2388 mensuram
614 2315 762 2406 siliginis
790 2320 826 2387 et
851 2336 954 2387 unam
982 2336 1122 2388 avenae.

362 2438 596 2527 Gosmnnow,
623 2434 707 2508 villa
733 2436 797 2508 sub
824 2437 994 2527 parochia
1019 2437 1063 2509 de
1089 2437 1350 2528 Praeginya
1376 2436 1463 2526 ιιιι,
1490 2435 1589 2507 cuins
1614 2435 1811 2526 proprietas

257 2560 302 2631 ad
330 2558 590 2630 serenissimum
615 2554 782 2629 Poloniae
809 2577 926 2647 regem
952 2538 1114 2648 pertinet,
1141 2559 1178 2629 in
1205 2579 1274 2649 qua
1299 2563 1380 2631 sunt
1393 2557 1498 2633 lenm
1516 2555 1762 2647 emetbcnales,
1779 2561 1814 2627 et

257 2681 399 2753 solvunt
434 2678 582 2770 quilibet
616 2674 850 2769 protfnleoima
883 2679 1054 2769 pecuniali
1090 2699 1196 2751 unum
1230 2678 1400 2751 fertonem
1434 2677 1585 2751 lotorum
1610 2697 1812 2768 grossorum

258 2801 422 2892 episcopo
448 2790 794 2872 cracoviensisltem
820 2800 967 2891 quilibet
991 2821 1056 2890 pro
1082 2798 1235 2872 mactae
1260 2800 1381 2905 soluit
1391 2799 1548 2890 plebano
1564 2799 1603 2870 iu
1628 2798 1813 2889 Przegi·

259 2941 345 3013 nya
370 2938 486 2994 unam
501 2934 712 2992 mensuram·
725 2918 892 3012 'siliginis
899 2927 936 2993 et
961 2942 1067 2993 unam
1094 2940 1234 2994 avenae.
1448 2941 1452 2948 ·

363 3042 591 3132 Zrnmrnns,
618 3040 701 3112 villa
735 3042 801 3115 sub
827 3031 994 3132 parocbia
1020 3041 1063 3113 de
1090 3041 1348 3133 Przeginya
1373 3042 1459 3131 sita,
1477 3040 1584 3111 cuius
1615 2985 1813 3131 proprietas

259 3162 304 3235 ιιι
340 3161 599 3235 serenissimum
615 3150 798 3233 Pelopiae
834 3180 952 3253 regem
983 3164 1154 3253 pertinet,
1182 3163 1218 3234 in
1245 3183 1313 3253 qna
1339 3168 1422 3233 sunt
1446 3154 1539 3233 liutei
1565 3160 1812 3281 emethonales,

258 3285 302 3356 de
329 3283 497 3374 quolibet*
516 3278 622 3353 -lsneo
657 3302 722 3373 pro
757 3282 891 3354 decima
917 3280 1276 3374 pecuniali,episeop0
1303 3272 1814 3355 Oracoviensi2-solv1turnnus

258 3404 348 3477 ferto
363 3402 525 3477 latorum
551 3414 760 3493 grossorum.
787 3404 877 3476 Item
904 3405 1049 3495 quilibet
1073 3426 1138 3496 pto
1164 3403 1317 3476 ιιιιιιιιιι
1342 3404 1447 3477 solvit
1473 3395 1622 3495 plebano
1640 3404 1678 3475 in
1696 3403 1813 3474 Prze·

259 3527 402 3616 ginya
420 3544 530 3596 unam
557 3544 753 3596 mensurum
779 3525 927 3616 siliginis
953 3531 1120 3598 etenum
1146 3540 1351 3597 mensnram·
1370 3545 1510 3597 arenae.
1648 3550 1652 3557 ·

363 3626 580 3734 Znnuczno,
607 3645 691 3715 villa
727 3647 791 3718 sub
825 3647 992 3737 parocbia
1013 3648 1061 3719 de
1087 3647 1352 3739 Przeginya
1377 3647 1464 3737 sita,
1491 3646 1589 3718 cuius
1605 3645 1813 3737 proprietas

260 3767 306 3838 ad
332 3764 591 3837 serenissimum
617 3764 781 3836 Poloniae
808 3774 925 3857 regem
951 3768 1112 3857 pertinet
1139 3769 1185 3841 in¹
1203 3784 1271 3859 qua
1297 3772 1379 3841 sunt
1393 3767 1494 3838 lanei
1512 3766 1761 3856 emethonales,
1778 3770 1813 3837 et

260 3887 407 3979 quilibet
391 3884 548 3957 tsolvit
532 3890 646 3975 tpro
681 3886 813 3958 decima
849 3888 1021 3978 pecuniali
1056 3891 1232 3979 episcopo
1239 3881 1466 3961 Oracoviensi
1499 3908 1606 3958 unum
1642 3886 1811 3959 fertonem

258 4009 309 4080 lat
293 4015 409 4080 torum
435 4024 647 4098 grossorum.
673 4006 760 4078 Item
787 4007 933 4100 quilibet
959 4028 1024 4100 pro
1049 4007 1213 4080 nwscbm
1225 4009 1268 4082 de
1285 4009 1386 4081 laneo
1413 4009 1519 4081 solvit
1544 4028 1651 4080 unam
1677 4028 1811 4079 mensu

259 4150 334 4200 ram
362 4126 529 4218 siliginis
539 4132 575 4198 et
601 4148 705 4199 unam
731 4147 871 4200 avenae.
1228 4146 1231 4154 ’
1253 4138 1261 4153 ·
1314 4187 1317 4193 .
1404 4149 1406 4153 ’

363 4246 527 4337 bnassu,
540 4247 639 4318 villa
665 4248 729 4319 sub
755 4249 923 4339 parochia
949 4249 992 4321 de
1018 4247 1104 4321 Prz
1115 4249 1290 4340 eginya,
1317 4249 1414 4321 cuius
1440 4249 1636 4341 proprietas
1654 4248 1701 4321 ad
1719 4269 1811 4322 sere

259 4370 445 4439 nissimum.
467 4366 632 4439 Polouiae
656 4389 774 4459 regem
799 4371 964 4461 pertinet,
989 4371 1026 4441 in
1054 4392 1122 4462 qua
1140 4375 1221 4441 sunt
1237 4371 1330 4442 lanei
1347 4370 1592 4461 emetbenales,
1610 4377 1648 4463 ιι
1666 4370 1811 4461 quilibet

257 4490 365 4563 solvit
391 4489 434 4560 de
452 4489 552 4560 laneo
571 4497 635 4579 pro
654 4489 786 4562 decima
803 4493 974 4581 pecuniali
992 4493 1153 4583 episcopo
1173 4491 1517 4564 Orseoviensiunnm
1535 4490 1706 4564 fertonem
1725 4491 1810 4562 lato

258 4631 335 4682 rum
362 4630 571 4699 grossorum.
598 4610 695 4682 Item·
710 4612 859 4702 quilibet
884 4613 927 4684 de
954 4614 1055 4685 laneo
1081 4633 1146 4704 pro
1163 4610 1315 4683 mescbne
1333 4613 1441 4685 solvit
1456 4612 1623 4685 ecclesiae
1640 4613 1677 4683 in
1693 4611 1810 4684 Prae

258 4733 400 4822 ginya
425 4750 530 4802 unam
556 4751 751 4804 mensuram
777 4734 925 4824 siliginis
952 4739 988 4805 et
1013 4754 1117 4807 unam
1145 4753 1284 4806 avenae.

801 4898 807 4914 ·-
854 4883 856 4887 ¹
932 4855 1145 4927 Jnuesoun.

364 4971 468 5064 Villa,
494 4974 627 5047 habens
653 4977 690 5047 in
716 4996 754 5047 se
780 4977 1014 5066 parochialem
1042 4976 1220 5049 ecclesiam
1247 4976 1407 5067 lignenm,
1425 4973 1587 5048 Omnium
1599 4975 1810 5049 vSanctorum

257 5095 384 5168 honori
410 5094 576 5187 dicatam,
599 5097 696 5168 cuius
730 5100 927 5191 proprietas
963 5098 1008 5169 ad
1033 5098 1234 5187 episcopum
1261 5096 1525 5177 Cracovieusem
1550 5099 1725 5189 pertinet,
1753 5097 1810 5188 qui

259 5221 314 5288 est
339 5214 517 5307 praefatae
551 5217 717 5288 ecclesiae
750 5219 786 5289 iu
821 5219 844 5291 J
854 5220 1056 5310 angroth
1082 5219 1203 5290 unicus
1230 5219 1374 5290 collator
1400 5224 1436 5291 et
1462 5225 1649 5309 patronus,
1677 5220 1715 5290 in
1743 5238 1811 5309 qua

257 5342 340 5409 sunt
367 5336 598 5427 quadraginta
624 5344 698 5409 tres
724 5339 816 5411 lanei
843 5341 1084 5432 emethonsles,
1111 5341 1195 5413 item
1222 5340 1391 5430 scoltetia,
1416 5340 1550 5413 babens
1577 5340 1664 5413 duos
1682 5341 1811 5430 laneos,

257 5458 342 5527 item
368 5477 472 5528 unam
498 5459 688 5549 tabernam,
715 5460 900 5532 habentem
927 5480 1049 5551 agros3
1075 5462 1159 5532 item
1186 5467 1240 5532 est
1266 5461 1326 5531 ibi·
1342 5460 1412 5531 alia
1428 5459 1577 5551 taberna
1592 5461 1811 5550 episcopalis,

258 5577 391 5650 habens
419 5598 531 5681 agros,
559 5578 601 5650 de
629 5580 753 5671 quibus
781 5581 940 5653 omnibus
966 5574 1115 5653 solvitur
1141 5588 1177 5653 et
1203 5582 1407 5654 conducitur
1433 5579 1566 5653 decima
1582 5580 1811 5671 manipularis

260 5705 297 5770 et
322 5701 497 5790 canapalis
533 5721 597 5791 pro
624 5702 827 5791 episcopatu
853 5701 1094 5792 Caesariensi,
1121 5708 1157 5773 et
1184 5702 1315 5774 ducunt
1341 5723 1418 5796 eam
1444 5702 1480 5772 in
1508 5722 1609 5773 suum
1627 5702 1812 5791 borreum,

260 5827 296 5895 et
322 5822 419 5895 valor
446 5822 520 5894 eius
548 5823 753 5895 aestimatur
780 5823 824 5895 ad
851 5824 996 5914 triginta
1021 5842 1164 5900 marcas.
1190 5823 1279 5894 Item
1307 5824 1422 5894 estin
1450 5822 1571 5895 eadem
1597 5822 1684 5895 villa
1709 5843 1812 5914 prae-

261 5942 354 6012 dium
381 5943 586 6035 episcopale,
613 5943 655 6015 de
683 5944 786 6016 c'uius'
807 5946 901 6034 agris
928 5944 1076 6015 solvitur
1102 5942 1235 6013 decima
1260 5943 1486 6033 manipularis
1514 5943 1550 6014 in
1567 5941 1592 6015 J
1601 5943 1812 6035 angroth.

259 6062 348 6133 Item
373 6064 540 6152 plebanus
566 6065 674 6136 babet
700 6065 750 6137 ibi
775 6066 936 6156 proprios
963 6085 1066 6155 agros
1093 6064 1222 6136 liberos
1249 6069 1285 6135 et
1311 6069 1421 6154 prata,
1438 6065 1757 6156 prosunpraedio
1776 6069 1814 6135 ιι

258 6184 484 6273 necessitate,
511 6189 547 6256 et
579 6185 689 6257 habet
723 6186 766 6257 de
800 6187 894 6276 agris
931 6185 1018 6257 duos
1043 6184 1164 6257 laneos
1191 6188 1228 6255 et
1253 6184 1541 6257 columbationem
1567 6189 1606 6257 et
1631 6185 1813 6258 denarium

260 6300 377 6375 Sancti
391 6324 396 6333 ·
410 6302 526 6406 Petri;
560 6306 644 6375 item
680 6307 847 6395 plebanus
882 6306 989 6378 habet
1016 6304 1060 6375 de
1087 6306 1242 6396 quolibet
1268 6305 1368 6377 laneo
1397 6305 1629 6396 cmethonali,
1656 6307 1812 6398 exceptis

259 6423 415 6517 desertis,
442 6444 545 6499 unam
572 6445 769 6497 mensmsm
795 6427 942 6516 siliginis
970 6431 1005 6496 et
1031 6425 1134 6496 aliam
1160 6446 1291 6499 avenae
1308 6446 1489 6498 mensurae
1513 6424 1813 6520 Wolbramiensis,

231 6548 324 6625 'seu
348 6546 554 6623 licusiensis.
