4200 8342
841 1954 975 2029 Panva
1002 1955 1226 2031 Kazmrmzn.

362 2074 457 2149 Villa
482 2075 614 2150 habens
636 2077 672 2148 in
690 2099 729 2149 se
754 2079 989 2169 parochialem
1016 2079 1195 2160 ecclesiam
1221 2080 1380 2170 ligneam,
1399 2079 1641 2171 Assumptioni
1659 2079 1804 2153 Sanctae

258 2195 393 2268 Mariae
412 2197 571 2289 dicatam,
590 2198 687 2269 cuius
704 2198 1043 2271 haeredeslacobns
1061 2205 1098 2270 et
1111 2198 1301 2270 Paulusde
1319 2202 1425 2271 annis
1443 2201 1536 2290 Byb
1547 2202 1805 2292 crschthin,

258 2315 384 2412 Petrus
408 2316 669 2409 Pog--orsky,
704 2285 897 2416 Sta·aus
923 2318 1131 2409 Liganza
1165 2320 1210 2390 de·
1236 2316 1533 2410 Gabolthow,
1569 2322 1652 2392 item
1687 2320 1805 2392 Zem-

257 2435 467 2529 leczsczy
502 2438 981 2542 dearmisOszmorog,
1017 2446 1054 2511 ot
1080 2440 1215 2512 nobiles
1251 2440 1726 2531 deZhyluthowyoze
1762 2442 1805 2512 de

258 2557 365 2628 armis
392 2556 663 2649 Strep-or'um
697 2565 735 2632 et
759 2560 1012 2632 Komarum.
1056 2561 1097 2631 ln
1125 2566 1300 2652 quaeunt
1327 2567 1406 2632 octo
1441 2561 1533 2634 lanei
1556 2561 1805 2651 cmethonules,

256 2697 326 2748 nna
351 2663 499 2751 taberna
522 2680 663 2770 plebani
689 2680 821 2752 habens
847 2701 972 2772 agros,
1008 2701 1097 2772 quae
1123 2702 1187 2771 pro
1215 2700 1321 2752 censu
1353 2681 1459 2752 solvit
1485 2686 1634 2770 quatuor
1660 2702 1810 2777 marcas,

257 2797 340 2868 item
366 2798 468 2870 dnae.
481 2800 710 2891 hortulaniae,
737 2801 781 2873 de
808 2802 936 2891 quibus·
960 2802 1135 2873 omnibus·
1153 2802 1303 2872 solvitur
1330 2801 1462 2872 decima
1487 2802 1714 2891 manipularis
1740 2823 1804 2892 pro

257 2918 401 2990 ecclesia
425 2925 463 2989 et
478 2919 625 3008 plebano
651 2921 780 2991 ibidem
805 2922 853 2991 in·
867 2920 1137 2993 Kozimirza
1163 2941 1324 3012 parva,
1358 2922 1455 2992 cuius
1473 2922 1573 2992 valor
1599 2923 1803 2992 aestimatur

256 3038 301 3108 ad
327 3039 522 3127 quindecim
555 3060 698 3111 marcas.
740 3040 837 3111 Item⁴
855 3041 964 3118 habet
988 3041 1039 3114 ibi
1065 3041 1210 3113 ecclesia
1245 3047 1282 3112 et
1309 3041 1477 3131 plebanus
1512 3042 1672 3132 proprios
1699 3062 1803 3131 agros

256 3162 292 3227 et
317 3164 428 3249 prata
454 3179 519 3250 pro
546 3180 609 3232 suo
635 3181 700 3232 usu
726 3165 762 3231 ot
789 3161 1006 3232 necessitate.
1137 3217 1139 3222 .

358 3276 620 3371 Gasonmrow,
646 3282 730 3353 villa·
756 3281 821 3352 sub
847 3281 1014 3371 parochia
1040 3281 1084 3352 de
1110 3301 1255 3371 parva
1285 3281 1558 3356 Kozimirza·
1578 3281 1664 3370 sita,
1704 3284 1801 3354 ouius

255 3387 379 3470 haeres
405 3399 598 3472 Stanislaus
624 3398 992 3492 Ga·b01lhowsky
1021 3402 1067 3474 de
1093 3403 1198 3474 armis
1217 3456 1412 3472 ........
1438 3395 1487 3472 Ιι]Ι
1506 3408 1687 3492 qna-sunt-
1709 3403 1800 3474 lanei

115 3521 144 3598 '2
255 3521 506 3611 emethonalcs,
541 3522 584 3593 de
611 3523 736 3612 quibus
757 3522 916 3593 solvitur·
936 3528 977 3594 et·
1000 3521 1204 3593 conducitur
1230 3522 1362 3594 decima
1388 3522 1613 3612 manipularis
1639 3543 1703 3613 pro
1730 3524 1802 3613 epi-

131 3693 135 3702 .
219 3660 356 3730 ·soopo
384 3639 623 3732 cracoviensi,
660 3643 757 3713 cuius
784 3641 884 3712 valor
910 3642 1114 3714 aestimatur
1140 3643 1186 3713 ad
1208 3696 1323 3713 .....
1349 3642 1437 3713 Item
1464 3647 1519 3713 cst
1544 3642 1594 3714 ibi
1620 3643 1800 3733 praedium

254 3781 358 3831 unum
384 3762 544 3851 militare,
573 3762 616 3846 de
643 3763 740 3834 cuius
767 3762 865 3852 agria
879 3749 1070 3833 decimatur
1096 3763 1260 3835 ecclesiae
1290 3763 1326 3833 in
1353 3782 1497 3851 parva
1522 3762 1800 3850 Kozimirza.

354 3881 562 3982 Zamnrcps,
582 3883 681 3954 ailla
716 3882 780 3954 snb
816 3884 982 3974 parochia
1018 3884 1077 3954 de·
1097 3903 1241 3973 parva
1282 3871 1549 3954 Kazimirza
1584 3884 1669 3972 sita,
1703 3884 1800 3955 cuius

133 4083 139 4090 ,
252 4001 375 4073 haeres
400 4001 637 4078 Pacoorek
664 4002 707 4073 de
735 4003 841 4072 armis
860 4053 973 4073 .....
999 4003 1041 4073 Iu
1067 4022 1136 4093 qua
1162 4008 1244 4074 sunt
1268 4002 1362 4082 lanei
1380 4003 1623 4093 cmethonales,
1652 4002 1694 4072 de
1722 4004 1798 4093 qui-

157 4155 160 4160 ,
252 4121 315 4192 bus
342 4122 491 4193 solvitur
517 4123 651 4200 decima
675 4122 900 4212 manipularis
929 4122 1091 4212 episcopo
1118 4120 1348 4193 Gracoriensi.
1374 4121 1462 4192 Item
1481 4128 1535 4193 est
1552 4123 1601 4192 ihi
1618 4123 1798 4211 praedium

252 4263 355 4312 unum
380 4242 542 4332 militare,
567 4241 623 4315 de'
638 4242 735 4314 euius
762 4241 1078 4332 agrisdecimatur
1093 4242 1257 4313 ecclesiae
1283 4241 1490 4332 inparve
1520 4241 1796 4314 Kozimirza.

351 4353 615 4453 Zacorizroml,
649 4362 823 4464 villa'sub
850 4363 1016 4452 parochia
1042 4362 1085 4434 de
1112 4381 1259 4451 parva
1288 4361 1553 4434 Kazimirza
1579 4363 1664 4452 sita,
1701 4364 1823 4435 cuius

248 4482 371 4554 haeres
397 4482 525 4555 Petrus
549 4482 795 4574 Zagorsky
822 4482 864 4554 de
891 4482 992 4556 domo
1019 4483 1404 4576 Bybcrsthi‚n.,·ln
1432 4503 1501 4573 quo
1525 4484 1618 4554 lanei
1645 4485 1797 4555 emethe-

212 4659 218 4671 .
250 4604 353 4694 noles,
381 4603 424 4674 de
450 4619 598 4695 quorum
623 4602 809 4688 medietate
827 4602 968 4684 ‚omina
994 4604 1229 4694 manipularis-
1254 4604 1401 4678 solvitur
1433 4610 1469 4674 et
1495 4604 1697 4676 conducitur
1724 4606 1796 4694 cpi-

249 4745 350 4815 scopo
378 4722 614 4815 Graooviensi‚¹
636 4725 859 4800 cuius-valor
884 4726 1089 4798 aestimatur
1115 4724 1159 4798 ad
1231 4779 1264 4815 .,
1293 4724 1335 4795 de
1359 4725 1471 4803 altera
1496 4745 1579 4796 vcro
1607 4726 1794 4822 medietate

124 4913 127 4918 .
248 4846 393 4917 solvitur
417 4867 481 4936 pro
502 4846 656 4936 plebano
683 4846 720 4917 in
747 4866 888 4935 parva
905 4845 1186 4930 -Kazimirra

162 4965 167 4972 “
360 4965 676 5054 danuscaowiczn
711 4965 860 5056 Maron,
896 4966 980 5037 villa
1013 4967 1077 5038 sub
1112 4965 1278 5056 parochia
1313 4985 1484 5055 parvae
1523 4963 1790 5038 Kazimirza

207 5095 210 5100 '
249 5086 323 5176 sita
351 5087 447 5158 cuius
473 5087 599 5158 haeres
624 5085 817 5177 Stanislaus
844 5087 1064 5176 Liganza
1094 5086 1135 5158 ln
1162 5106 1230 5176 qua
1256 5091 1338 5157 suut
1356 5085 1456 5182 lanei
1482 5087 1722 5176 cmethonales,
1750 5088 1794 5160 de

249 5208 370 5297 quibus
396 5206 530 5279 decima
554 5191 780 5296 manipularis
807 5207 955 5279 solvitur
981 5206 1142 5297 episcopo
1170 5203 1399 5295 Gracoviensi,
1427 5210 1463 5277 et
1482 5208 1579 5278 valor
1597 5207 1671 5277 cius
1689 5209 1793 5279 aesti-

248 5333 360 5398 matur
386 5328 432 5398 ad
450 5381 458 5397 .
476 5381 484 5397 .
587 5326 679 5398 hem
704 5331 759 5397 est
784 5326 833 5397 ibi
859 5325 1059 5417 praedium,
1095 5305 1138 5398 de
1165 5328 1263 5398 cuius
1289 5326 1383 5415 agris
1411 5326 1601 5398 decimatur
1628 5314 1793 5400 ccclesiae

249 5448 282 5518 in
308 5468 453 5538 parva
485 5447 762 5524 Kazimirua.
789 5443 816 5469 ²
1266 5513 1278 5536 ,.

356 5568 671 5642 Jaunscnomczn
692 5566 853 5660 :Momm⁴
892 5568 976 5641 villa
1010 5569 1075 5641 suh
1103 5569 1277 5660 parochia
1311 5550 1483 5661 parrae
1523 5551 1791 5640 Kozimirza

247 5688 331 5779 sita,
366 5689 464 5760 cuins
490 5690 613 5760 haeres
648 5688 740 5760 idem
766 5688 981 5780 Liganza.
1024 5690 1066 5761 In
1093 5712 1163 5782 qua
1188 5691 1278 5763 lanei
1310 5691 1560 5780 cmethonales,
1596 5690 1791 5779 dequibus

246 5810 391 5881 solvitur
416 5808 550 5880 decima
574 5809 798 5898 manipularis
830 5811 992 5901 episeopo
1019 5809 1259 5902 Gracoviensi,
1296 5819 1332 5884 ct
1359 5813 1433 5884 eius
1459 5810 1558 5882 valor
1584 5809 1628 5880 ad
1648 5861 1790 5880 ......

246 5949 378 6002 mareas
404 5930 618 6002 aestimatur.-
642 5929 730 6000 Item
747 5935 802 6002 est
819 5930 870 6003 ibi
895 5932 1075 6021 praedium
1101 5933 1262 6022 militare,
1288 5932 1332 6002 de
1355 5933 1451 6002 cuius
1478 5930 1571 6019 agris
1599 5929 1791 6016 decimatur

157 6042 160 6046 ’
246 6051 411 6122 ecclesiae
431 6051 475 6122 in
499 6070 647 6142 parra
676 6049 954 6124 Kozimirza.

362 6171 702 6260 Baonrscnowrcn‚
738 6170 834 6242 villa·
858 6173 921 6242 sub
957 6173 1123 6262 parochia
1157 6156 1332 6262 parvae
1372 6168 1655 6260 Kazimirza,
1691 6171 1789 6242 ouius
1882 6246 1887 6256 ,

243 6293 367 6364 haeres
392 6291 569 6364 Johanncs
595 6290 756 6364 Szmok
783 6290 826 6360 de
853 6292 959 6362 armis
985 6292 1231 6364 Poinkoza
1267 6290 1307 6360 ln
1324 6311 1403 6381 -qua
1428 6310 1489 6361 sex
1516 6289 1608 6361 lanei
1635 6290 1789 6361 emetho-
1904 6294 1907 6302 '

246 6414 350 6502 nales,
376 6433 447 6484 una
471 6412 618 6484 taberna
644 6415 681 6483 et
707 6417 781 6483 tres
808 6410 1026 6482 hortulaniae
1057 6412 1227 6483 habentes
1243 6431 1375 6504 ¹agros,
1410 6410 1604 6502 dequibus
1630 6395 1789 6482 omnibus

245 6533 391 6605 solvitur
417 6532 550 6604 decima
576 6531 800 6622 manipularis
817 6531 1034 6623 praebendae
1056 6530 1287 6623 cracoviensi,
1314 6531 1427 6604 dictae
1445 6530 1789 6622 Wawrzynyeczslm,
1880 6631 1886 6643 ,

348 6698 504 6743 launomaro.
516 6698 547 6739 ΙΙ.
969 6718 980 6742 s
1090 6735 1094 6742 ,
1589 6680 1625 6729 19
