4200 8342
260 1646 331 1719 542

258 1851 400 1942 praedia
435 1850 617 1965 militaria,
631 1848 687 1919 ude
703 1848 839 1939 quibus
866 1869 929 1938 pro
956 1846 1292 1931 maiorimedietate
1318 1844 1466 1921 salviam
1481 1782 1630 1939 ,deoffi
1655 1846 1803 1936 manipu-

1117 1969 1170 2042 ori
1197 1988 1280 2043 vero
1308 1968 1474 2041 eeclesiae
1491 1964 1754 2073 iwrio-w,
1773 1975 1803 2038 et

256 1972 349 2061 laria,
377 1960 454 2062 pro⁸
468 1971 668 2060 episcopatu
695 1966 926 2160 (lgooviensi,
953 1989 1017 2057 pro

257 2090 354 2163 valor
381 2091 455 2195 eiua
481 2090 687 2162 aestimatur
709 2074 728 2161 .'
759 2070 775 2127 θ
785 2143 793 2159 .
821 2143 829 2159 .
857 2143 865 2160 .
1088 2064 1113 2123 ⁵⁹

312 2294 318 2303 ,
362 2209 600 2301 Gurnanowr
621 2210 705 2281 villa
731 2210 794 2281 sub
822 2210 993 2329 parochia
1010 2208 1057 2281 de
1084 2208 1276 2282 Garbow
1303 2210 1380 2300 sila,
1406 2210 1503 2281 cuius
1529 2209 1656 2280 haeres
1674 2206 1804 2299 Phye·

243 2305 371 2404 'oron
399 2331 442 2403 de
466 2331 860 2427 ,domo-*Taurorum
887 2324 939 2402 ln'
955 2320 1024 2420 qua
1049 2336 1130 2402 anni
1155 2331 1246 2419 lanei
1273 2331 1515 2419 emethonales‚
1542 2331 1629 2402 item
1656 2328 1804 2419 taberna,

257 2453 341 2529 item
366 2451 596 2540 hortulaniae,
623 2451 666 2522 do
694 2451 824 2542 quibus.
845 2451 993 2522 solvitur
1019 2451 1154 2522 decima
1179 2450 1407 2542 manipularis
1434 2457 1470 2521 et
1498 2438 1679 2539 canapalia
1705 2450 1808 2543 eade,

258 2572 331 2643 siae
357 2571 393 2642 in
421 2568 633 2659 Garbow3
660 2571 757 2642 ouius
784 2571 882 2642 valor
909 2570 1103 2665 quindeeim
1129 2592 1273 2645 marcas.
1307 2573 1396 2643 Item
1422 2578 1476 2642 est
1501 2571 1551 2642 ibi
1577 2566 1701 2642 nnum'
1710 2538 1818 2689 1)ιῆἡ

259 2692 353 2765 dium
388 2691 537 2790 militare
547 2746 563 2780 ,‚
581 2692 625 2762 de
661 2691 758 2763 cuim
794 2691 888 2782 agria
915 2690 1063 2764 solvitur
1089 2693 1221 2769 <lecina
1246 2693 1428 2765 alternatis
1455 2691 1610 2778 viribua3
1637 2710 1718 2763 nam
1744 2711 1804 2763 uno

259 2832 348 2885 anno
377 2811 523 2884 solvitur
549 2811 696 2901 plebano
724 2812 761 2903 in
787 2809 992 2915 Gorbow,
1019 2813 1131 2887 altero
1157 2814 1252 2885 in..
1280 2856 1323 2883 .·.
1350 2867 1358 2884 .
1384 2811 1495 2887 Valor
1520 2811 1678 2884 decimae
1704 2811 1805 2885 totino

261 2933 379 3006 decem
405 2930 607 3069 murnum.
871 3008 875 3015 ,
916 2932 920 2937 ’
1000 2924 1011 2935 ““
1288 2986 1290 2995 .
1443 2956 1450 2971 ·

361 3053 512 3143 Lunum,
539 3052 621 3151 villa
648 3053 712 3124 sub
740 3048 906 3151 parochia¹
930 3054 974 3126 de
1001 3052 1192 3127 Garbow
1219 3055 1304 3144 aita,
1332 3055 1427 3126 cuius
1458 3052 1645 3126 haeredes:
1681 3050 1806 3124 lohan-

260 3194 322 3261 uea
348 3171 628 3265 uzarowsuy
664 3173 707 3245 de
734 3173 835 3248 domo
862 3152 1012 3265 Rana,
1037 3175 1061 3248 J
1071 3177 1247 3250 akusch
1274 3176 1317 3247 de
1344 3176 1450 3246 armis
1476 3173 1705 3261 Nolam,
1730 3173 1806 3245 item

259 3293 454 3384 Kordek‚
480 3294 564 3365 item
585 3293 844 3429 §wamia
870 3295 911 3366 In
938 3316 1007 3387 qna
1033 3302 1115 3367 sunl
1142 3295 1321 3368 duodecim
1348 3292 1440 3367 lanei
1466 3293 1712 3382 cmethonalea,
1729 3294 1806 3363 item

261 3413 404 3504 praedia
438 3414 511 3485 tria
535 3414 585 3485 ibi
612 3420 710 3503 sunt,
737 3413 781 3486 de
807 3396 931 3537 ow*
957 3416 1107 3515 poluitur
1133 3422 1170 3488 et
1195 3416 1399 3488 conducitur
1425 3415 1561 3487 decima
1584 3413 1806 3503 manipularis

260 3534 496 3624 el.oanapalia
531 3533 697 3605 ecelesiae
733 3540 770 3605 et
804 3520 1254 3661 plebanogmfiarbow,
1281 3536 1379 3608 euius
1405 3535 1504 3623 valor
1529 3532 1806 3606 aestimatur-ad

352 3762 583 3981 mm,
610 3760 693 3844 villa
720 3776 784 3847 sub
811 3650 976 3872 paroossa
996 3777 1045 3853 de
1072 3698 1267 3871 θαι-ὀν
1294 3778 1371 3867 sita
1398 3777 1496 3849 ouius
1513 3774 1685 3849 haeredes
1703 3773 1806 3862 multi

260 3893 304 3967 de
330 3914 353 3966 v
541 3894 579 3982 's,
605 3899 686 3983 post
713 3916 858 3986 quorum
885 3904 1046 3971 araturas
1072 3899 1219 3993 solvitpr
1245 3898 1380 3971 decima
1406 3897 1635 3988 manipularis
1653 3903 1692 3969 et
1709 3915 1806 3969 oena-

260 4014 349 4104 palia
375 4014 541 4087 eeclesiae
567 4014 604 4084 in
632 4011 833 4090 Gar-bow.
956 4054 990 4109 ,μ
1224 4078 1226 4085 .
1591 4094 1601 4113 .-

365 4134 576 4227 Wrssonrn,
606 4136 689 4208 villa
714 4138 778 4209 sub
805 4138 971 4229 parochia
997 4139 1040 4212 de
1068 4138 1260 4212 Garbow
1286 4139 1364 4229 sita,
1390 4139 1488 4212 ouius
1514 4114 1685 4211 haefddea
1703 4134 1807 4223 molti,

262 4255 319 4344 qui
346 4275 408 4344 per
436 4276 472 4326 so
499 4256 617 4327 colunt
652 4278 756 4350 agros
792 4259 1044 4350 amathonales‚
1073 4259 1267 4351 dequibus
1294 4260 1434 4332 solvunt
1459 4259 1639 4330 decimam.
1657 4257 1808 4346 manipu-

260 4373 369 4445 larem
404 4381 441 4446 et
475 4377 672 4465 canapalem
707 4378 873 4450 ecelesiae
908 4386 945 4450 et
980 4380 1106 4470 pleban
1163 4382 1199 4452 in
1226 4379 1430 4575 Gaffow.
1462 4412 1488 4455 ο
1780 4370 1783 4377 ’

368 4491 472 4585 Gom,
500 4496 583 4568 villa
610 4498 673 4569 sub
700 4499 866 4588 parochia
892 4499 934 4570 de
962 4497 1156 4599 Garblripi
1182 4502 1260 4591 sita
1277 4480 1318 4572 θ’
1333 4508 1375 4574 us
1393 4502 1514 4572 haeres
1533 4499 1807 4589 Szwyebrou

261 4614 304 4685 de
331 4597 433 4687 domo
460 4615 722 4693 Taurorum.
757 4618 797 4689 ln
826 4639 894 4708 qua
921 4626 1001 4691 sunt
1027 4602 1400 4712 lonellamothonal‘m,
1424 4623 1508 4695 item
1534 4620 1702 4715 taleam,
1727 4619 1806 4691 ilem

258 4735 496 4829 luortulaniae‚
524 4738 566 4819 de
603 4740 726 4830 quibus
762 4740 920 4813 omnibus
947 4742 1095 4813 solvitur
1122 4750 1158 4814 et
1185 4743 1388 4844 condupitur
1424 4729 1564 4847 decima
1574 4726 1804 4947 &blatis

261 4861 297 4927 ei
324 4859 497 4949 canapalis
525 4880 588 4949 pro
616 4861 762 4932 eeclesia
787 4861 823 4930 in
852 4857 1053 4953 Garbow,
1082 4869 1117 4935 et
1143 4865 1239 4936 valor
1267 4866 1341 4936 eius
1368 4850 1586 4936 aestmalul·

365 4968 540 5065 Moacmn
567 4979 705 5071 Mnuoa,
733 4961 816 5054 villa
842 4982 905 5053 sub
932 4983 1097 5072 parochia
1123 4984 1287 5056 ecelesiae
1315 4985 1357 5058 de
1385 4983 1577 5087 Garbolw
1603 4964 1684 5072 sita
1710 4981 1805 5052 cuins

261 5097 428 5169 haeredes
454 5084 570 5190 mulli
591 5102 649 5193 qni
676 5102 741 5197 ooli
767 5123 830 5192 per
858 5123 895 5175 se
922 5104 1039 5175 colunt
1066 5124 1180 5207 agros*
1197 5106 1440 5196 emethonales,
1467 5104 1653 5195 dequibus
1673 5102 1808 5175 solvunt

261 5215 428 5288 decimam
455 5221 703 5312 manipularem
731 5230 767 5294 et
794 5224 994 5314 canapalem
1021 5225 1187 5298 ecclesiae
1214 5232 1251 5298 et
1268 5227 1416 5318 plebano
1434 5226 1471 5297 in
1489 5222 1696 5327 Garbop,
1714 5221 1807 5294 euim

263 5334 361 5408 valor
388 5339 592 5412 aestimatur
618 5341 662 5413 ad
682 5396 689 5411 .
709 5396 743 5412 ..
817 5371 823 5381 ’

366 5456 541 5530 Mosarna
567 5460 706 5552 Mamn,
734 5463 817 5535 villa
843 5466 907 5536 sub
934 5467 1100 5556 parochia
1126 5466 1169 5541 de
1196 5465 1386 5539 Garbow
1414 5467 1491 5556 aito,
1518 5465 1615 5537 cuius
1642 5461 1830 5545 Ιιαοῐθᾱὲ

262 5578 381 5669 mulii,
408 5578 468 5671 qui
504 5579 569 5652 soli
603 5582 707 5653 etiam
739 5603 802 5673 per
837 5605 874 5655 se
910 5607 1013 5677 agros
1040 5594 1271 5678 occuparunt,
1297 5594 1334 5660 el
1358 5588 1437 5661 illos
1463 5593 1583 5676 arant,
1610 5591 1647 5657 et
1673 5584 1717 5656 de
1744 5576 1821 5654 illie

263 5700 401 5773 solvant
427 5699 595 5774 deonnam
621 5705 868 5794 manipularem
896 5713 932 5778 et
957 5708 1157 5798 canapalem
1175 5708 1338 5782 ecclesiae
1355 5716 1393 5781 et
1410 5709 1557 5798 plebano
1575 5692 1809 5778 in'Garbow.

366 5819 629 5915 Grszowrcza,
656 5825 740 5897 villa
758 5827 822 5898 sub
841 5828 1007 5917 parochia
1023 5829 1067 5901 de
1086 5827 1279 5903 Garbow
1305 5831 1381 5921 sita
1401 5830 1498 5900 ouius
1515 5827 1691 5902 haeredes.
1702 5825 1810 5914 multi,

1026 2926 1058 2941 ‘M

264 5942 323 6032 qui
356 5962 421 6033 per
451 5964 488 6015 se
516 5952 618 6016 arant
643 5966 765 6037 agros,
792 5947 986 6039 dequibus
1014 5950 1153 6022 solvunt
1180 5951 1344 6024 decimam
1372 5950 1622 6040 manipularem
1649 5954 1686 6021 et
1711 5967 1810 6020 oana-

262 6046 375 6152 palem
402 6064 567 6137 ecclesiae
593 6067 629 6137 in
657 6065 859 6140 Garbow.
890 6069 978 6140 ilem
1006 6078 1087 6142 sunt
1114 6072 1164 6144 ibi
1189 6079 1226 6144 et
1252 6073 1359 6164 aliqui
1385 6073 1486 6163 panai
1513 6078 1629 6143 tamen
1656 6068 1809 6142 emethe-

263 6202 334 6273 nea,
361 6183 421 6274 qui
447 6185 551 6256 eliam
577 6186 750 6259 decimant
776 6189 811 6258 in
840 6186 1043 6262 Garbow.

367 6302 633 6397 Grszowrczn,
661 6307 730 6378 alia
757 6308 839 6379 villa
867 6311 930 6381 snb
956 6311 1124 6399 parochia
1149 6313 1192 6384 de
1215 6311 1406 6387 Garbow
1433 6315 1510 6404 sita
1527 6314 1625 6386 cuius
1643 6309 1810 6387 haeredes

264 6442 381 6495 omnes
408 6427 443 6496 in
470 6426 589 6499 eadem
617 6428 701 6501 villa
726 6430 965 6522 consistentes,
992 6434 1051 6524 qui
1078 6454 1183 6524 agros
1209 6436 1329 6509 oolunl
1353 6442 1391 6507 el
1415 6435 1582 6510 decimam
1608 6434 1749 6508 solvunt
1776 6437 1810 6505 io

126 6580 130 6589 ·
264 6536 467 6615 Garbow.
