4200 8342
1712 1648 1785 1720 349

187 1877 204 1904 o
334 1843 448 1914 Villae
483 1845 715 1935 parochiales:
760 1844 1106 1939 Olbyerzowiczc,
1142 1848 1404 1941 Wytowszka
1431 1849 1590 1943 Wolya‚
1618 1850 1784 1943 Wytho-

231 1964 1259 2063 uiczc,leanon'iczc,Strudow,Cly1nyuntlrow,
1283 1971 1644 2063 Ramolthowiczc,
1670 1974 1784 2066 Dolp,

231 2085 357 2157 Nowa
383 2086 571 2178 Wpesclr,
598 2079 897 2181 Nanvodzienbs
911 2089 1192 2183 Yurkowiczc,
1223 2093 1354 2165 Parva
1380 2093 1604 2184 Polczicze,
1631 2094 1784 2185 Magna

229 2206 460 2298 Polemone,
503 2213 651 2300 utraque
695 2209 1053 2304 Szymunouycze,
1097 2212 1447 2306 Pokrzyuyanka,
1493 2213 1666 2307 Obnary,
1710 2213 1784 2306 Go-

94 2378 101 2391 .
229 2330 408 2400 narszha
433 2328 596 2422 Wolya,
621 2329 851 2423 Rybnycza.

117 2639 126 2648 .
316 2645 322 2660 ..
860 2557 1163 2632 Suursnnwrczn.

88 2651 115 2780 f}
140 2711 165 2776 ·.'
272 2669 427 2765 -r’Villa
460 2694 594 2766 habens
629 2695 666 2767 in
702 2715 740 2768 se
775 2697 1010 2786 parochialem
1018 2698 1223 2836 *eclesiam
1261 2698 1430 2788 ligneam,
1467 2698 1613 2771 Sanctae
1649 2698 1783 2772 Mariae

153 2837 183 2906 ς
230 2813 417 2886 Nativitati
443 2816 611 2908 dicatam,
638 2817 735 2888 cuius
763 2817 931 2907 plebanus
957 2817 1152 2891 Stanrslaus
1180 2819 1372 2910 presbyter,
1400 2819 1497 2892 cuius
1516 2819 1712 2910 proprietas
1739 2822 1782 2892 ad
1847 2843 1849 2852 ·

87 2969 99 3002 ε
228 2934 423 3008 Jolranncm
440 2937 764 3029 Lerrarthowicn‚
782 2945 818 3010 ct
840 2935 1022 3012 lllbcrtum
1041 2931 1418 3032 Gorzyczensky....
1445 2941 1485 3011 In
1505 2961 1573 3032 qua
1591 2946 1672 3013 sunt
1690 2941 1781 3012 lanei

230 3057 471 3149 cnretlronales,
498 3059 582 3132 item
607 3061 784 3149 tabernac,
812 3060 854 3130 dc
882 3061 1007 3151 quibus
1034 3062 1194 3134 omnibus
1221 3062 1368 3134 solvitur
1395 3067 1431 3133 ct
1458 3062 1664 3155 conducitur
1691 3062 1782 3134 deci-

230 3198 286 3248 ma
311 3181 537 3270 manipularis
564 3183 601 3254 et
625 3182 800 3273 canapalis
837 3202 901 3272 pro
928 3184 1137 3256 monasterio
1173 3182 1473 3274 Andrzeonicnsi,
1512 3189 1548 3256 et
1573 3183 1673 3256 valor
1708 3184 1782 3256 eius

230 3300 435 3374 aestimatur
460 3302 505 3375 ad
524 3358 531 3373 .
550 3357 558 3373 .
577 3359 611 3374 ..
637 3304 726 3376 Item
761 3311 843 3377 sunt
869 3305 918 3378 ibi
945 3305 1090 3397 praedia
1121 3305 1188 3377 duo
1215 3305 1400 3395 militaria,
1437 3305 1518 3376 item
1554 3303 1783 3396 hortulaniac,

230 3420 273 3492 de
299 3423 424 3511 quibus
449 3423 640 3496 decimatur
666 3446 730 3516 pro
758 3427 904 3499 ccclesia
930 3428 965 3499 in
993 3425 1342 3519 Sulyslawicze.
1378 3427 1466 3499 Item
1492 3426 1600 3498 habet
1636 3426 1782 3498 ccclesia
1859 3491 1863 3497 .

230 3547 342 3631 agros'
358 3563 423 3634 pro
450 3546 592 3636 praedio
619 3568 692 3637 suo,
719 3547 906 3640 hincinde
933 3569 1082 3640 sparsos,
1110 3555 1146 3620 ct
1163 3555 1302 3640 pratum
1328 3569 1444 3620 unum.
1470 3547 1557 3619 Item
1583 3547 1690 3620 habet
1715 3548 1781 3620 ibi-

229 3662 306 3734 dem
334 3686 437 3738 unam
463 3669 714 3761 hortulaniam,
741 3643 924 3744 babod'tem
951 3692 1074 3762 agrum
1102 3676 1138 3743 ct
1164 3677 1311 3761 pratum.
1347 3670 1435 3743 ltem
1461 3669 1570 3742 habet
1595 3690 1698 3742 unam
1727 3674 1779 3760 ta,-

229 3785 381 3878 bcrnam,
407 3789 592 3862 habentem
620 3811 750 3882 agrum,
778 3811 867 3883 quac
893 3793 1059 3864 ecclesiae
1086 3797 1229 3864 consuat
1254 3813 1357 3864 unam
1385 3811 1600 3882 soxagenam.

331 3907 560 4001 Duoszrenn,
596 3911 679 3984 villa
706 3913 769 3983 sub
797 3913 962 4003 parochia
989 3914 1031 3984 de
1058 3912 1339 3985 Sulislawicze
1367 3913 1451 4003 sita,
1488 3913 1585 3983 cuius
1612 3912 1780 3984 haeredes

94 4107 103 4123 .
228 4028 379 4102 Jacobus
398 4037 434 4102 et
451 4030 682 4104 Johanncs...
701 4033 744 4106 de
762 4035 867 4106 armis
886 4032 1047 4124 Ostoya.
1073 4034 1115 4106 In
1133 4054 1201 4126 qua
1218 4039 1299 4105 sunt
1317 4034 1409 4105 lanei
1427 4033 1669 4123 auctionales,
1699 4033 1779 4104 itam

228 4153 374 4224 taberna
400 4174 478 4243 una,
504 4153 586 4224 item
612 4154 842 4247 lrortulaniae,
869 4155 952 4228 itom
978 4137 1218 4247 prwffiduo
1244 4154 1421 4245 militaria,
1448 4155 1491 4226 de
1519 4154 1646 4244 quibus
1673 4153 1782 4225 omni-

228 4273 294 4344 bus
320 4273 468 4346 solvitur
494 4279 530 4345 et
556 4275 758 4349 conducitur
793 4277 926 4350 decima
961 4253 1187 4368 manipularis
1214 4282 1251 4348 ot
1276 4276 1451 4368 canapalis
1483 4296 1547 4366 pro
1575 4274 1719 4347 ccclesia
1746 4274 1781 4344 in

230 4392 585 4488 Sulyslawicze,
612 4403 648 4470 et
674 4398 773 4471 valor
799 4398 874 4472 eius
901 4397 1283 4472 aestimatum...

332 4516 526 4610 Rusczrn,
552 4519 636 4592 villa
661 4521 726 4594 sub
752 4521 919 4612 parochia
944 4521 988 4592 de
1015 4519 1306 4593 Sulislawicze
1333 4519 1420 4611 sita,
1448 4518 1545 4591 cuius
1562 4517 1675 4590 maior
1700 4536 1782 4609 pars

229 4635 275 4708 ad
301 4637 503 4712 decanatum
530 4638 843 4716 Sandomiriensem
869 4643 1032 4734 pertinet.
1058 4642 1099 4714 ln
1127 4643 1223 4716 cuius
1246 4646 1347 4732 parte
1374 4646 1455 4714 sunt
1482 4661 1543 4713 aex
1569 4640 1663 4713 lanei
1690 4658 1779 4711 cmc-

229 4758 398 4850 tlronalcs,
425 4761 509 4833 item
535 4783 605 4835 una
631 4765 778 4837 taberna
795 4765 928 4837 habens
955 4785 1059 4856 agros
1083 4764 1224 4854 decani,
1252 4763 1295 4836 dc
1314 4763 1439 4854 quibus
1457 4762 1616 4835 omnibus
1635 4760 1791 4832 solvitur-

230 4885 265 4952 et
292 4883 498 4956 conducitur
523 4884 656 4958 decima
682 4886 909 4976 manipularis
935 4891 972 4958 et
998 4886 1183 4976 canapalis,
1210 4906 1274 4975 pro
1301 4884 1473 4958 decanatu
1499 4881 1783 4970 Sandomiriensi,

230 5004 326 5075 cuius
362 5006 458 5077 valor
484 5005 530 5078 ad
557 5017 688 5098 septem
723 5027 857 5079 marcas
893 5007 1121 5080 existimatur.
1157 5006 1244 5078 ltem
1271 5005 1394 5077 minor·
1410 5024 1493 5094 pars
1530 5003 1643 5075 dictae
1670 5001 1782 5090 villae,

229 5127 381 5214 pertinet
407 5128 451 5200 ad
478 5127 735 5220 Szyagneum
762 5134 799 5200 et
825 5126 997 5201 Oszkam
1025 5128 1068 5200 dc
1096 5127 1202 5200 armis
1237 5109 1370 5215 Rana,
1405 5125 1440 5195 in
1468 5145 1538 5217 qua
1564 5129 1663 5216 parte
1700 5127 1780 5195 sunt

230 5245 322 5319 lanei
348 5249 599 5340 emethonales‚
635 5249 830 5344 dequibus
857 5249 1004 5322 solvitur
1031 5254 1069 5321 et
1095 5247 1298 5322 conducitur
1333 5245 1467 5318 decima
1493 5244 1734 5354 manipularis,
1748 5249 1783 5316 et

231 5370 405 5460 canapalis
431 5391 496 5463 pro
523 5371 669 5444 ccclesia
695 5371 731 5444 in
758 5370 1002 5462 Skothnilry.
1033 5369 1121 5443 Item
1153 5374 1234 5442 aunt
1260 5368 1309 5442 ibi
1335 5368 1402 5441 duo
1433 5368 1579 5460 praedia
1606 5366 1781 5456 militaria,

232 5487 275 5558 do
301 5491 425 5579 quibus
452 5493 598 5566 solvitur
617 5494 750 5588 decima
766 5493 992 5586 manipularis
1010 5493 1175 5566 ccclesiae
1202 5491 1238 5563 in
1265 5489 1562 5581 Sulislawicze,
1588 5489 1782 5584 abaliquo

231 5629 308 5680 rum
335 5614 562 5685 emethonum.
587 5616 676 5687 Item
702 5616 852 5689 decanus
877 5613 1167 5690 Sandomiriensis
1193 5634 1262 5686 non
1288 5611 1395 5686 habet
1421 5612 1471 5685 ibi
1497 5611 1686 5703 praedium.

269 5799 276 5814 ,
336 5729 668 5828 Worozrnszrczs,
695 5737 778 5810 nilla
803 5738 868 5810 sub
894 5737 1061 5828 parochia
1087 5737 1130 5808 de
1153 5735 1447 5826 Snlyslawicze
1474 5733 1550 5823 sita,
1577 5731 1674 5804 cuius
1700 5730 1783 5800 haa-

231 5835 350 5925 rddcs:
377 5852 640 5950 Johanncs,du··2
680 5861 926 5949 trzegomya,
953 5857 1080 5930 Petrus
1106 5857 1149 5929 de
1172 5856 1453 5947 Strzegomya,
1481 5852 1652 5924 Matthias
1679 5849 1783 5922 Nico-

232 5975 307 6046 laus
334 5971 576 6048 llanszlowi'
641 5957 740 6074 ,jln
768 5998 837 6068 qua
862 5983 943 6049 saint
968 5978 1061 6050 lanei
1087 5977 1339 6066 emethonales,
1376 5975 1458 6044 item
1486 5973 1673 6063 tabernae,
1699 5971 1782 6044 item

231 6097 459 6188 lrortulaniae,
485 6069 748 6188 itom'pffidia,
774 6097 818 6169 de
845 6097 970 6188 quibus
996 6099 1154 6171 omnibus
1181 6097 1328 6169 solvitur
1354 6100 1390 6165 at
1417 6093 1623 6166 conducitur
1649 6092 1784 6165 decima

232 6219 457 6311 manipularis
484 6223 520 6290 et
544 6195 730 6310 canafidls,
756 6239 820 6309 pro
837 6217 983 6313 ecclesia
1008 6191 1054 6291 ih.
1071 6217 1379 6310 Sulyslawiczc,
1406 6222 1441 6288 ct
1460 6216 1558 6290 valor
1576 6215 1651 6288 eius
1677 6214 1782 6300 aesti-

233 6329 724 6654 &ziff'pamehialea
759 6437 1072 6554 sulislawi'cm
1109 6459 1393 6553 Dmosczicze,
1432 6460 1631 6550 Ruszcza,
1668 6458 1782 6550 Woy·

234 6599 304 6674 azy
333 6583 479 6658 amona

680 6551 866 6710 aa·
937 6573 945 6596 ’
