4200 8342
1731 1486 1785 1537 ,η
1820 1478 1845 1557 p.

1782 1636 1855 1706 40(
1927 1720 1931 1729 ,

306 1822 466 1901 marcam.
505 1826 769 1905 ltemeeelesia
786 1832 891 1904 habet
917 1853 981 1924 pro
1000 1855 1062 1905 suo
1082 1833 1223 1925 praedio
1250 1855 1354 1926 agros
1375 1836 1524 1928 liberos,
1552 1842 1589 1910 et
1606 1843 1745 1929 pratum
1763 1844 1857 1934 agris

305 1950 377 2025 suis
403 1952 612 2043 contiguum.

403 2070 739 2165 'Darnwraezrczm
777 2076 859 2147 villa
895 2077 958 2148 sub
985 2077 1151 2168 parochia
1186 2078 1228 2150 de
1265 2079 1471 2152 Wolicza
1496 2082 1572 2152 sita.
1613 2083 1749 2174 inqua
1774 2074 1856 2158 sunt

301 2195 396 2267 lanei
422 2196 670 2287 emethonalos,
697 2196 740 2269 de
759 2198 883 2289 quibus
902 2199 1092 2270 decimatur
1110 2254 1223 2270 .....
1264 2201 1351 2272 item
1379 2202 1486 2274 habet
1512 2204 1656 2295 praedia
1683 2206 1856 2298 militaria,

251 2391 266 2399 ,
299 2314 345 2389 (10
373 2317 499 2409 quihus
526 2316 719 2392 decimatur
745 2340 808 2411 pro
827 2320 971 2392 eeclesia
998 2321 1033 2391 in
1061 2320 1275 2413 Wolicza‚
1303 2329 1339 2394 et
1357 2324 1454 2395 valor
1480 2324 1554 2397 eius
1581 2326 1784 2400 aestimatur
1810 2328 1856 2401 ad

299 2430 452 2530 quatuor
478 2458 621 2513 mareas.

231 2563 235 2567 '
407 2559 522 2635 Villae
547 2561 782 2653 parochiales:
809 2561 1031 2654 Wolicza,
1059 2564 1445 2655 Dzieuyaezicze.

787 2683 976 2757 Sraanow
1008 2685 1094 2756 alias
1122 2684 1373 2758 Znsrnurow.
1782 2766 1785 2773 ,

394 2802 501 2876 ¹Villa
518 2804 651 2877 habens
678 2806 713 2877 in
732 2827 769 2878 se
788 2807 1021 2898 parochialem
1040 2806 1233 2896 ecclesiam,
1262 2807 1388 2879 Sancto
1407 2807 1676 2881 Bartholomaeo
1695 2808 1855 2903 dicatam,

221 3024 226 3029 Ι
302 2924 404 2998 cuins
430 2925 599 2999 haeredes
617 2933 654 2999 et
671 2928 809 3019 patroni
827 2928 1097 3019 christophorus
1117 2928 1482 3020 Schaliranyeez
1510 2930 1645 3003 ratione
1664 2932 1784 3003 ureris
1811 2932 1854 3003 de

303 3048 413 3137 armis
440 3046 752 3139 Antiquarum
779 3050 1028 3141 Equorum,
1055 3049 1223 3140 Aegidius
1242 3049 1505 3124 deSchudol
1534 3051 1576 3122 de
1596 3053 1702 3124 armis
1729 3052 1850 3126 Hab-

300 3167 422 3249 dank
449 3176 485 3242 et
501 3169 697 3243 Stanislaus
723 3171 784 3245 Ito
797 3173 897 3243 mak
924 3171 967 3243 (10
985 3172 1092 3243 arnris
1121 3227 1128 3241 .
1147 3227 1154 3242 .
1174 3227 1181 3242 .
1201 3227 1230 3242 ..
1257 3171 1298 3243 In
1317 3194 1386 3264 qua
1404 3179 1485 3244 sunt
1503 3179 1635 3265 septem
1654 3175 1746 3246 lanei
1765 3196 1854 3247 eme-

299 3290 471 3382 ffi'onales,
498 3292 581 3364 item
600 3294 775 3384 tabernae,
803 3295 886 3365 item
905 3295 1141 3385 hortulaniae‚
1169 3294 1251 3366 item
1271 3294 1450 3385 praedium
1478 3295 1632 3387 unicum,
1661 3296 1704 3367 de
1731 3297 1868 3388 quibus·

298 3412 449 3485 solvitur
474 3420 510 3485 et
528 3413 731 3486 conducitur
758 3415 890 3487 decima
909 3416 1133 3506 manipularis
1152 3421 1188 3488 et
1205 3416 1381 3508 campalis
1408 3438 1471 3508 pro
1498 3417 1644 3489 eeclesia
1670 3418 1707 3489 in
1733 3416 1856 3490 Stra-

298 3531 412 3625 do-w,
450 3540 486 3606 et
521 3536 620 3607 valor
656 3537 730 3608 eius
766 3538 970 3611 aestimatur
1006 3538 1051 3609 ad
1087 3545 1220 3629 septem
1256 3559 1399 3610 mareas.
1444 3538 1533 3611 Item
1569 3539 1675 3612 hahet
1708 3540 1855 3612 ecelesia

300 3676 404 3747 agros
438 3655 634 3747 praediales
669 3658 797 3748 bonos,
832 3646 961 3731 liberos
998 3665 1034 3731 et
1069 3666 1191 3751 prata;
1226 3659 1310 3731 item
1345 3659 1452 3733 habet
1483 3680 1586 3732 unam
1622 3660 1856 3733 hortulaniam

301 3776 487 3851 habentem
522 3798 644 3870 agros,
680 3800 784 3870 quae.
805 3780 909 3852 solvit
944 3780 1055 3852 eidem
1091 3803 1155 3872 pro
1191 3802 1297 3853 censu
1332 3781 1480 3854 mediam
1508 3802 1736 3880 sexagenam3
1773 3783 1855 3856 item

302 3898 408 3971 habet
433 3899 501 3973 duo
519 3920 626 3993 gays,
654 3923 761 3973 unum
778 3902 869 3973 inter
888 3902 1047 3974 haeredis
1065 3923 1173 3994 gaya,
1200 3908 1237 3975 et
1255 3902 1350 3974 aliud
1375 3908 1456 3994 post
1473 3903 1700 3976 monticulum
1726 3902 1856 3997 dictum

304 4016 371 4094 Mo
378 4020 516 4112 gilku.
1696 3998 1699 4009 ’

403 4142 614 4235 Marmore,
641 4144 725 4217 villa
751 4146 815 4217 sub
843 4145 1008 4236 parochia
1044 4143 1087 4217 de
1114 4144 1326 4217 Stradou
1361 4145 1429 4217 sita
1456 4144 1553 4217 cuius
1580 4144 1747 4217 haeredes
1776 4145 1854 4218 Sta-

300 4264 430 4337 nislaus
447 4265 623 4357 Sibora,
643 4266 834 4341 sunnlaus
852 4268 1021 4339 Itomak
1036 4321 1117 4337 .....
1144 4266 1183 4338 10
1202 4288 1271 4358 qua
1290 4273 1372 4339 sunt
1388 4267 1480 4338 lanei
1499 4267 1751 4357 emethonalos,
1771 4268 1854 4339 item

282 4444 291 4460 ..
299 4384 527 4479 homotoniae,
554 4387 749 4479 dequibus
776 4390 934 4462 omuibus
970 4389 1118 4461 solvitur
1153 4394 1189 4460 et
1224 4388 1429 4462 conducitur
1464 4387 1597 4461 decima
1631 4389 1856 4481 manipularis
2001 4476 2004 4487 Ι

298 4509 536 4600 cteanapalis
563 4531 627 4601 pro
655 4509 800 4582 ecelesia
827 4512 862 4582 in
890 4511 1106 4601 Stradow,
1133 4516 1170 4582 et
1197 4511 1294 4584 valor
1321 4510 1396 4582 eius
1423 4509 1467 4582 ad
1493 4515 1565 4582 tres
1592 4530 1734 4584 mareas.

328 4610 350 4673 -j
403 4629 613 4722 (inserena,
641 4632 725 4704 villa
752 4633 816 4704 sub
843 4633 1009 4724 parochia
1036 4632 1079 4704 de
1106 4632 1318 4705 Stradow
1345 4634 1420 4724 sita,
1448 4632 1546 4704 euius
1572 4632 1741 4705 haeredes
1769 4634 1853 4704 rati-

296 4770 548 4825 000000οι0(
575 4752 669 4826 Otho
706 4753 1045 4847 Plyeelrowsky
1082 4754 1125 4825 de
1153 4756 1258 4825 armis
1286 4754 1594 4845 Bippennium
1631 4759 1667 4824 et
1694 4753 1853 4825 Andreas

298 4872 621 4967 Ghlyewiczky
648 4876 691 4947 de
710 4877 815 4948 armis
834 4876 1057 4949 Odrouan
1069 4872 1157 4947 s'eh.
1199 4876 1286 4947 Item
1303 4874 1447 4966 praedia
1465 4875 1532 4946 duo
1551 4874 1728 4964 militaria,
1748 4896 1853 4946 unum

299 4995 451 5070 decimat
469 4998 505 5069 in
524 4996 793 5089 Orarnoczin‚
819 4998 912 5070 aliud
937 5004 1096 5070 uocatum
1118 5052 1206 5087 ....‚
1239 4996 1330 5088 quod
1349 5001 1403 5069 est
1420 4995 1590 5068 Johannis
1619 5050 1693 5065 ....
1712 4996 1855 5088 viezky

297 5118 341 5191 de
375 5118 607 5210 StradoW,
649 5119 691 5191 do
728 5121 852 5212 quibus
889 5120 1047 5191 omnibus
1084 5119 1230 5190 solvitur
1264 5124 1300 5189 et
1336 5117 1548 5189 conducitur
1576 5116 1709 5187 decima
1744 5117 1853 5209 marri-

233 5330 237 5335 ,
296 5238 431 5333 putaris
458 5239 1254 5333 010000001000000010010108100100,
1290 5244 1326 5310 et
1344 5240 1441 5312 valor
1469 5239 1543 5310 eius
1573 5238 1782 5311 aestimatur
1809 5238 1854 5311 ad

296 5368 375 5435 oete
401 5382 545 5434 mareas.
585 5363 626 5433 ln
645 5384 713 5453 qua
731 5369 812 5436 sunt
839 5364 956 5435 decem
975 5362 1067 5434 lanei
1087 5362 1340 5451 emethonalos,
1369 5362 1451 5432 item
1470 5380 1539 5431 una
1556 5360 1703 5448 taberna
1721 5344 1853 5432 habens

296 5502 419 5589 agros3
454 5481 496 5555 de
523 5482 709 5556 medietate
736 5490 851 5557 autem
878 5484 1075 5557 huiusmodi
1102 5484 1298 5572 laneorum,
1332 5483 1482 5575 percipit
1508 5482 1680 5554 decimam
1707 5503 1853 5574 praepo-

297 5604 385 5679 situs
411 5604 636 5696 Vislicensis‚
664 5607 706 5677 de
734 5607 847 5678 altera
873 5628 956 5679 vero
983 5606 1170 5681 medietate
1198 5606 1343 5678 ecelesia
1370 5607 1405 5676 in
1432 5604 1652 5677 Stradow.

228 5816 240 5827 q
401 5726 607 5819 Bronton,
644 5727 727 5799 villa
758 5729 821 5800 sub
849 5730 1014 5819 parochia
1050 5729 1092 5801 de
1120 5728 1331 5800 Stradow
1359 5722 1443 5816 sita',
1472 5727 1569 5797 euius
1595 5726 1718 5795 haeres
1746 5723 1851 5813 Aegi-

296 5846 372 5921 dius
399 5848 602 5928 Sudolsk
611 5872 635 5941 y
662 5849 704 5920 de
732 5852 838 5923 armis
868 5851 1098 5923 Hahdank.
1142 5848 1270 5940 inqua
1296 5854 1377 5920 sunt
1400 5848 1549 5938 quinque
1576 5846 1666 5916 lanei
1697 5844 1851 5917 emetho-

297 5970 403 6061 nalos,
431 5971 516 6043 item
544 5991 614 6042 una
632 5971 777 6043 taberna
795 5973 926 6044 habens
953 5993 1070 6064 agros,
1098 5977 1133 6042 et
1152 5970 1249 6043 valor
1268 5971 1340 6040 eius
1368 5968 1573 6039 aestimatur
1599 5965 1643 6037 ad
1661 5971 1735 6037 tres
1762 5986 1852 6036 mar-

297 6112 374 6183 cas,
411 6098 448 6165 et
474 6091 518 6164 de
545 6092 659 6166 tribus
695 6093 804 6165 laneis
841 6095 988 6165 solvitur
1020 6093 1152 6165 decima
1188 6094 1223 6163 in
1260 6090 1493 6180 Strado'u‚
1527 6088 1569 6160 dc
1598 6087 1732 6160 duobus
1768 6108 1851 6158 vero

300 6215 413 6287 laneis
439 6214 535 6288 tollit
561 6236 636 6287 cam
656 6216 875 6306 praepositus
893 6216 1106 6288 Vislicensis.
1145 6215 1231 6285 Item
1251 6218 1332 6285 sunt
1350 6213 1398 6285 ibi
1418 6213 1485 6286 duo
1510 6211 1622 6303 campi
1644 6215 1729 6302 ¹post
1757 6213 1850 6280 stra-

298 6342 368 6408 tam
396 6336 587 6428 publicam,
624 6337 738 6408 eundo
773 6338 808 6407 iu
835 6336 1208 6425 Scarbimiriam,
1245 6336 1439 6427 dequibus
1467 6334 1659 6407 decimatur
1686 6331 1851 6403 ecelesiae

292 6457 693 6532 in'Dzierz'aszna.

292 6622 299 6629 -
345 6586 350 6593 '
397 6580 717 6674 Mrcnanowrezn‚
754 6580 837 6655 villa
871 6580 935 6654 sub
971 6579 1135 6673 parochia
1171 6576 1569 6677 destruentium,
1605 6575 1703 6649 euius
1728 6576 1852 6649 haeres

397 6724 449 6767 mo.
461 6724 560 6767 Benudo.
573 6725 604 6767 11.
1645 6726 1682 6776 58
