4200 8342
1733 1672 1735 1677 -
1754 1625 1827 1699 193

273 1842 385 1914 neque
413 1822 651 1912 hortulauiae3
678 1824 763 1895 item
789 1824 969 1914 praedium
997 1830 1052 1899 est
1069 1826 1129 1918 ibi,
1156 1826 1199 1899 de
1226 1848 1294 1918 quo
1312 1848 1375 1919 pro
1394 1827 1526 1902 decima
1551 1829 1700 1902 solvitur
1717 1833 1830 1905 media

273 1966 390 2016 marca
417 1945 581 2017 eeclesiae
608 1947 643 2017 in
672 1946 969 2020 Mislowieze.

377 2066 713 2158 Zramsuawrczn‚
745 2069 828 2140 villa
854 2071 918 2141 suh
946 2071 1112 2159 parochia
1138 2071 1182 2142 de
1209 2070 1427 2164 Syewyor
1454 2072 1540 2165 sita,
1577 2075 1674 2145 cuius
1702 2075 1828 2147 haeres

273 2185 469 2260 Stanislaus
494 2189 775 2280 Baduschky
806 2192 848 2261 de
887 2193 992 2262 armis
1020 2189 1213 2283 Ostoya,
1240 2193 1420 2265 etPetrus
1440 2194 1482 2265 de
1504 2195 1606 2266 domo
1632 2194 1829 2286 Pylawa.

275 2307 313 2379 ln
340 2330 411 2400 qua
438 2308 633 2401 quindecim
659 2310 752 2381 lanei
780 2312 1025 2403 emethonales,
1053 2313 1096 2383 de
1125 2314 1249 2404 quibus
1276 2316 1434 2386 omnibus
1461 2314 1610 2387 solvitur
1637 2322 1673 2387 et
1699 2317 1828 2389 condu-

275 2431 366 2501 citur
392 2430 526 2503 deeima
552 2433 778 2522 manipularis
797 2440 833 2505 et
852 2434 1026 2524 canapalis
1044 2455 1109 2525 pro
1128 2435 1273 2506 ecclesia
1291 2436 1326 2506 in
1354 2436 1530 2525 antiqua
1561 2435 1829 2527 Cozyeglewi3

276 2551 356 2622 item
384 2558 440 2624 est
466 2554 515 2625 ibi
541 2553 721 2647 praedium
759 2577 863 2626 unum
900 2557 1071 2646 militare,
1107 2557 1189 2628 item
1217 2557 1383 2629 scultetus
1419 2558 1550 2630 hahens
1586 2557 1674 2630 duos
1700 2559 1829 2648 laneos,

276 2694 362 2763 quae
390 2676 505 2746 omnia
531 2675 705 2748 decimant
730 2698 794 2767 pro
822 2677 969 2768 plebano
990 2679 1026 2749 in
1046 2676 1283 2770 (lozyeglow
1292 2679 1312 2769 i,
1340 2685 1375 2750 et
1400 2679 1500 2753 valor
1526 2680 1601 2750 eius
1620 2680 1829 2753 aestimatur

275 2794 316 2865 ad
345 2795 465 2867 decem
491 2774 634 2869 marcas.
856 2870 861 2881 ,

375 2915 666 3010 maurensem,
701 2920 786 2992 villa
821 2921 885 2992 suh
921 2922 1087 3011 parochia
1122 2920 1165 2992 de
1204 2920 1416 3013 Syewyor
1451 2922 1537 3012 sita,
1573 2920 1670 2993 cuius
1705 2922 1829 2995 haeres
1865 2982 1867 2991 .

266 3034 495 3128 Badusch.
544 3039 585 3110 In
614 3062 682 3131 qua
709 3046 790 3112 sunt
815 3042 906 3112 lanei
943 3043 1195 3132 cmethonaleS,
1232 3043 1314 3113 item
1342 3048 1397 3113 est
1422 3043 1471 3114 ibi
1499 3040 1658 3114 scoltetia
1695 3044 1828 3116 habens

264 3161 359 3232 duos
387 3161 523 3252 laneos,
551 3161 594 3233 de
622 3164 745 3253 quibus
773 3164 931 3236 omnihus
959 3164 1105 3236 solvitur
1132 3171 1168 3235 et
1195 3164 1399 3236 conducitur
1435 3164 1568 3236 decima
1602 3164 1828 3255 manipularis

258 3289 304 3353 et
334 3283 511 3373 canapalis
546 3304 611 3375 pro
639 3285 784 3356 ecclesia
812 3286 847 3355 in
875 3284 1192 3377 Cozyeglowy.

378 3403 580 3495 Vironum,
607 3405 691 3477 villa
718 3407 781 3477 sub
809 3408 976 3497 parochia
993 3407 1036 3477 de
1055 3406 1273 3499 Syewpor
1299 3409 1376 3498 sita,
1395 3407 1491 3478 coins
1509 3406 1633 3477 haeres
1650 3404 1829 3478 lohannes

254 3524 618 3617 Kozeglowsky.
660 3528 699 3597 In
729 3549 796 3618 qua
824 3536 906 3599 sunt
923 3535 1058 3620 septem
1077 3529 1168 3599 lanei
1188 3528 1433 3618 emolliendas,
1460 3533 1496 3598 et
1514 3527 1672 3598 scoltetia
1698 3526 1830 3597 habens

263 3647 363 3718 duos
391 3647 530 3737 laneos,
558 3648 601 3718 de
628 3649 754 3738 quibus
782 3650 939 3721 omnihus
967 3651 1116 3721 solvitur
1143 3656 1179 3721 et
1206 3650 1408 3721 conducitur
1427 3648 1561 3719 decima
1578 3646 1768 3737 pecunialis
1794 3653 1831 3717 et

267 3766 453 3857 canapalis
479 3788 544 3858 pro
570 3768 717 3839 eeclesia
734 3770 768 3840 in
788 3769 996 3861 Plysczyna,
1024 3775 1061 3841 et
1088 3769 1184 3840 valor
1202 3771 1276 3840 eius
1291 3771 1494 3840 aestimatur
1512 3767 1555 3839 ad
1585 3824 1591 3838 .
1621 3823 1628 3837 .
1656 3822 1664 3837 .
1691 3791 1718 3856 .;
1745 3768 1829 3839 item

260 3910 341 3959 mou
370 3894 425 3960 est
451 3889 640 3979 praedium,
667 3910 778 3980 neque
805 3892 970 3980 taberna,
998 3910 1110 3981 neque
1137 3891 1242 3962 curia

378 4010 691 4103 Rzrrwnrseuow,
718 4010 802 4082 villa
838 4013 901 4084 suh
938 4012 1103 4102 parochia
1138 4011 1181 4083 de
1207 4011 1423 4103 Syewyor
1450 4011 1537 4099 sita,
1572 4011 1670 4081 cuius
1706 4009 1829 4081 haeres

270 4130 503 4204 Badusch.
543 4133 583 4204 ln
611 4153 679 4224 qua
705 4139 785 4227 sunt
798 4134 889 4204 lanei
909 4132 1154 4224 emethanales,
1169 4134 1251 4204 item
1271 4132 1431 4204 scoltetia
1449 4131 1581 4204 hahens
1600 4131 1687 4202 duos
1701 4131 1830 4219 laneos,
1919 4122 1923 4135 ’

274 4251 317 4325 (10
345 4254 472 4344 quibus
508 4255 667 4325 omnibus
694 4254 842 4327 solvitur
869 4262 905 4327 et
932 4256 1136 4327 conducitur
1172 4255 1304 4327 decima
1339 4252 1564 4343 manipularis
1591 4257 1628 4323 et
1654 4251 1830 4344 canapalis

273 4394 337 4464 pro
365 4375 511 4445 ecclesia
537 4376 572 4446 in
599 4374 958 4466 llzewnyschow,
985 4382 1021 4447 et
1048 4377 1146 4448 valor
1173 4375 1246 4447 eius
1274 4374 1476 4447 aestimatur
1503 4375 1546 4446 ad
1574 4428 1715 4444 ......
1739 4372 1828 4444 Item

275 4496 363 4567 duae
390 4495 542 4567 fabricae
568 4496 882 4590 Praedmyesczsha
913 4496 1193 4589 Poludnyowslra
1228 4497 1389 4570 videlicet
1423 4504 1458 4568 et
1484 4495 1711 4587 durgowsha‚
1747 4501 1829 4566 sunt

276 4616 318 4688 de
342 4619 511 4707 parochia
537 4617 669 4692 Stare
696 4618 997 4710 Kozyeglowi.
1488 4688 1492 4697 .

383 4739 562 4830 lan-nnn,
593 4741 677 4811 villa
704 4743 768 4811 suh
795 4742 1012 4830 parochiam
1041 4742 1236 4831 antiqua
1263 4739 1549 4830 Kozeglowy.
1585 4737 1625 4809 ln
1653 4758 1723 4828 qna
1749 4745 1831 4811 sunt

280 4858 373 4931 lanei
402 4860 652 4951 emethonales,
680 4862 722 4932 de
750 4863 874 4951 quibus
901 4862 1049 4934 solvitur
1076 4863 1208 4935 decima
1225 4862 1452 4952 manipularis
1470 4867 1506 4931 et
1524 4860 1699 4949 eanapalis
1725 4858 1833 4929 eccle-

277 4982 349 5052 siae
377 4988 413 5053 et
439 4981 586 5072 plebano
613 4984 647 5053 in
676 4984 812 5054 Stare
843 4983 1162 5076 Kozp'eglowy.
1196 4984 1284 5055 Item
1303 4984 1409 5055 hahet
1428 4982 1476 5053 ibi
1495 4982 1656 5052 altarista
1682 4979 1828 5052 Sanctae

275 5101 412 5173 Mariae
439 5103 590 5197 quinque
616 5125 751 5176 marcas
779 5125 901 5175 censos
929 5107 963 5176 in
992 5106 1105 5195 agris,
1132 5127 1195 5194 pro
1223 5105 1336 5176 altari.

381 5223 550 5315 Mmuow,
569 5225 652 5296 villa
670 5227 734 5298 sub
757 5226 922 5316 parochia
940 5227 984 5297 de
1001 5224 1184 5316 Antiqua
1210 5224 1476 5316 Kozyeglowi
1495 5223 1572 5313 sita,
1591 5223 1688 5293 euius
1705 5222 1830 5293 haeres
1897 5230 1904 5243 ‘

276 5345 454 5419 lohannes
489 5338 833 5439 Kozeglowsky.
869 5349 909 5419 ln
937 5369 1006 5438 qua
1032 5354 1115 5419 sunt
1142 5347 1264 5437 viginti
1300 5352 1432 5437 septem
1458 5345 1551 5416 lanei
1577 5342 1829 5431 cmethonaleS‚

277 5468 318 5541 de
338 5469 465 5559 quihus
483 5469 631 5541 solvitur
649 5476 684 5541 et
703 5470 905 5542 eorrducitur
932 5471 1064 5541 decima
1081 5470 1271 5560 pecunialis
1290 5474 1326 5540 et
1339 5467 1513 5556 canapalis
1540 5486 1603 5555 pro
1623 5465 1768 5536 ecclesia
1794 5465 1829 5534 in

279 5586 646 5679 Targoschieze;
672 5590 771 5662 valor
797 5590 871 5661 eius
898 5589 942 5661 acl
960 5597 1039 5662 octo
1059 5610 1192 5661 marcas
1211 5589 1359 5661 latorum
1387 5609 1588 5680 grossorum
1615 5587 1829 5672 aestimatur,

278 5731 368 5783 narie
404 5715 519 5781 manen
560 5711 773 5784 solummodo
815 5733 952 5784 marcae
992 5734 1051 5783 sex
1084 5713 1326 5802 provenirent,
1355 5710 1436 5782 dum
1467 5710 1557 5781 iuste
1589 5707 1831 5779 extruderetur

279 5830 421 5903 decima.

382 5954 597 6046 Gnnseum,
624 5955 708 6027 villa
726 5956 790 6026 suh
809 5942 975 6045 parochia
993 5953 1036 6026 de
1054 5954 1169 6026 Nora
1190 5951 1455 6044 Kozyeglowi
1474 5951 1559 6038 sita,
1591 5948 1689 6019 euius
1707 5948 1830 6018 haeres

278 6074 456 6151 lohannes
482 6078 822 6169 Kozeglowsky
863 6077 906 6149 de
933 6078 1038 6147 arum
1065 6076 1286 6165 Vulpium.
1330 6072 1368 6143 ln
1412 6091 1480 6161 qua
1515 6073 1597 6141 sunt
1622 6060 1831 6139 100010000-

279 6198 454 6291 thonales,
491 6202 534 6272 de
561 6200 686 6292 quihus
724 6199 882 6271 omnibus
914 6198 1062 6269 solvitur
1088 6201 1123 6267 et
1150 6193 1353 6265 conducitur
1380 6192 1514 6265 decima
1541 6188 1766 6280 manipularis
1793 6193 1829 6259 et

280 6322 454 6413 canapalis
472 6343 537 6412 pro
556 6320 700 6394 ecelesia
717 6321 752 6391 iu
770 6316 899 6393 Nova
924 6317 1046 6389 Koze
1057 6318 1172 6405 glou
1184 6317 1214 6405 i,
1241 6320 1277 6385 et
1302 6314 1400 6385 valor
1417 6312 1491 6384 eius
1510 6312 1713 6383 aestimatur
1732 6308 1776 6381 ad
1796 6363 1804 6378 .
1823 6361 1831 6378 .

382 6442 619 6535 Srnuummz,
657 6440 739 6513 villa
765 6442 829 6513 suh
856 6438 1022 6530 parochia
1058 6436 1222 6508 eeclesiae
1250 6435 1292 6508 de
1319 6435 1434 6508 Nova
1460 6426 1720 6524 Goz'yeglowi
1752 6428 1832 6520 sita,

254 6566 376 6663 ,euius
402 6562 528 6638 haeres
552 6564 732 6638 Johanues
757 6558 1098 6653 Kozeglowslsy
1124 6556 1168 6631 tle
1195 6558 1301 6630 armis
1327 6556 1551 6647 Vulpium.
1586 6552 1724 6645 Inqua
1748 6548 1831 6625 sint
1917 6574 1923 6583 ·

252 6732 260 6743 ·
380 6731 573 6777 mu
1356 6770 1358 6775 Ι
1521 6750 1554 6775 ,Ι
1622 6700 1662 6755 25
