4200 8342
291 1659 366 1732 422

291 1865 498 1958 Zborow,
534 1875 571 1942 et
597 1867 695 1942 valor
721 1867 796 1941 eius
822 1869 868 1942 ad
894 1887 998 1943 unam
1024 1890 1193 1962 marcam,
1230 1871 1273 1943 de
1300 1870 1434 1944 duobus
1461 1891 1544 1945 veru
1571 1849 1729 1964 praed&
1746 1853 1849 1950 iiiiii·

290 1987 443 2080 taribus,
470 1989 505 2061 in
533 1987 652 2062 eadem
678 1989 762 2064 villa
787 1991 1036 2083 existentibus,
1064 1997 1100 2065 et
1126 1999 1206 2083 post
1231 1997 1303 2066 tres
1330 1992 1564 2086 hortulanias,
1591 1995 1739 2086 percipit
1766 1999 1848 2068 eain

290 2107 436 2182 eeclesia
462 2110 497 2181 in
523 2109 548 2183 J
557 2113 714 2202 anina,
741 2119 778 2185 ct
805 2113 1004 2187 valarsius
1032 2113 1077 2186 ad
1103 2120 1177 2187 tres
1204 2135 1338 2188 marcas
1365 2115 1581 2189 aestimatur.

393 2221 546 2304 Knaszr
571 2231 711 2325 Maron,
739 2233 823 2306 villa
849 2234 913 2307 sub
939 2237 1107 2326 parochia
1133 2236 1176 2308 do
1203 2236 1454 2310 Pacaanow
1481 2237 1565 2329 sita,
1592 2237 1689 2310 cuius
1716 2238 1847 2311 haeres

201 2379 228 2454 1·
289 2351 416 2425 Petrus
443 2352 783 2446 Paczanowslry
811 2356 853 2428 de
881 2357 986 2428 armis
1015 2355 1247 2448 Gyelitha.
1278 2360 1319 2430 ln
1348 2380 1416 2450 qua
1442 2366 1524 2433 sunt
1551 2359 1618 2431 duo
1646 2359 1737 2432 lanei
1764 2364 1847 2432 tan·

289 2477 364 2550 trum
392 2475 644 2567 cmetbonales,
671 2475 715 2549 de
743 2478 867 2569 quibus
895 2478 1043 2551 solvitur
1070 2482 1106 2551 et
1134 2479 1338 2553 conducitur
1364 2479 1497 2552 decima
1524 2481 1749 2572 manipularis
1778 2503 1846 2571 pro

289 2597 434 2670 ecclesia
469 2598 504 2669 in
540 2597 747 2690 Zborou,
784 2606 819 2672 ot
846 2599 944 2673 valor
979 2602 1053 2674 eius
1089 2603 1294 2674 aestimatur
1329 2602 1503 2674 adunam
1539 2623 1768 2694 sexagenum
1796 2601 1846 2674 ad

290 2719 456 2794 decimam
484 2715 600 2792 autem
627 2721 826 2812 canapalem
854 2721 897 2793 de
924 2721 1189 2817 consuetudine,
1224 2745 1293 2797 non
1320 2729 1494 2798 tenentur.
1540 2719 1695 2797 Praelati
1722 2729 1846 2798 autem

289 2841 358 2918 duo
385 2841 487 2934 lanei,
514 2843 571 2914 siti
599 2849 682 2916 sunt
708 2863 807 2917 secus
833 2841 1007 2936 publicam
1034 2850 1191 2939 stratam,
1219 2867 1308 2939 quae
1333 2846 1429 2919 ducit
1455 2845 1498 2920 de
1524 2844 1701 2920 Paczan
1715 2859 1778 2920 ow
1805 2845 1847 2918 in'

290 2961 537 3056 Xaguicze.

392 3085 583 3160 Wourcza
609 3085 885 3178 Bracaewsrm,
912 3087 996 3160 uilla
1022 3089 1087 3161 sub
1113 3090 1280 3181 parochia
1307 3089 1350 3163 dc
1377 3090 1605 3183 Byechuw
1632 3089 1716 3180 sita,
1743 3089 1846 3162 cuius

289 3210 413 3283 haeres
439 3201 619 3282 Johannes
655 3207 698 3280 de
724 3208 994 3301 Rithwpani
1028 3209 1205 3301 palatinus
1231 3209 1471 3285 cracoviensis
1508 3211 1551 3285 de
1579 3211 1684 3284 armis
1712 3210 1847 3284 Acci-

288 3333 472 3423 pitrum.
515 3331 555 3402 lu
583 3351 652 3421 qua
678 3337 760 3402 sunt
787 3334 864 3402 octo
891 3329 983 3401 lanei
1014 3332 1267 3424 emethonales,
1304 3335 1387 3406 item
1423 3353 1492 3406 una
1526 3335 1674 3405 taberna
1708 3333 1846 3406 habens

288 3467 401 3547 agros,
429 3453 475 3526 de·
500 3454 624 3545 quibus
652 3451 811 3525 omnibus
838 3450 986 3523 solvitur
1005 3457 1040 3523 et
1058 3453 1264 3526 conducitur
1291 3453 1424 3528 decima
1441 3455 1668 3547 manipularis
1686 3461 1722 3528 et
1740 3475 1847 3529 caua-

288 3578 377 3667 palis
403 3596 468 3667 pro
495 3575 641 3646 ccclesia
666 3573 702 3644 in
729 3571 929 3662 zaoram,
955 3578 992 3645 et
1018 3575 1118 3646 valor
1144 3575 1217 3647 eius
1244 3575 1289 3648 ad
1315 3584 1394 3650 octo
1421 3597 1555 3649 marcas
1583 3579 1798 3650 aestimatur.

339 3773 342 3778 ,
391 3698 619 3786 Woruczrm,
646 3695 729 3768 uilla
747 3696 811 3768 sub
829 3694 995 3785 parochia
1021 3696 1064 3770 de
1090 3697 1314 3788 Byechow
1341 3691 1419 3790 sita,
1446 3700 1543 3771 cuius
1567 3700 1691 3772 haeres
1708 3698 1846 3772 Johan-

290 3841 350 3894 nes
378 3820 420 3893 de
447 3818 683 3892 Rithuani
709 3816 884 3910 palatinus
912 3818 1150 3892 (bracariensis
1177 3818 1220 3891 de
1247 3820 1352 3893 armis
1380 3820 1685 3913 Accipitrum.
1711 3820 1752 3892 ln
1773 3842 1846 3912 qua

289 3949 370 4017 sunt
395 3942 486 4016 lanei
515 3939 749 4014 cmethonales
776 3947 945 4037 quatuor,
980 3943 1023 4017 de
1051 3942 1177 4035 quihus
1205 3942 1362 4016 omuibus
1387 3941 1546 4016 ,solvitur
1573 3946 1608 4014 et
1636 3941 1845 4015 conducitur

288 4065 420 4139 decima
446 4063 671 4156 manipularis
698 4071 734 4136 et
760 4066 933 4159 canapalis
960 4067 1126 4140 eeclesiae
1154 4065 1189 4136 in
1216 4061 1419 4157 Zborow‚
1446 4070 1482 4137 et
1508 4063 1608 4139 valor
1633 4063 1707 4136 eius
1734 4063 1845 4136 aesti-

287 4196 403 4263 matur
429 4189 474 4261 ad
501 4193 652 4280 quatuor
672 4207 821 4261 marcas.

391 4311 591 4402 Braeuow,
618 4309 702 4382 villa
727 4309 860 4382 habens
880 4310 915 4383 in
933 4331 971 4384 se
989 4311 1221 4403 parochialem
1249 4308 1429 4383 ecelesiam
1456 4307 1615 4400 ligneam,
1643 4307 1740 4380 cuius
1758 4305 1845 4384 hae-

289 4432 397 4504 redes:
424 4429 602 4504 lohannes
630 4430 673 4503 de
699 4430 964 4524 Rithuyani
990 4432 1165 4524 palatinus
1197 4431 1436 4505 Oracom'ensis
1463 4429 1506 4503 de
1525 4431 1631 4503 armis
1658 4429 1844 4522 Accipi-

288 4562 426 4645 trum,
455 4556 491 4626 et
515 4552 681 4626 Nicotaus
708 4553 1027 4646 Byechowsky
1056 4555 1098 4627 de
1117 4554 1224 4626 armis
1250 4553 1442 4627 Poiuala.
1469 4553 1510 4624 ln
1530 4574 1598 4645 qua
1616 4557 1698 4625 aunt
1716 4551 1842 4644 viginti

289 4675 382 4751 lanei
409 4697 485 4747 curn
512 4675 625 4748 medio
657 4675 692 4746 in
720 4683 820 4767 parte
838 4675 1008 4749 Johannis
1034 4675 1471 4770 Rithwensky,⁴item
1498 4674 1728 4765 hortulaniae,
1754 4673 1842 4746 itam
1934 4721 1939 4730 -

288 4799 440 4892 quoinquc
467 4798 634 4872 tabernae
660 4795 829 4871 habentes
856 4817 976 4890 agros,
1017 4799 1100 4870 item
1129 4798 1197 4871 duo
1224 4796 1421 4870 molendina
1445 4797 1612 4870 habentia
1638 4815 1761 4887 agros,
1796 4795 1843 4867 de

289 4923 413 5013 quibus
440 4915 587 4994 solvitur
614 4925 649 4992 et
676 4919 888 5012 conducitur,
915 4919 1048 4993 decima
1065 4920 1292 5012 manipularis
1320 4919 1484 4992 ecclesiae
1512 4920 1547 4990 in
1574 4918 1777 5007 Zborow,
1804 4921 1842 4989 et

288 5044 385 5118 valor
412 5044 486 5116 eius
514 5043 719 5116 aestimatur
745 5041 789 5116 ad
814 5043 938 5134 viginti
964 5063 1108 5116 marcas.
1135 5043 1223 5116 Item
1251 5043 1287 5113 in'
1314 5047 1416 5133 parte
1433 5039 1570 5114 Nicolai
1598 5039 1841 5132 Byechow-

288 5165 370 5256 sky
397 5165 521 5257 vigint-i
548 5164 767 5237 hortulaniae
793 5164 963 5237 habentes
991 5185 1104 5256 agros
1132 5165 1214 5237 item
1234 5162 1323 5236 duae
1341 5163 1509 5236 tabernae
1532 5160 1699 5233 habentes
1726 5175 1841 5252 agros,

289 5287 484 5377 dequibus
520 5287 677 5359 omnihus
713 5287 904 5359 decimatur
940 5287 1044 5358 etiarn
1081 5285 1246 5359 ecclesiae
1273 5285 1309 5356 in
1335 5283 1526 5357 Zborou
1561 5283 1597 5354 in
1621 5279 1840 5379 parandarum.

288 5408 376 5480 ltem
403 5408 453 5481 ibi
480 5407 547 5480 duo
575 5409 719 5500 praedia
745 5408 918 5500 militaria,
942 5406 1130 5500 dequibus
1157 5407 1348 5481 decimatur
1375 5407 1541 5480 ecclesiae
1567 5405 1603 5477 in
1630 5402 1840 5497 Byechow.

392 5527 508 5603 Villae
535 5528 761 5621 parochiales:
789 5529 967 5623 Zborow‚
994 5529 1288 5622 Sczebrzusch,
1315 5527 1500 5622 Orlyccz,
1528 5526 1785 5619 Biskupicze.

962 5649 1187 5725 Pacznuow.

390 5769 563 5871 Oppidum
589 5775 721 5849 habens
748 5773 926 5848 ecclesiam
951 5778 1124 5846 muratam
1141 5772 1270 5866 partim
1296 5771 1413 5864 latere,
1441 5771 1567 5864 partim
1593 5771 1709 5864 lapide
1736 5772 1772 5842 in
1790 5789 1840 5862 se,

287 5901 385 5972 cuius
410 5898 579 5972 haeredes
596 5883 791 5972 'hamanus
818 5902 854 5970 et
879 5895 1005 5970 Petrus
1030 5897 1206 5987 germani,
1246 5893 1308 5968 lilii
1335 5893 1417 5968 alirn
1443 5891 1599 5966 hloriani
1626 5889 1841 5983 subdapiieri

288 6021 537 6116 Cracoviensis,
565 6029 601 6094 et
618 6020 743 6096 Petrus
769 6020 879 6093 irater
901 6039 1021 6092 eorum
1047 6017 1217 6109 patruelis
1244 6037 1439 6108 germanus,
1466 6015 1509 6089 de
1527 6015 1634 6089 armis
1653 6013 1841 6121 Galytha.

289 6143 397 6232 Quam
434 6144 572 6236 quidem
607 6143 787 6216 ecclesiam
814 6140 858 6214 ad
884 6142 1052 6214 honorem
1079 6139 1181 6212 Beati
1206 6133 1353 6212 Martini
1389 6137 1611 6230 couiessoriS,
1648 6127 1841 6209 Maurus

289 6261 529 6336 cracoviensis
556 6259 802 6352 episcopus'ad
815 6263 1017 6355 petitionem
1043 6259 1304 6337 Seminiani
1330 6261 1469 6354 patroni
1497 6259 1678 6352 dedicavit,
1705 6262 1741 6330 et
1760 6261 1841 6330 octo

289 6383 432 6454 decimis
458 6380 731 6470 manipularibus
750 6384 792 6455 de
810 6395 932 6464 mensa
957 6383 1145 6477 episcopali
1172 6383 1318 6474 dotavit,
1344 6391 1450 6476 prout
1475 6382 1511 6454 in
1529 6380 1723 6475 priuilegio,
1741 6379 1841 6451 cuius

290 6501 466 6591 exemplar
492 6501 736 6596 subnectimus,
761 6503 868 6577 latius
894 6505 1100 6580 continetur.
1127 6505 1167 6578 ln
1187 6527 1255 6599 quo
1274 6506 1401 6600 oppidu
1428 6526 1497 6578 non
1524 6509 1605 6579 sunt
1631 6502 1722 6577 lanei
1741 6501 1843 6594 oppi-

292 6617 468 6710 danorum,
494 6623 555 6696 sed
581 6627 657 6716 agri
673 6611 710 6698 iu
729 6625 844 6718 peries
870 6623 1035 6714 distincti,
1061 6623 1105 6700 de
1131 6609 1257 6718 quibus
1283 6609 1433 6698 solvitur
1457 6613 1590 6698 decima
1612 6619 1843 6716 manipularis

1316 6823 1393 6878 sq...
