4200 8342
284 1304 328 1370 et
356 1296 506 1390 plebano
533 1298 570 1371 ia
596 1294 798 1390 Uscbcw,
824 1304 861 1371 ot
886 1298 985 1372 valor
1002 1298 1077 1371 eins
1095 1299 1299 1373 aestimatur
1316 1298 1361 1372 ad
1379 1320 1439 1373 sex
1458 1320 1612 1391 marcas;
1640 1299 1722 1373 item
1741 1301 1849 1375 eccle-

284 1420 347 1493 sia
371 1404 492 1493 babet·
506 1420 557 1493 ibi
580 1420 744 1513 proprios
780 1440 883 1513 agros
909 1428 946 1495 et
971 1428 1076 1513 prata
1102 1434 1167 1513 pro
1192 1441 1256 1494 sno
1282 1412 1426 1513 praedio
1452 1430 1488 1495 et
1514 1423 1739 1513 necessitate;
1765 1423 1848 1495 item

285 1546 377 1613 snnt
401 1540 458 1615 ibi-
476 1526 529 1615 iuss
542 1538 672 1615 circulo
698 1542 786 1615 certi
811 1542 955 1633 incolae,
981 1542 1026 1615 de
1054 1544 1178 1635 quibas
1205 1548 1242 1615 ct
1267 1548 1344 1617 tota
1370 1544 1462 1635 villa,
1489 1544 1650 1636 provenit
1675 1543 1849 1617 columba-

284 1660 345 1733 tio
370 1668 410 1735 et
433 1660 555 1735 Sancti
576 1660 678 1735 Petri
704 1661 878 1736 denarius.

397 1782 588 1874 vavnnA,
615 1784 699 1855 villa
730 1785 795 1857 sub
829 1784 997 1875 parochia
1031 1784 1075 1856 de
1112 1784 1304 1856 Usclrew
1340 1770 1427 1875 sita,
1455 1786 1552 1857 cuius
1578 1784 1776 1876 proprietas
1802 1785 1846 1858 ad

288 1905 493 1995 episcopum
528 1904 790 1977 Oracoriensem
828 1906 991 1995 pertinet
1026 1905 1068 1976 In
1105 1926 1173 1995 qvia
1209 1912 1292 1977 sunt
1326 1905 1505 1978 duodecim
1533 1907 1642 1996 lanei,
1669 1906 1749 1977 item
1779 1926 1845 1977 una

288 2026 441 2097 taberna
474 2026 608 2099 babens
643 2048 765 2117 agros,
803 2026 846 2097 dc
883 2027 1006 2117 quibus
1042 2027 1201 2098 omnibus
1239 2027 1386 2099 solvitur
1423 2034 1459 2098 ot
1485 2028 1690 2101 conducit-ur
1716 2026 1848 2098 decima

291 2147 521 2237 manipularis
548 2154 584 2219 ct
609 2148 783 2239 canapalis
811 2169 874 2238 pro
902 2149 1103 2239 episcopatu
1134 2147 1372 2237 cracoviensi,
1400 2155 1436 2220 ct
1462 2149 1560 2219 valor
1586 2149 1660 2219 eius
1687 2149 1847 2221 aestima-

292 2274 352 2339 tur
378 2268 423 2339 ad
452 2268 568 2340 decem
605 2290 757 2360 marcae,
785 2271 868 2342 itcm
897 2291 966 2340 non
994 2275 1048 2341 cst
1074 2270 1121 2341 ibi
1149 2269 1328 2361 praedium
1356 2269 1513 2362 aliquod,
1540 2290 1650 2360 raeque
1677 2269 1845 2359 scoltetia,

292 2408 403 2480 neque
430 2388 675 2462 molendinum.

986 2510 1149 2583 Tuunzn.

395 2629 491 2703 Villa
517 2632 650 2703 habens
676 2632 712 2702 in
741 2614 779 2703 aa
805 2632 984 2703 ecclesiam
1012 2633 1244 2722 parochialem
1272 2632 1436 2723 ligneam,
1463 2631 1609 2704 Sanctae
1637 2630 1844 2709 Gathcriuae

293 2748 452 2843 dicatam,
478 2753 575 2824 cuius
602 2752 800 2824 haereditas
827 2752 871 2823 ad
896 2752 1167 2824 illustrissimum
1194 2753 1360 2825 Polouiae
1387 2774 1503 2843 rogem
1530 2754 1691 2844 pertinet.
1718 2752 1760 2833 In
1776 2772 1843 2841 qua

291 2878 369 2943 sunt
396 2871 579 2945 duodecim
615 2872 706 2944 lanei
733 2873 984 2964 auctionales,
1008 2874 1051 2944 do
1080 2874 1204 2964 quibus
1232 2875 1380 2946 solvitur
1406 2875 1539 2945 decima
1565 2873 1754 2964 pecunialis
1782 2893 1844 2963 por

289 2988 460 3065 fertonem
486 2993 634 3065 latorum
660 3015 861 3081 grossorum
889 2993 931 3066 de
959 2995 1115 3085 quolibet
1141 2993 1259 3084 laneo,
1286 3018 1349 3085 pro
1377 2996 1579 3085 episcopatu
1606 2994 1843 3065 Gracoviensi:

288 3111 375 3185 item
403 3120 460 3185 est
485 3114 535 3185 ibi
561 3114 720 3186 scoltetia
745 3115 878 3186 habens
905 3135 1027 3187 novom
1056 3114 1182 3205 laneos,
1210 3116 1253 3186 do
1281 3118 1405 3206 quibus
1432 3122 1572 3188 terretur
1599 3117 1733 3187 solvere
1752 3115 1843 3184 deci-

279 3252 378 3307 mam
405 3233 657 3326 manipularem
684 3236 849 3308 ccclesiae
876 3243 912 3308 et
938 3235 1087 3327 plebano
1102 3238 1148 3306 'in
1177 3237 1366 3328 l'lrurca,
1394 3243 1429 3308 ct
1457 3238 1555 3308 valor
1582 3238 1657 3307 cias
1682 3237 1843 3309 aestima-

274 3357 344 3427 tur
382 3356 429 3427 ad
464 3356 613 3427 sedecim
648 3376 801 3446 marcas;
838 3358 922 3428 item
958 3357 1104 3446 qrrilibet
1140 3359 1276 3430 cmetho
1312 3359 1356 3429 de
1381 3358 1482 3429 laneo
1518 3359 1654 3430 ratione
1681 3354 1841 3447 narratae,

251 3476 394 3549 'solvit
422 3476 588 3547 eccleciae
613 3483 650 3547 et
676 3478 824 3567 plebano
852 3483 1000 3569 quatuor
1027 3498 1207 3549 mensuras
1234 3478 1343 3549 tritici
1363 3484 1398 3551 et
1416 3486 1565 3568 quatuor
1582 3498 1731 3565 avenae3
1758 3478 1840 3547 item

259 3598 458 3687 plebanus
487 3606 530 3669 ot
564 3599 709 3670 ecclesia
742 3600 850 3671 babet
885 3600 933 3671 ibi
970 3600 1136 3690 speciales
1172 3620 1275 3689 agros
1311 3605 1347 3670 et
1380 3606 1499 3691 prata,
1527 3620 1590 3690 pro
1625 3619 1687 3669 suo
1713 3618 1779 3669 usn
1806 3604 1842 3669 et

256 3720 518 3808 necessitate3
552 3720 634 3791 item
671 3721 818 3792 ecclesia
852 3720 1009 3810 praelata
1044 3722 1079 3791 in
1112 3721 1292 3793 'llrurna
1319 3722 1583 3793 administratur
1610 3742 1672 3813 per
1698 3718 1840 3791 vitricos

255 3838 313 3913 in
355 3860 441 3912 cera
474 3847 511 3912 ct
545 3842 626 3913 vino
661 3848 698 3912 et
733 3843 769 3913 in
805 3843 963 3913 omnibus
999 3843 1222 3933 necessariis,
1250 3843 1348 3914 iuxta
1382 3863 1512 3914 morem
1539 3842 1770 3933 almarrorum,
1798 3862 1840 3911 ex

259 3963 404 4035 vaccis
429 3965 465 4033 in
492 3964 723 4064 elemosynam
750 3963 842 4035 datis
869 3984 932 4054 pro
959 3965 1115 4053 ecclesia,
1143 3970 1246 4035 etex
1273 3965 1401 4056 tritico,
1430 3965 1520 4055 quod
1548 3966 1737 4036 seminatur
1755 3986 1840 4055 quo-

258 4082 372 4157 libet
399 4084 436 4154 in
462 4080 672 4178 akoldaycra
700 4084 777 4155 Non
805 4085 911 4156 babet
938 4086 1088 4175 aliquam
1116 4086 1217 4157 aliam
1246 4086 1361 4158 villam
1390 4087 1454 4159 snb
1481 4107 1545 4157 sna
1572 4086 1744 4176 parocbia.

937 4312 1199 4385 Brassvanuv.

392 4448 487 4521 Villa
520 4450 654 4522 babens
690 4450 726 4520 in
761 4470 799 4521 se
834 4452 1068 4541 parochialem
1105 4450 1283 4522 ecclesiam
1310 4452 1479 4540 ligneam,
1505 4449 1633 4521 Sancto
1660 4448 1839 4521 Matthaeo

284 4571 449 4663 apostolo
475 4572 636 4661 dicatam,
650 4573 760 4643 ‘cuius
787 4573 984 4663 proprietas
1011 4573 1055 4643 ad
1083 4573 1317 4662 episcopatum
1337 4570 1602 4643 cracoviensem
1619 4572 1780 4662 pertinet.
1799 4570 1839 4642 ln

285 4712 357 4785 qna
384 4699 468 4764 sunt
493 4692 674 4765 duodecim
700 4693 790 4765 lanei
817 4694 1062 4782 cmetbonales,
1089 4693 1132 4765 de
1159 4693 1284 4785 quibas
1307 4693 1454 4766 solvitur
1472 4698 1509 4764 et
1522 4692 1730 4764 conducitur
1748 4692 1839 4763 deci·

284 4836 344 4885 rna
369 4814 595 4905 manipularis
621 4821 658 4885 et
683 4816 858 4905 cenapolis
885 4837 949 4905 pro
976 4817 1138 4907 episcopo
1165 4814 1395 4906 Gracoviensi,
1409 4816 1473 4906 oui
1492 4821 1545 4885 cst
1562 4814 1656 4885 illius
1674 4814 1840 4886 ecclesiae

284 4936 409 5007 unicus
436 4933 583 5006 collator
609 4943 645 5006 et
671 4942 849 5026 patronae,
877 4938 974 5008 cuius
1001 4936 1099 5008 valor
1126 4938 1334 5009 aestimatur
1359 4936 1403 5007 ad
1430 4937 1546 5008 decern
1574 4952 1728 5009 marcas:
1755 4936 1838 5006 item

284 5062 339 5128 cst
365 5056 529 5129 scultetis
563 5057 694 5128 habene
729 5056 817 5128 dnos
852 5058 988 5145 laneos,
1015 5059 1059 5131 de
1086 5080 1231 5150 quorum
1258 5059 1353 5148 agris
1388 5059 1581 5130 decimatur
1607 5058 1773 5129 ecclesiae
1800 5056 1836 5126 in

286 5176 579 5269 Byesnadky;
605 5180 688 5249 item
716 5180 878 5269 plebanis
903 5181 1010 5253 habet
1036 5182 1196 5270 proprios
1223 5201 1326 5270 agros
1354 5185 1390 5249 et
1412 5185 1514 5269 prata
1531 5199 1594 5267 pro
1614 5198 1676 5248 suo
1695 5176 1837 5266 praedio

286 5302 323 5369 et
348 5301 568 5370 necessitate.
1826 5314 1828 5319 '

389 5418 563 5510 Zuauovv,
590 5420 673 5492 villa
699 5421 763 5493 sub
791 5424 955 5511 parochia
982 5424 1025 5493 de
1054 5423 1322 5512 Byeszadky
1351 5422 1428 5509 sita,
1456 5421 1553 5491 cuius
1580 5420 1775 5509 proprietas
1794 5417 1837 5489 ad

284 5542 485 5632 episcopum
508 5542 769 5614 cracoviensem
788 5544 950 5633 pertinet.
977 5546 1017 5615 In
1036 5565 1102 5634 qvua
1121 5551 1202 5615 sunt
1220 5544 1328 5613 lanei.
1344 5595 1369 5610 ..
1385 5562 1460 5611 cum
1478 5542 1601 5631 medio,
1619 5547 1656 5612 et
1673 5542 1837 5613 scoltetus

285 5662 633 5755 de-Byeszadky
665 5664 772 5735 babet
807 5666 912 5735 etiam
947 5665 983 5735 in
1010 5666 1203 5736 Zurlrou
1230 5659 1520 5752 iusscoltetiale,
1547 5669 1583 5732 et
1609 5662 1652 5734 de
1680 5662 1837 5733 omnibus

287 5784 381 5873 agris
407 5780 513 5856 villae
540 5784 688 5857 solvitur
713 5792 750 5857 ot
776 5784 980 5856 conducitur
1006 5784 1140 5855 decima
1165 5784 1390 5873 manipularis
1417 5784 1655 5873 et···ccuapalis
1682 5803 1746 5874 pro
1765 5784 1837 5873 epi·

288 5922 391 5995 scopo
426 5904 668 5996 cracoviensi,
694 5912 732 5979 et
766 5909 865 5979 valor
900 5908 974 5977 eins
1004 5908 1207 5977 aestimatur
1232 5906 1277 5978 ad
1304 5914 1454 6001 quatuor
1480 5924 1638 5977 marceat·
1658 5906 1741 5976 item
1768 5925 1837 5977 non

290 6031 368 6099 aunt
393 6027 444 6099 ibi
469 6028 646 6122 tabernae,
672 6050 784 6121 neque
810 6028 1037 6120 hortulaniae,
1065 6049 1176 6121 neque
1202 6029 1391 6123 praedium,
1415 6049 1525 6120 neque
1544 6026 1786 6100 molendinum.
1818 6044 1821 6053 ·
