<?xml version="1.0" encoding="UTF-8"?>
<!DOCTYPE html PUBLIC "-//W3C//DTD XHTML 1.0 Transitional//EN"
    "http://www.w3.org/TR/xhtml1/DTD/xhtml1-transitional.dtd">
<html xmlns="http://www.w3.org/1999/xhtml" xml:lang="en" lang="en">
 <head>
  <title>
</title>
<meta http-equiv="Content-Type" content="text/html;charset=utf-8" />
  <meta name='ocr-system' content='tesseract 3.04.00' />
  <meta name='ocr-capabilities' content='ocr_page ocr_carea ocr_par ocr_line ocrx_word'/>
</head>
<body>
  <div class='ocr_page' id='page_1' title='image "./joannisdugoszse01dugoog_0178.png"; bbox 0 0 4200 8342; ppageno 0'>
   <div class='ocr_carea' id='block_1_1' title="bbox 311 1615 381 1685">
    <p class='ocr_par' dir='ltr' id='par_1_1' title="bbox 311 1615 381 1685">
     <span class='ocr_line' id='line_1_1' title="bbox 311 1615 381 1685; baseline 0 -1"><span class='ocrx_word' id='word_1_1' title='bbox 311 1615 381 1685; x_wconf 79' lang='lat'>152</span> 
     </span>
    </p>
   </div>
   <div class='ocr_carea' id='block_1_2' title="bbox 305 1816 1851 2150">
    <p class='ocr_par' dir='ltr' id='par_1_2' title="bbox 305 1816 1851 2150">
     <span class='ocr_line' id='line_1_2' title="bbox 308 1816 1849 1911; baseline -0.001 -22"><span class='ocrx_word' id='word_1_2' title='bbox 308 1823 345 1889; x_wconf 92' lang='lat' dir='ltr'>et</span> <span class='ocrx_word' id='word_1_3' title='bbox 375 1819 451 1909; x_wconf 83' lang='lat' dir='ltr'>agri</span> <span class='ocrx_word' id='word_1_4' title='bbox 487 1817 632 1891; x_wconf 86' lang='lat' dir='ltr'>duorum</span> <span class='ocrx_word' id='word_1_5' title='bbox 662 1819 938 1891; x_wconf 87' lang='lat' dir='ltr'>hortulaniarum</span> <span class='ocrx_word' id='word_1_6' title='bbox 957 1818 1113 1891; x_wconf 84' lang='lat' dir='ltr'>solvunt</span> <span class='ocrx_word' id='word_1_7' title='bbox 1150 1818 1316 1891; x_wconf 82' lang='lat' dir='ltr'><strong>decimam</strong></span> <span class='ocrx_word' id='word_1_8' title='bbox 1347 1816 1595 1909; x_wconf 84' lang='lat' dir='ltr'>manipularem</span> <span class='ocrx_word' id='word_1_9' title='bbox 1613 1836 1692 1911; x_wconf 66' lang='lat' dir='ltr'>vpro</span> <span class='ocrx_word' id='word_1_10' title='bbox 1723 1817 1849 1889; x_wconf 80' lang='lat' dir='ltr'>vicaria</span> 
     </span>
     <span class='ocr_line' id='line_1_3' title="bbox 308 1937 1850 2030; baseline 0 -22"><span class='ocrx_word' id='word_1_11' title='bbox 308 1938 527 2029; x_wconf 81' lang='lat' dir='ltr'>praebendae</span> <span class='ocrx_word' id='word_1_12' title='bbox 553 1937 807 2029; x_wconf 80' lang='lat' dir='ltr'>OracovIeusis,</span> <span class='ocrx_word' id='word_1_13' title='bbox 843 1959 931 2029; x_wconf 91' lang='lat' dir='ltr'>quae</span> <span class='ocrx_word' id='word_1_14' title='bbox 957 1938 1134 2028; x_wconf 85' lang='lat' dir='ltr'>Topolska</span> <span class='ocrx_word' id='word_1_15' title='bbox 1159 1939 1371 2030; x_wconf 90' lang='lat' dir='ltr'>appellatur,</span> <span class='ocrx_word' id='word_1_16' title='bbox 1408 1938 1504 2011; x_wconf 89' lang='lat' dir='ltr'>aliud</span> <span class='ocrx_word' id='word_1_17' title='bbox 1530 1944 1648 2011; x_wconf 90' lang='lat' dir='ltr'>antem</span> <span class='ocrx_word' id='word_1_18' title='bbox 1673 1937 1850 2029; x_wconf 82' lang='lat' dir='ltr'>praedium</span> 
     </span>
     <span class='ocr_line' id='line_1_4' title="bbox 305 2057 1851 2150; baseline 0.001 -22"><span class='ocrx_word' id='word_1_19' title='bbox 305 2059 457 2130; x_wconf 88' lang='lat' dir='ltr'>militare</span> <span class='ocrx_word' id='word_1_20' title='bbox 483 2057 717 2149; x_wconf 86' lang='lat' dir='ltr'>praefatorum</span> <span class='ocrx_word' id='word_1_21' title='bbox 742 2058 918 2149; x_wconf 84' lang='lat' dir='ltr'>Zegothae</span> <span class='ocrx_word' id='word_1_22' title='bbox 945 2065 982 2130; x_wconf 94' lang='lat' dir='ltr'>et</span> <span class='ocrx_word' id='word_1_23' title='bbox 1006 2059 1215 2150; x_wconf 89' lang='lat' dir='ltr'>Raphaelis,</span> <span class='ocrx_word' id='word_1_24' title='bbox 1251 2059 1294 2131; x_wconf 89' lang='lat' dir='ltr'>de</span> <span class='ocrx_word' id='word_1_25' title='bbox 1321 2060 1418 2133; x_wconf 87' lang='lat' dir='ltr'>cuius</span> <span class='ocrx_word' id='word_1_26' title='bbox 1449 2059 1544 2149; x_wconf 81' lang='lat' dir='ltr'>agris</span> <span class='ocrx_word' id='word_1_27' title='bbox 1571 2058 1766 2131; x_wconf 82' lang='lat' dir='ltr'>decimatur</span> <span class='ocrx_word' id='word_1_28' title='bbox 1791 2079 1851 2149; x_wconf 91' lang='lat' dir='ltr'>pro</span> 
     </span>
    </p>
   </div>
   <div class='ocr_carea' id='block_1_3' title="bbox 306 2177 2004 2269">
    <p class='ocr_par' dir='ltr' id='par_1_3' title="bbox 306 2177 2004 2269">
     <span class='ocr_line' id='line_1_5' title="bbox 306 2177 2004 2269; baseline 0.002 -20"><span class='ocrx_word' id='word_1_29' title='bbox 306 2178 452 2249; x_wconf 85' lang='lat' dir='ltr'>ecclesia</span> <span class='ocrx_word' id='word_1_30' title='bbox 477 2179 513 2247; x_wconf 88' lang='lat' dir='ltr'>in</span> <span class='ocrx_word' id='word_1_31' title='bbox 540 2177 574 2247; x_wconf 91' lang='lat' dir='ltr'><strong>N</strong></span> <span class='ocrx_word' id='word_1_32' title='bbox 582 2198 633 2268; x_wconf 87' lang='lat' dir='ltr'>ye</span> <span class='ocrx_word' id='word_1_33' title='bbox 641 2178 839 2269; x_wconf 80' lang='lat' dir='ltr'>gardow,</span> <span class='ocrx_word' id='word_1_34' title='bbox 865 2185 902 2250; x_wconf 92' lang='lat' dir='ltr'>et</span> <span class='ocrx_word' id='word_1_35' title='bbox 926 2181 1025 2252; x_wconf 87' lang='lat' dir='ltr'>valor</span> <span class='ocrx_word' id='word_1_36' title='bbox 1052 2180 1126 2253; x_wconf 93' lang='lat' dir='ltr'>eius</span> <span class='ocrx_word' id='word_1_37' title='bbox 1153 2181 1359 2253; x_wconf 88' lang='lat' dir='ltr'>aestimatur</span> <span class='ocrx_word' id='word_1_38' title='bbox 1384 2178 1429 2251; x_wconf 86' lang='lat' dir='ltr'>ad</span> <span class='ocrx_word' id='word_1_39' title='bbox 1456 2182 1603 2269; x_wconf 87' lang='lat' dir='ltr'>quatuor</span> <span class='ocrx_word' id='word_1_40' title='bbox 1629 2198 1777 2251; x_wconf 84' lang='lat' dir='ltr'>marcas</span> <span class='ocrx_word' id='word_1_41' title='bbox 1891 2224 1895 2230; x_wconf 88' lang='lat'><em>.</em></span> <span class='ocrx_word' id='word_1_42' title='bbox 2003 2210 2004 2215; x_wconf 42' lang='lat'>¹</span> 
     </span>
    </p>
   </div>
   <div class='ocr_carea' id='block_1_4' title="bbox 300 2299 1851 6619">
    <p class='ocr_par' dir='ltr' id='par_1_4' title="bbox 305 2299 1851 2870">
     <span class='ocr_line' id='line_1_6' title="bbox 409 2299 1851 2391; baseline 0 -22"><span class='ocrx_word' id='word_1_43' title='bbox 409 2299 736 2390; x_wconf 80' lang='lat' dir='ltr'>Prornrrowrczrc,</span> <span class='ocrx_word' id='word_1_44' title='bbox 762 2301 846 2373; x_wconf 90' lang='lat' dir='ltr'>villa</span> <span class='ocrx_word' id='word_1_45' title='bbox 863 2300 927 2372; x_wconf 85' lang='lat' dir='ltr'>sub</span> <span class='ocrx_word' id='word_1_46' title='bbox 945 2300 1110 2390; x_wconf 90' lang='lat' dir='ltr'>parochia</span> <span class='ocrx_word' id='word_1_47' title='bbox 1128 2300 1171 2373; x_wconf 93' lang='lat' dir='ltr'>de</span> <span class='ocrx_word' id='word_1_48' title='bbox 1193 2301 1227 2373; x_wconf 91' lang='lat' dir='ltr'>N</span> <span class='ocrx_word' id='word_1_49' title='bbox 1236 2299 1482 2390; x_wconf 79' lang='lat' dir='ltr'>yegardon</span> <span class='ocrx_word' id='word_1_50' title='bbox 1500 2300 1587 2391; x_wconf 92' lang='lat' dir='ltr'>sita,</span> <span class='ocrx_word' id='word_1_51' title='bbox 1613 2300 1714 2373; x_wconf 88' lang='lat' dir='ltr'>cuius</span> <span class='ocrx_word' id='word_1_52' title='bbox 1731 2300 1851 2371; x_wconf 87' lang='lat' dir='ltr'>haeres</span> 
     </span>
     <span class='ocr_line' id='line_1_7' title="bbox 305 2400 1848 2511; baseline -0.001 -20"><span class='ocrx_word' id='word_1_53' title='bbox 305 2400 451 2510; x_wconf 80' lang='lat' dir='ltr'>Spithelr</span> <span class='ocrx_word' id='word_1_54' title='bbox 478 2419 795 2511; x_wconf 86' lang='lat' dir='ltr'>Melsthiushy</span> <span class='ocrx_word' id='word_1_55' title='bbox 826 2419 988 2492; x_wconf 88' lang='lat' dir='ltr'>dedomo</span> <span class='ocrx_word' id='word_1_56' title='bbox 1016 2419 1096 2491; x_wconf 89' lang='lat' dir='ltr'>Lel</span> <span class='ocrx_word' id='word_1_57' title='bbox 1105 2442 1208 2511; x_wconf 84' lang='lat' dir='ltr'>ywa</span> <span class='ocrx_word' id='word_1_58' title='bbox 1248 2421 1289 2492; x_wconf 95' lang='lat' dir='ltr'>In</span> <span class='ocrx_word' id='word_1_59' title='bbox 1308 2440 1375 2511; x_wconf 92' lang='lat' dir='ltr'>qua</span> <span class='ocrx_word' id='word_1_60' title='bbox 1392 2424 1474 2493; x_wconf 93' lang='lat' dir='ltr'>suut</span> <span class='ocrx_word' id='word_1_61' title='bbox 1490 2419 1589 2493; x_wconf 79' lang='lat' dir='ltr'>lanei·</span> <span class='ocrx_word' id='word_1_62' title='bbox 1604 2404 1848 2509; x_wconf 75' lang='lat' dir='ltr'>emethouales,</span> 
     </span>
     <span class='ocr_line' id='line_1_8' title="bbox 307 2530 1850 2632; baseline -0.001 -22"><span class='ocrx_word' id='word_1_63' title='bbox 307 2539 501 2629; x_wconf 90' lang='lat' dir='ltr'>dequibus</span> <span class='ocrx_word' id='word_1_64' title='bbox 533 2540 681 2612; x_wconf 88' lang='lat' dir='ltr'>solvitur</span> <span class='ocrx_word' id='word_1_65' title='bbox 714 2546 751 2611; x_wconf 92' lang='lat' dir='ltr'>et</span> <span class='ocrx_word' id='word_1_66' title='bbox 776 2539 979 2612; x_wconf 77' lang='lat' dir='ltr'>conducitur</span> <span class='ocrx_word' id='word_1_67' title='bbox 1015 2540 1148 2611; x_wconf 88' lang='lat' dir='ltr'>decime</span> <span class='ocrx_word' id='word_1_68' title='bbox 1163 2541 1399 2632; x_wconf 84' lang='lat' dir='ltr'>manipularis</span> <span class='ocrx_word' id='word_1_69' title='bbox 1433 2530 1472 2611; x_wconf 90' lang='lat' dir='ltr'>et</span> <span class='ocrx_word' id='word_1_70' title='bbox 1497 2538 1672 2631; x_wconf 85' lang='lat' dir='ltr'>canapalis</span> <span class='ocrx_word' id='word_1_71' title='bbox 1704 2538 1850 2630; x_wconf 88' lang='lat' dir='ltr'>plebano</span> 
     </span>
     <span class='ocr_line' id='line_1_9' title="bbox 306 2658 1848 2751; baseline 0 -20"><span class='ocrx_word' id='word_1_72' title='bbox 306 2659 343 2731; x_wconf 93' lang='lat' dir='ltr'>in</span> <span class='ocrx_word' id='word_1_73' title='bbox 368 2658 403 2729; x_wconf 88' lang='lat' dir='ltr'>N</span> <span class='ocrx_word' id='word_1_74' title='bbox 410 2661 656 2751; x_wconf 80' lang='lat' dir='ltr'>yegardow</span> <span class='ocrx_word' id='word_1_75' title='bbox 692 2659 755 2751; x_wconf 83' lang='lat' dir='ltr'>p‘ro</span> <span class='ocrx_word' id='word_1_76' title='bbox 786 2665 941 2751; x_wconf 91' lang='lat' dir='ltr'>tempore</span> <span class='ocrx_word' id='word_1_77' title='bbox 976 2661 1151 2733; x_wconf 80' lang='lat' dir='ltr'>existenti.</span> <span class='ocrx_word' id='word_1_78' title='bbox 1189 2661 1277 2735; x_wconf 89' lang='lat' dir='ltr'>Item</span> <span class='ocrx_word' id='word_1_79' title='bbox 1312 2667 1367 2733; x_wconf 88' lang='lat' dir='ltr'>est</span> <span class='ocrx_word' id='word_1_80' title='bbox 1400 2660 1450 2733; x_wconf 92' lang='lat' dir='ltr'>ibi</span> <span class='ocrx_word' id='word_1_81' title='bbox 1483 2660 1664 2751; x_wconf 91' lang='lat' dir='ltr'>praedium</span> <span class='ocrx_word' id='word_1_82' title='bbox 1698 2658 1848 2731; x_wconf 87' lang='lat' dir='ltr'>militare</span> 
     </span>
     <span class='ocr_line' id='line_1_10' title="bbox 307 2760 1793 2870; baseline -0.003 -19"><span class='ocrx_word' id='word_1_83' title='bbox 307 2778 399 2870; x_wconf 88' lang='lat' dir='ltr'>quod</span> <span class='ocrx_word' id='word_1_84' title='bbox 426 2780 575 2853; x_wconf 89' lang='lat' dir='ltr'>decimat</span> <span class='ocrx_word' id='word_1_85' title='bbox 600 2834 716 2852; x_wconf 92' lang='grc'><strong>......</strong></span> <span class='ocrx_word' id='word_1_86' title='bbox 1252 2835 1255 2847; x_wconf 97' lang='grc'>.</span> <span class='ocrx_word' id='word_1_87' title='bbox 1462 2840 1464 2847; x_wconf 93' lang='grc'>.</span> <span class='ocrx_word' id='word_1_88' title='bbox 1532 2760 1540 2805; x_wconf 68' lang='lat'><em>³</em></span> <span class='ocrx_word' id='word_1_89' title='bbox 1679 2864 1681 2869; x_wconf 23' lang='grc' dir='ltr'>Ι</span> <span class='ocrx_word' id='word_1_90' title='bbox 1720 2860 1723 2867; x_wconf 46' lang='grc'>,</span> <span class='ocrx_word' id='word_1_91' title='bbox 1790 2832 1793 2839; x_wconf 91' lang='grc'>.</span> 
     </span>
    </p>

    <p class='ocr_par' dir='ltr' id='par_1_5' title="bbox 305 2898 1851 3966">
     <span class='ocr_line' id='line_1_11' title="bbox 411 2898 1851 2997; baseline -0.001 -25"><span class='ocrx_word' id='word_1_92' title='bbox 411 2899 576 2991; x_wconf 81' lang='lat' dir='ltr'>Gzner-rr,</span> <span class='ocrx_word' id='word_1_93' title='bbox 611 2901 695 2973; x_wconf 84' lang='lat' dir='ltr'>villa</span> <span class='ocrx_word' id='word_1_94' title='bbox 720 2902 785 2974; x_wconf 91' lang='lat' dir='ltr'>sub</span> <span class='ocrx_word' id='word_1_95' title='bbox 816 2902 981 2992; x_wconf 87' lang='lat' dir='ltr'>parochia</span> <span class='ocrx_word' id='word_1_96' title='bbox 1010 2903 1053 2974; x_wconf 90' lang='lat' dir='ltr'>de</span> <span class='ocrx_word' id='word_1_97' title='bbox 1088 2902 1376 2993; x_wconf 81' lang='lat' dir='ltr'>Nyegardow</span> <span class='ocrx_word' id='word_1_98' title='bbox 1402 2901 1488 2991; x_wconf 93' lang='lat' dir='ltr'>sita,</span> <span class='ocrx_word' id='word_1_99' title='bbox 1524 2898 1622 2975; x_wconf 90' lang='lat' dir='ltr'>cuius</span> <span class='ocrx_word' id='word_1_100' title='bbox 1654 2898 1851 2997; x_wconf 87' lang='lat' dir='ltr'>proprietas</span> 
     </span>
     <span class='ocr_line' id='line_1_12' title="bbox 305 3020 1851 3115; baseline -0.001 -23"><span class='ocrx_word' id='word_1_101' title='bbox 305 3040 369 3113; x_wconf 92' lang='lat' dir='ltr'>pro</span> <span class='ocrx_word' id='word_1_102' title='bbox 395 3043 466 3093; x_wconf 89' lang='lat' dir='ltr'>una</span> <span class='ocrx_word' id='word_1_103' title='bbox 490 3027 591 3112; x_wconf 90' lang='lat' dir='ltr'>parte</span> <span class='ocrx_word' id='word_1_104' title='bbox 618 3023 662 3094; x_wconf 90' lang='lat' dir='ltr'>ad</span> <span class='ocrx_word' id='word_1_105' title='bbox 689 3024 922 3114; x_wconf 87' lang='lat' dir='ltr'>praebendam</span> <span class='ocrx_word' id='word_1_106' title='bbox 948 3021 1224 3115; x_wconf 81' lang='lat' dir='ltr'>OracovIensem,</span> <span class='ocrx_word' id='word_1_107' title='bbox 1261 3043 1349 3114; x_wconf 87' lang='lat' dir='ltr'>quae</span> <span class='ocrx_word' id='word_1_108' title='bbox 1376 3020 1682 3094; x_wconf 77' lang='lat' dir='ltr'>(laec-howslra</span> <span class='ocrx_word' id='word_1_109' title='bbox 1708 3024 1851 3091; x_wconf 86' lang='lat' dir='ltr'>vocatur</span> 
     </span>
     <span class='ocr_line' id='line_1_13' title="bbox 306 3124 1851 3234; baseline -0.003 -21"><span class='ocrx_word' id='word_1_110' title='bbox 306 3143 470 3233; x_wconf 82' lang='lat' dir='ltr'>pertinet,</span> <span class='ocrx_word' id='word_1_111' title='bbox 498 3143 534 3213; x_wconf 92' lang='lat' dir='ltr'>in</span> <span class='ocrx_word' id='word_1_112' title='bbox 553 3163 621 3232; x_wconf 90' lang='lat' dir='ltr'>qua</span> <span class='ocrx_word' id='word_1_113' title='bbox 647 3147 728 3214; x_wconf 89' lang='lat' dir='ltr'>sunt</span> <span class='ocrx_word' id='word_1_114' title='bbox 754 3149 828 3214; x_wconf 91' lang='lat' dir='ltr'>tres</span> <span class='ocrx_word' id='word_1_115' title='bbox 845 3142 936 3214; x_wconf 90' lang='lat' dir='ltr'>lanei</span> <span class='ocrx_word' id='word_1_116' title='bbox 962 3124 1211 3234; x_wconf 76' lang='lat' dir='ltr'>emethonoleS,</span> <span class='ocrx_word' id='word_1_117' title='bbox 1238 3142 1425 3234; x_wconf 89' lang='lat' dir='ltr'>dequibus</span> <span class='ocrx_word' id='word_1_118' title='bbox 1450 3160 1637 3232; x_wconf 88' lang='lat' dir='ltr'>proceusn</span> <span class='ocrx_word' id='word_1_119' title='bbox 1664 3144 1702 3213; x_wconf 93' lang='lat' dir='ltr'>et</span> <span class='ocrx_word' id='word_1_120' title='bbox 1720 3139 1851 3211; x_wconf 90' lang='lat' dir='ltr'>decima</span> 
     </span>
     <span class='ocr_line' id='line_1_14' title="bbox 305 3260 1850 3354; baseline -0.003 -21"><span class='ocrx_word' id='word_1_121' title='bbox 305 3268 342 3333; x_wconf 92' lang='lat' dir='ltr'>et</span> <span class='ocrx_word' id='word_1_122' title='bbox 363 3264 521 3335; x_wconf 90' lang='lat' dir='ltr'>omnibus</span> <span class='ocrx_word' id='word_1_123' title='bbox 548 3263 656 3337; x_wconf 79' lang='lat' dir='ltr'>docile</span> <span class='ocrx_word' id='word_1_124' title='bbox 683 3264 821 3335; x_wconf 90' lang='lat' dir='ltr'>solvunt</span> <span class='ocrx_word' id='word_1_125' title='bbox 838 3263 1056 3353; x_wconf 88' lang='lat' dir='ltr'>praebendae</span> <span class='ocrx_word' id='word_1_126' title='bbox 1075 3261 1321 3354; x_wconf 83' lang='lat' dir='ltr'>Oracoviensi,</span> <span class='ocrx_word' id='word_1_127' title='bbox 1340 3262 1489 3335; x_wconf 88' lang='lat' dir='ltr'>sedecim</span> <span class='ocrx_word' id='word_1_128' title='bbox 1516 3281 1592 3333; x_wconf 90' lang='lat' dir='ltr'>cum</span> <span class='ocrx_word' id='word_1_129' title='bbox 1620 3260 1737 3333; x_wconf 83' lang='lat' dir='ltr'>media</span> <span class='ocrx_word' id='word_1_130' title='bbox 1758 3279 1850 3335; x_wconf 86' lang='lat' dir='ltr'>¹mar-</span> 
     </span>
     <span class='ocr_line' id='line_1_15' title="bbox 306 3379 1848 3474; baseline -0.001 -21"><span class='ocrx_word' id='word_1_131' title='bbox 306 3403 383 3471; x_wconf 91' lang='lat' dir='ltr'>cas;</span> <span class='ocrx_word' id='word_1_132' title='bbox 410 3383 555 3454; x_wconf 89' lang='lat' dir='ltr'>alteram</span> <span class='ocrx_word' id='word_1_133' title='bbox 573 3388 689 3455; x_wconf 88' lang='lat' dir='ltr'>autern</span> <span class='ocrx_word' id='word_1_134' title='bbox 715 3389 851 3474; x_wconf 90' lang='lat' dir='ltr'>partem</span> <span class='ocrx_word' id='word_1_135' title='bbox 867 3384 971 3455; x_wconf 83' lang='lat' dir='ltr'>villae</span> <span class='ocrx_word' id='word_1_136' title='bbox 997 3384 1127 3459; x_wconf 91' lang='lat' dir='ltr'>habent</span> <span class='ocrx_word' id='word_1_137' title='bbox 1143 3382 1295 3456; x_wconf 80' lang='lat' dir='ltr'>lacobus</span> <span class='ocrx_word' id='word_1_138' title='bbox 1314 3382 1432 3473; x_wconf 89' lang='lat' dir='ltr'>-Slup</span> <span class='ocrx_word' id='word_1_139' title='bbox 1443 3382 1597 3472; x_wconf 79' lang='lat' dir='ltr'>owsky</span> <span class='ocrx_word' id='word_1_140' title='bbox 1622 3385 1660 3452; x_wconf 91' lang='lat' dir='ltr'>et</span> <span class='ocrx_word' id='word_1_141' title='bbox 1677 3379 1848 3453; x_wconf 85' lang='lat' dir='ltr'>Falislans</span> 
     </span>
     <span class='ocr_line' id='line_1_16' title="bbox 306 3498 1849 3595; baseline -0.001 -22"><span class='ocrx_word' id='word_1_142' title='bbox 306 3502 468 3575; x_wconf 92' lang='lat' dir='ltr'>dedomo</span> <span class='ocrx_word' id='word_1_143' title='bbox 494 3503 688 3595; x_wconf 88' lang='lat' dir='ltr'>Lelywa,</span> <span class='ocrx_word' id='word_1_144' title='bbox 716 3525 803 3595; x_wconf 88' lang='lat' dir='ltr'>quae</span> <span class='ocrx_word' id='word_1_145' title='bbox 830 3504 884 3576; x_wconf 92' lang='lat' dir='ltr'>de·</span> <span class='ocrx_word' id='word_1_146' title='bbox 900 3505 1034 3577; x_wconf 89' lang='lat' dir='ltr'>duobus</span> <span class='ocrx_word' id='word_1_147' title='bbox 1056 3504 1208 3594; x_wconf 84' lang='lat' dir='ltr'>praediis</span> <span class='ocrx_word' id='word_1_148' title='bbox 1234 3502 1307 3577; x_wconf 81' lang='lat' dir='ltr'>suls</span> <span class='ocrx_word' id='word_1_149' title='bbox 1333 3502 1482 3575; x_wconf 92' lang='lat' dir='ltr'>decimat</span> <span class='ocrx_word' id='word_1_150' title='bbox 1507 3501 1671 3575; x_wconf 91' lang='lat' dir='ltr'>ecclesiae</span> <span class='ocrx_word' id='word_1_151' title='bbox 1690 3498 1849 3573; x_wconf 90' lang='lat' dir='ltr'>Omnium</span> 
     </span>
     <span class='ocr_line' id='line_1_17' title="bbox 306 3612 1848 3725; baseline -0.002 -32"><span class='ocrx_word' id='word_1_152' title='bbox 306 3622 529 3714; x_wconf 89' lang='lat' dir='ltr'>Sanctorum,</span> <span class='ocrx_word' id='word_1_153' title='bbox 563 3626 697 3696; x_wconf 90' lang='lat' dir='ltr'>mediae</span> <span class='ocrx_word' id='word_1_154' title='bbox 732 3626 842 3715; x_wconf 88' lang='lat' dir='ltr'>partis</span> <span class='ocrx_word' id='word_1_155' title='bbox 869 3626 1003 3715; x_wconf 81' lang='lat' dir='ltr'>ligneae</span> <span class='ocrx_word' id='word_1_156' title='bbox 1028 3625 1066 3695; x_wconf 90' lang='lat' dir='ltr'>iu</span> <span class='ocrx_word' id='word_1_157' title='bbox 1092 3612 1339 3713; x_wconf 82' lang='lat' dir='ltr'>CracovIa3</span> <span class='ocrx_word' id='word_1_158' title='bbox 1365 3629 1402 3695; x_wconf 93' lang='lat' dir='ltr'>et</span> <span class='ocrx_word' id='word_1_159' title='bbox 1427 3621 1572 3725; x_wconf 76' lang='lat' dir='ltr'>suntin</span> <span class='ocrx_word' id='word_1_160' title='bbox 1596 3620 1721 3693; x_wconf 89' lang='lat' dir='ltr'>eadem</span> <span class='ocrx_word' id='word_1_161' title='bbox 1747 3626 1848 3711; x_wconf 88' lang='lat' dir='ltr'>parte</span> 
     </span>
     <span class='ocr_line' id='line_1_18' title="bbox 305 3740 1849 3836; baseline -0.002 -23"><span class='ocrx_word' id='word_1_162' title='bbox 305 3743 448 3815; x_wconf 89' lang='lat' dir='ltr'>militari</span> <span class='ocrx_word' id='word_1_163' title='bbox 473 3750 624 3835; x_wconf 86' lang='lat' dir='ltr'>quatuor</span> <span class='ocrx_word' id='word_1_164' title='bbox 649 3747 741 3818; x_wconf 91' lang='lat' dir='ltr'>lanei</span> <span class='ocrx_word' id='word_1_165' title='bbox 768 3746 1020 3836; x_wconf 75' lang='lat' dir='ltr'>emethonaleS,</span> <span class='ocrx_word' id='word_1_166' title='bbox 1046 3750 1195 3835; x_wconf 88' lang='lat' dir='ltr'>quatuor</span> <span class='ocrx_word' id='word_1_167' title='bbox 1221 3744 1440 3817; x_wconf 89' lang='lat' dir='ltr'>hortulauiae</span> <span class='ocrx_word' id='word_1_168' title='bbox 1466 3748 1502 3815; x_wconf 93' lang='lat' dir='ltr'>et</span> <span class='ocrx_word' id='word_1_169' title='bbox 1527 3762 1598 3813; x_wconf 93' lang='lat' dir='ltr'>uua</span> <span class='ocrx_word' id='word_1_170' title='bbox 1617 3740 1782 3831; x_wconf 84' lang='lat' dir='ltr'>taberna,</span> <span class='ocrx_word' id='word_1_171' title='bbox 1809 3740 1849 3810; x_wconf 96' lang='lat' dir='ltr'>de</span> 
     </span>
     <span class='ocr_line' id='line_1_19' title="bbox 307 3860 1849 3966; baseline -0.004 -30"><span class='ocrx_word' id='word_1_172' title='bbox 307 3864 430 3953; x_wconf 88' lang='lat' dir='ltr'>quibus</span> <span class='ocrx_word' id='word_1_173' title='bbox 458 3865 649 3939; x_wconf 88' lang='lat' dir='ltr'>decimatur</span> <span class='ocrx_word' id='word_1_174' title='bbox 676 3867 839 3939; x_wconf 90' lang='lat' dir='ltr'>ecclesiae</span> <span class='ocrx_word' id='word_1_175' title='bbox 865 3867 901 3937; x_wconf 94' lang='lat' dir='ltr'>in</span> <span class='ocrx_word' id='word_1_176' title='bbox 915 3865 1217 3958; x_wconf 83' lang='lat' dir='ltr'>-Nyegardow,</span> <span class='ocrx_word' id='word_1_177' title='bbox 1244 3865 1340 3936; x_wconf 92' lang='lat' dir='ltr'>cuius</span> <span class='ocrx_word' id='word_1_178' title='bbox 1366 3862 1465 3966; x_wconf 79' lang='lat' dir='ltr'>valor</span> <span class='ocrx_word' id='word_1_179' title='bbox 1490 3861 1535 3933; x_wconf 87' lang='lat' dir='ltr'>ad</span> <span class='ocrx_word' id='word_1_180' title='bbox 1561 3860 1680 3933; x_wconf 88' lang='lat' dir='ltr'>decern</span> <span class='ocrx_word' id='word_1_181' title='bbox 1705 3880 1849 3949; x_wconf 81' lang='lat' dir='ltr'>marcas.</span> 
     </span>
    </p>

    <p class='ocr_par' dir='ltr' id='par_1_6' title="bbox 301 3980 1849 4811">
     <span class='ocr_line' id='line_1_20' title="bbox 407 3980 1847 4078; baseline -0.004 -22"><span class='ocrx_word' id='word_1_182' title='bbox 407 3988 713 4078; x_wconf 84' lang='lat' dir='ltr'>Bunzruowrezn,</span> <span class='ocrx_word' id='word_1_183' title='bbox 739 3988 822 4059; x_wconf 84' lang='lat' dir='ltr'>villa</span> <span class='ocrx_word' id='word_1_184' title='bbox 847 3988 910 4059; x_wconf 91' lang='lat' dir='ltr'>sub</span> <span class='ocrx_word' id='word_1_185' title='bbox 929 3987 1095 4078; x_wconf 91' lang='lat' dir='ltr'>parochia</span> <span class='ocrx_word' id='word_1_186' title='bbox 1120 3985 1163 4057; x_wconf 96' lang='lat' dir='ltr'>de</span> <span class='ocrx_word' id='word_1_187' title='bbox 1181 3983 1467 4076; x_wconf 81' lang='lat' dir='ltr'>Nyegardow</span> <span class='ocrx_word' id='word_1_188' title='bbox 1492 3982 1570 4073; x_wconf 86' lang='lat' dir='ltr'>sita,</span> <span class='ocrx_word' id='word_1_189' title='bbox 1596 3980 1694 4053; x_wconf 88' lang='lat' dir='ltr'>cuius</span> <span class='ocrx_word' id='word_1_190' title='bbox 1720 3981 1847 4053; x_wconf 90' lang='lat' dir='ltr'>haeres</span> 
     </span>
     <span class='ocr_line' id='line_1_21' title="bbox 302 4101 1849 4203; baseline -0.005 -24"><span class='ocrx_word' id='word_1_191' title='bbox 302 4102 449 4197; x_wconf 86' lang='lat' dir='ltr'>Spithko</span> <span class='ocrx_word' id='word_1_192' title='bbox 477 4106 702 4180; x_wconf 88' lang='lat' dir='ltr'>blelstlrin</span> <span class='ocrx_word' id='word_1_193' title='bbox 715 4108 807 4199; x_wconf 85' lang='lat' dir='ltr'>sky.</span> <span class='ocrx_word' id='word_1_194' title='bbox 842 4108 882 4179; x_wconf 94' lang='lat' dir='ltr'>ln</span> <span class='ocrx_word' id='word_1_195' title='bbox 901 4129 970 4198; x_wconf 91' lang='lat' dir='ltr'>qua</span> <span class='ocrx_word' id='word_1_196' title='bbox 995 4112 1078 4178; x_wconf 86' lang='lat' dir='ltr'>sunt</span> <span class='ocrx_word' id='word_1_197' title='bbox 1103 4111 1253 4197; x_wconf 88' lang='lat' dir='ltr'>quatuor</span> <span class='ocrx_word' id='word_1_198' title='bbox 1278 4104 1383 4203; x_wconf 73' lang='lat' dir='ltr'>lanei,</span> <span class='ocrx_word' id='word_1_199' title='bbox 1396 4101 1641 4190; x_wconf 87' lang='lat' dir='ltr'>cmethonales,</span> <span class='ocrx_word' id='word_1_200' title='bbox 1668 4101 1754 4173; x_wconf 83' lang='lat' dir='ltr'>item</span> <span class='ocrx_word' id='word_1_201' title='bbox 1780 4120 1849 4171; x_wconf 93' lang='lat' dir='ltr'>una</span> 
     </span>
     <span class='ocr_line' id='line_1_22' title="bbox 301 4220 1848 4321; baseline -0.005 -22"><span class='ocrx_word' id='word_1_202' title='bbox 301 4228 465 4319; x_wconf 88' lang='lat' dir='ltr'>taberna,</span> <span class='ocrx_word' id='word_1_203' title='bbox 501 4229 544 4300; x_wconf 95' lang='lat' dir='ltr'>de</span> <span class='ocrx_word' id='word_1_204' title='bbox 571 4230 695 4321; x_wconf 87' lang='lat' dir='ltr'>quibus</span> <span class='ocrx_word' id='word_1_205' title='bbox 731 4229 889 4301; x_wconf 90' lang='lat' dir='ltr'>omnibns</span> <span class='ocrx_word' id='word_1_206' title='bbox 913 4229 1063 4301; x_wconf 82' lang='grc'><strong>1101111111</strong></span> <span class='ocrx_word' id='word_1_207' title='bbox 1098 4232 1135 4298; x_wconf 89' lang='lat' dir='ltr'>et</span> <span class='ocrx_word' id='word_1_208' title='bbox 1161 4226 1363 4298; x_wconf 88' lang='lat' dir='ltr'>conducitur</span> <span class='ocrx_word' id='word_1_209' title='bbox 1399 4223 1533 4297; x_wconf 92' lang='lat' dir='ltr'>decima</span> <span class='ocrx_word' id='word_1_210' title='bbox 1557 4220 1787 4312; x_wconf 77' lang='lat' dir='ltr'>manipularis</span> <span class='ocrx_word' id='word_1_211' title='bbox 1812 4228 1848 4291; x_wconf 95' lang='lat' dir='ltr'>et</span> 
     </span>
     <span class='ocr_line' id='line_1_23' title="bbox 302 4342 1848 4439; baseline -0.005 -20"><span class='ocrx_word' id='word_1_212' title='bbox 302 4350 477 4439; x_wconf 86' lang='lat' dir='ltr'>canapalis</span> <span class='ocrx_word' id='word_1_213' title='bbox 504 4349 722 4439; x_wconf 90' lang='lat' dir='ltr'>praebendae</span> <span class='ocrx_word' id='word_1_214' title='bbox 748 4348 985 4439; x_wconf 80' lang='lat' dir='ltr'>Oracoviensi,</span> <span class='ocrx_word' id='word_1_215' title='bbox 1021 4368 1108 4438; x_wconf 89' lang='lat' dir='ltr'>quae</span> <span class='ocrx_word' id='word_1_216' title='bbox 1134 4351 1278 4419; x_wconf 85' lang='lat' dir='ltr'>vocatur</span> <span class='ocrx_word' id='word_1_217' title='bbox 1303 4344 1552 4434; x_wconf 86' lang='lat' dir='ltr'>Zakrzowska,</span> <span class='ocrx_word' id='word_1_218' title='bbox 1587 4346 1623 4414; x_wconf 91' lang='lat' dir='ltr'>et</span> <span class='ocrx_word' id='word_1_219' title='bbox 1647 4342 1749 4415; x_wconf 84' lang='lat' dir='ltr'>valor</span> <span class='ocrx_word' id='word_1_220' title='bbox 1774 4342 1848 4414; x_wconf 89' lang='lat' dir='ltr'>eius</span> 
     </span>
     <span class='ocr_line' id='line_1_24' title="bbox 302 4462 1847 4558; baseline -0.003 -21"><span class='ocrx_word' id='word_1_221' title='bbox 302 4468 506 4540; x_wconf 87' lang='lat' dir='ltr'>aestimatur</span> <span class='ocrx_word' id='word_1_222' title='bbox 533 4468 577 4541; x_wconf 85' lang='lat' dir='ltr'>ad</span> <span class='ocrx_word' id='word_1_223' title='bbox 595 4473 726 4558; x_wconf 90' lang='lat' dir='ltr'>septem</span> <span class='ocrx_word' id='word_1_224' title='bbox 753 4490 895 4540; x_wconf 86' lang='lat' dir='ltr'>marcas.</span> <span class='ocrx_word' id='word_1_225' title='bbox 934 4469 1023 4540; x_wconf 90' lang='lat' dir='ltr'>Item</span> <span class='ocrx_word' id='word_1_226' title='bbox 1042 4474 1132 4541; x_wconf 84' lang='lat' dir='ltr'>sunt</span> <span class='ocrx_word' id='word_1_227' title='bbox 1156 4468 1207 4540; x_wconf 93' lang='lat' dir='ltr'>ibi</span> <span class='ocrx_word' id='word_1_228' title='bbox 1225 4467 1284 4539; x_wconf 93' lang='lat' dir='ltr'>alii</span> <span class='ocrx_word' id='word_1_229' title='bbox 1312 4471 1460 4557; x_wconf 90' lang='lat' dir='ltr'>quatuor</span> <span class='ocrx_word' id='word_1_230' title='bbox 1485 4463 1577 4535; x_wconf 90' lang='lat' dir='ltr'>lanei</span> <span class='ocrx_word' id='word_1_231' title='bbox 1602 4462 1847 4551; x_wconf 83' lang='lat' dir='ltr'>emethomles,</span> 
     </span>
     <span class='ocr_line' id='line_1_25' title="bbox 302 4582 1847 4681; baseline -0.003 -22"><span class='ocrx_word' id='word_1_232' title='bbox 302 4586 488 4679; x_wconf 88' lang='lat' dir='ltr'>dequibus</span> <span class='ocrx_word' id='word_1_233' title='bbox 515 4589 662 4660; x_wconf 89' lang='lat' dir='ltr'>solvitur</span> <span class='ocrx_word' id='word_1_234' title='bbox 679 4589 812 4661; x_wconf 85' lang='lat' dir='ltr'>decima</span> <span class='ocrx_word' id='word_1_235' title='bbox 832 4586 1059 4680; x_wconf 85' lang='lat' dir='ltr'>manipularis</span> <span class='ocrx_word' id='word_1_236' title='bbox 1084 4591 1120 4661; x_wconf 95' lang='lat' dir='ltr'>in</span> <span class='ocrx_word' id='word_1_237' title='bbox 1139 4587 1457 4681; x_wconf 80' lang='lat' dir='ltr'>Nyegerdow,</span> <span class='ocrx_word' id='word_1_238' title='bbox 1471 4592 1509 4657; x_wconf 93' lang='lat' dir='ltr'>et</span> <span class='ocrx_word' id='word_1_239' title='bbox 1525 4584 1624 4663; x_wconf 87' lang='lat' dir='ltr'>valor</span> <span class='ocrx_word' id='word_1_240' title='bbox 1640 4582 1716 4655; x_wconf 89' lang='lat' dir='ltr'>eius</span> <span class='ocrx_word' id='word_1_241' title='bbox 1742 4584 1847 4655; x_wconf 90' lang='lat' dir='ltr'>aesti-</span> 
     </span>
     <span class='ocr_line' id='line_1_26' title="bbox 303 4708 1331 4811; baseline 0 -30"><span class='ocrx_word' id='word_1_242' title='bbox 303 4715 418 4811; x_wconf 89' lang='lat' dir='ltr'>matur</span> <span class='ocrx_word' id='word_1_243' title='bbox 444 4709 489 4781; x_wconf 86' lang='lat' dir='ltr'>ad</span> <span class='ocrx_word' id='word_1_244' title='bbox 515 4714 648 4800; x_wconf 90' lang='lat' dir='ltr'>septem</span> <span class='ocrx_word' id='word_1_245' title='bbox 672 4730 816 4781; x_wconf 88' lang='lat' dir='ltr'>marcas.</span> <span class='ocrx_word' id='word_1_246' title='bbox 855 4711 942 4782; x_wconf 88' lang='lat' dir='ltr'>Item</span> <span class='ocrx_word' id='word_1_247' title='bbox 968 4732 1037 4781; x_wconf 94' lang='lat' dir='ltr'>uon</span> <span class='ocrx_word' id='word_1_248' title='bbox 1064 4717 1119 4782; x_wconf 89' lang='lat' dir='ltr'>est</span> <span class='ocrx_word' id='word_1_249' title='bbox 1143 4708 1331 4801; x_wconf 81' lang='lat' dir='ltr'>praedium.</span> 
     </span>
    </p>

    <p class='ocr_par' dir='ltr' id='par_1_7' title="bbox 301 4825 1849 5288">
     <span class='ocr_line' id='line_1_27' title="bbox 409 4825 1849 4923; baseline -0.004 -22"><span class='ocrx_word' id='word_1_250' title='bbox 409 4832 665 4923; x_wconf 82' lang='lat' dir='ltr'>Dnnowrczn,</span> <span class='ocrx_word' id='word_1_251' title='bbox 696 4832 781 4902; x_wconf 88' lang='lat' dir='ltr'>villa</span> <span class='ocrx_word' id='word_1_252' title='bbox 807 4832 871 4904; x_wconf 88' lang='lat' dir='ltr'>sub</span> <span class='ocrx_word' id='word_1_253' title='bbox 896 4832 1063 4923; x_wconf 86' lang='lat' dir='ltr'>parochia</span> <span class='ocrx_word' id='word_1_254' title='bbox 1098 4833 1140 4903; x_wconf 91' lang='lat' dir='ltr'>de</span> <span class='ocrx_word' id='word_1_255' title='bbox 1167 4830 1201 4902; x_wconf 92' lang='lat' dir='ltr'>N</span> <span class='ocrx_word' id='word_1_256' title='bbox 1209 4829 1455 4921; x_wconf 85' lang='lat' dir='ltr'>yegardow</span> <span class='ocrx_word' id='word_1_257' title='bbox 1481 4827 1567 4915; x_wconf 89' lang='lat' dir='ltr'>sita,</span> <span class='ocrx_word' id='word_1_258' title='bbox 1601 4825 1638 4897; x_wconf 94' lang='lat' dir='ltr'>iu</span> <span class='ocrx_word' id='word_1_259' title='bbox 1665 4845 1734 4916; x_wconf 89' lang='lat' dir='ltr'>qna</span> <span class='ocrx_word' id='word_1_260' title='bbox 1768 4828 1849 4897; x_wconf 90' lang='lat' dir='ltr'>sunt</span> 
     </span>
     <span class='ocr_line' id='line_1_28' title="bbox 301 4945 1847 5043; baseline -0.003 -22"><span class='ocrx_word' id='word_1_261' title='bbox 301 4949 394 5023; x_wconf 90' lang='lat' dir='ltr'>lanei</span> <span class='ocrx_word' id='word_1_262' title='bbox 421 4953 663 5042; x_wconf 90' lang='lat' dir='ltr'>emethonoles,</span> <span class='ocrx_word' id='word_1_263' title='bbox 690 4953 772 5024; x_wconf 90' lang='lat' dir='ltr'>item</span> <span class='ocrx_word' id='word_1_264' title='bbox 798 4953 978 5043; x_wconf 87' lang='lat' dir='ltr'>tabernae,</span> <span class='ocrx_word' id='word_1_265' title='bbox 1005 4954 1091 5023; x_wconf 92' lang='lat' dir='ltr'>item</span> <span class='ocrx_word' id='word_1_266' title='bbox 1115 4950 1352 5040; x_wconf 89' lang='lat' dir='ltr'>hortulauiae,</span> <span class='ocrx_word' id='word_1_267' title='bbox 1379 4949 1566 5042; x_wconf 88' lang='lat' dir='ltr'>dequibus</span> <span class='ocrx_word' id='word_1_268' title='bbox 1592 4946 1752 5020; x_wconf 88' lang='lat' dir='ltr'>omuibus</span> <span class='ocrx_word' id='word_1_269' title='bbox 1778 4945 1847 5017; x_wconf 92' lang='lat' dir='ltr'>sol-</span> 
     </span>
     <span class='ocr_line' id='line_1_29' title="bbox 302 5066 1845 5164; baseline -0.005 -19"><span class='ocrx_word' id='word_1_270' title='bbox 302 5073 397 5145; x_wconf 86' lang='lat' dir='ltr'>vitur</span> <span class='ocrx_word' id='word_1_271' title='bbox 423 5078 460 5144; x_wconf 93' lang='lat' dir='ltr'>et</span> <span class='ocrx_word' id='word_1_272' title='bbox 477 5074 679 5145; x_wconf 88' lang='lat' dir='ltr'>conducitur</span> <span class='ocrx_word' id='word_1_273' title='bbox 697 5074 829 5145; x_wconf 84' lang='lat' dir='ltr'>decIma</span> <span class='ocrx_word' id='word_1_274' title='bbox 846 5073 1070 5164; x_wconf 86' lang='lat' dir='ltr'>manipularis</span> <span class='ocrx_word' id='word_1_275' title='bbox 1089 5126 1163 5143; x_wconf 90' lang='lat'><strong>....</strong></span> <span class='ocrx_word' id='word_1_276' title='bbox 1189 5072 1280 5164; x_wconf 87' lang='lat' dir='ltr'>Item</span> <span class='ocrx_word' id='word_1_277' title='bbox 1295 5072 1462 5163; x_wconf 87' lang='lat' dir='ltr'>plebanus</span> <span class='ocrx_word' id='word_1_278' title='bbox 1489 5069 1532 5142; x_wconf 94' lang='lat' dir='ltr'>de</span> <span class='ocrx_word' id='word_1_279' title='bbox 1558 5066 1845 5160; x_wconf 80' lang='lat' dir='ltr'>Nyegardow</span> 
     </span>
     <span class='ocr_line' id='line_1_30' title="bbox 303 5192 1572 5288; baseline 0.002 -25"><span class='ocrx_word' id='word_1_280' title='bbox 303 5192 391 5263; x_wconf 93' lang='lat' dir='ltr'>nihil</span> <span class='ocrx_word' id='word_1_281' title='bbox 417 5195 465 5265; x_wconf 91' lang='lat' dir='ltr'>ibi</span> <span class='ocrx_word' id='word_1_282' title='bbox 491 5194 608 5276; x_wconf 82' lang='lat' dir='ltr'>habet,</span> <span class='ocrx_word' id='word_1_283' title='bbox 634 5201 775 5284; x_wconf 86' lang='lat' dir='ltr'>praeter</span> <span class='ocrx_word' id='word_1_284' title='bbox 802 5195 1098 5267; x_wconf 88' lang='lat' dir='ltr'>columbatiorrem.</span> <span class='ocrx_word' id='word_1_285' title='bbox 1320 5282 1324 5288; x_wconf 27' lang='grc' dir='ltr'>Ι</span> <span class='ocrx_word' id='word_1_286' title='bbox 1524 5276 1526 5283; x_wconf 46' lang='grc'>,</span> <span class='ocrx_word' id='word_1_287' title='bbox 1570 5272 1572 5277; x_wconf 62' lang='grc'>,</span> 
     </span>
    </p>

    <p class='ocr_par' dir='ltr' id='par_1_8' title="bbox 302 5308 1846 5770">
     <span class='ocr_line' id='line_1_31' title="bbox 405 5308 1846 5405; baseline -0.003 -22"><span class='ocrx_word' id='word_1_288' title='bbox 405 5315 777 5404; x_wconf 76' lang='lat' dir='ltr'>blonr&#39;nczuowrenu,</span> <span class='ocrx_word' id='word_1_289' title='bbox 812 5316 895 5387; x_wconf 84' lang='lat' dir='ltr'>vllla</span> <span class='ocrx_word' id='word_1_290' title='bbox 917 5316 992 5386; x_wconf 78' lang='lat' dir='ltr'>&#39;sub</span> <span class='ocrx_word' id='word_1_291' title='bbox 1019 5313 1185 5405; x_wconf 87' lang='lat' dir='ltr'>parochia</span> <span class='ocrx_word' id='word_1_292' title='bbox 1217 5314 1261 5386; x_wconf 91' lang='lat' dir='ltr'>de</span> <span class='ocrx_word' id='word_1_293' title='bbox 1287 5311 1572 5404; x_wconf 80' lang='lat' dir='ltr'>Nyegardow</span> <span class='ocrx_word' id='word_1_294' title='bbox 1597 5310 1679 5401; x_wconf 93' lang='lat' dir='ltr'>sita,</span> <span class='ocrx_word' id='word_1_295' title='bbox 1714 5308 1751 5379; x_wconf 95' lang='lat' dir='ltr'>in</span> <span class='ocrx_word' id='word_1_296' title='bbox 1779 5326 1846 5399; x_wconf 74' lang='lat' dir='ltr'>qua</span> 
     </span>
     <span class='ocr_line' id='line_1_32' title="bbox 303 5428 1845 5537; baseline -0.005 -31"><span class='ocrx_word' id='word_1_297' title='bbox 303 5439 385 5506; x_wconf 91' lang='lat' dir='ltr'>sunt</span> <span class='ocrx_word' id='word_1_298' title='bbox 410 5435 503 5506; x_wconf 87' lang='lat' dir='ltr'>lanei</span> <span class='ocrx_word' id='word_1_299' title='bbox 529 5436 780 5525; x_wconf 76' lang='lat' dir='ltr'>emethonnleS,</span> <span class='ocrx_word' id='word_1_300' title='bbox 816 5436 858 5506; x_wconf 93' lang='lat' dir='ltr'>de</span> <span class='ocrx_word' id='word_1_301' title='bbox 886 5436 1009 5526; x_wconf 89' lang='lat' dir='ltr'>quibus</span> <span class='ocrx_word' id='word_1_302' title='bbox 1036 5435 1182 5508; x_wconf 88' lang='lat' dir='ltr'>solvitur</span> <span class='ocrx_word' id='word_1_303' title='bbox 1217 5434 1349 5507; x_wconf 90' lang='lat' dir='ltr'>decima</span> <span class='ocrx_word' id='word_1_304' title='bbox 1378 5432 1602 5524; x_wconf 88' lang='lat' dir='ltr'>manipularis</span> <span class='ocrx_word' id='word_1_305' title='bbox 1627 5428 1845 5537; x_wconf 86' lang='lat' dir='ltr'>praebendae</span> 
     </span>
     <span class='ocr_line' id='line_1_33' title="bbox 302 5551 1845 5647; baseline -0.005 -20"><span class='ocrx_word' id='word_1_306' title='bbox 302 5555 420 5627; x_wconf 89' lang='lat' dir='ltr'>Sancti</span> <span class='ocrx_word' id='word_1_307' title='bbox 446 5556 630 5628; x_wconf 82' lang='lat' dir='ltr'>Adalberti</span> <span class='ocrx_word' id='word_1_308' title='bbox 656 5556 691 5626; x_wconf 84' lang='lat' dir='ltr'>In</span> <span class='ocrx_word' id='word_1_309' title='bbox 710 5555 953 5647; x_wconf 75' lang='lat' dir='ltr'>cracovia,</span> <span class='ocrx_word' id='word_1_310' title='bbox 981 5562 1017 5629; x_wconf 88' lang='lat' dir='ltr'>et</span> <span class='ocrx_word' id='word_1_311' title='bbox 1035 5557 1133 5629; x_wconf 88' lang='lat' dir='ltr'>valor</span> <span class='ocrx_word' id='word_1_312' title='bbox 1159 5557 1233 5628; x_wconf 91' lang='lat' dir='ltr'>eius</span> <span class='ocrx_word' id='word_1_313' title='bbox 1260 5556 1464 5627; x_wconf 88' lang='lat' dir='ltr'>aestimatur</span> <span class='ocrx_word' id='word_1_314' title='bbox 1490 5553 1535 5625; x_wconf 92' lang='lat' dir='ltr'>ad</span> <span class='ocrx_word' id='word_1_315' title='bbox 1674 5551 1764 5623; x_wconf 91' lang='lat' dir='ltr'>Item</span> <span class='ocrx_word' id='word_1_316' title='bbox 1784 5555 1845 5621; x_wconf 90' lang='lat' dir='ltr'>est</span> 
     </span>
     <span class='ocr_line' id='line_1_34' title="bbox 302 5674 1630 5770; baseline -0.003 -20"><span class='ocrx_word' id='word_1_317' title='bbox 302 5676 352 5750; x_wconf 93' lang='lat' dir='ltr'>ibi</span> <span class='ocrx_word' id='word_1_318' title='bbox 377 5678 558 5768; x_wconf 91' lang='lat' dir='ltr'>praedium</span> <span class='ocrx_word' id='word_1_319' title='bbox 584 5678 744 5768; x_wconf 88' lang='lat' dir='ltr'>militare,</span> <span class='ocrx_word' id='word_1_320' title='bbox 771 5678 814 5748; x_wconf 93' lang='lat' dir='ltr'>de</span> <span class='ocrx_word' id='word_1_321' title='bbox 841 5699 908 5770; x_wconf 93' lang='lat' dir='ltr'>quo</span> <span class='ocrx_word' id='word_1_322' title='bbox 935 5677 1125 5749; x_wconf 80' lang='lat' dir='ltr'>(decimatur</span> <span class='ocrx_word' id='word_1_323' title='bbox 1151 5679 1186 5749; x_wconf 93' lang='lat' dir='ltr'>in</span> <span class='ocrx_word' id='word_1_324' title='bbox 1213 5674 1509 5769; x_wconf 82' lang='lat' dir='ltr'>Nyeg&#39;ardow.</span> <span class='ocrx_word' id='word_1_325' title='bbox 1627 5708 1630 5715; x_wconf 91' lang='lat'>·</span> 
     </span>
    </p>

    <p class='ocr_par' dir='ltr' id='par_1_9' title="bbox 937 5798 1592 5871">
     <span class='ocr_line' id='line_1_35' title="bbox 937 5798 1592 5871; baseline 0 -2"><span class='ocrx_word' id='word_1_326' title='bbox 937 5798 1207 5871; x_wconf 82' lang='lat' dir='ltr'>Lrnnonzrczn.</span> <span class='ocrx_word' id='word_1_327' title='bbox 1590 5864 1592 5869; x_wconf 89' lang='lat'><em>.</em></span> 
     </span>
    </p>

    <p class='ocr_par' dir='ltr' id='par_1_10' title="bbox 300 5911 1846 6619">
     <span class='ocr_line' id='line_1_36' title="bbox 404 5911 1846 6011; baseline -0.008 -18"><span class='ocrx_word' id='word_1_328' title='bbox 404 5918 500 5993; x_wconf 85' lang='lat' dir='ltr'>Villa</span> <span class='ocrx_word' id='word_1_329' title='bbox 525 5923 658 5994; x_wconf 86' lang='lat' dir='ltr'>habens</span> <span class='ocrx_word' id='word_1_330' title='bbox 694 5919 872 5993; x_wconf 89' lang='lat' dir='ltr'>ecclesiam</span> <span class='ocrx_word' id='word_1_331' title='bbox 898 5920 1131 6011; x_wconf 90' lang='lat' dir='ltr'>parochialem</span> <span class='ocrx_word' id='word_1_332' title='bbox 1165 5918 1312 5991; x_wconf 88' lang='lat' dir='ltr'>Sanctae</span> <span class='ocrx_word' id='word_1_333' title='bbox 1339 5916 1442 5991; x_wconf 87' lang='lat' dir='ltr'>Cruci</span> <span class='ocrx_word' id='word_1_334' title='bbox 1469 5914 1632 6005; x_wconf 90' lang='lat' dir='ltr'>dicatam,</span> <span class='ocrx_word' id='word_1_335' title='bbox 1666 5918 1705 5985; x_wconf 92' lang='lat' dir='ltr'>et</span> <span class='ocrx_word' id='word_1_336' title='bbox 1731 5911 1846 5985; x_wconf 88' lang='lat' dir='ltr'>coctili</span> 
     </span>
     <span class='ocr_line' id='line_1_37' title="bbox 301 6034 1844 6133; baseline -0.009 -16"><span class='ocrx_word' id='word_1_337' title='bbox 301 6038 412 6117; x_wconf 81' lang='lat' dir='ltr'>latere</span> <span class='ocrx_word' id='word_1_338' title='bbox 437 6062 500 6132; x_wconf 86' lang='lat' dir='ltr'>por</span> <span class='ocrx_word' id='word_1_339' title='bbox 525 6045 728 6133; x_wconf 71' lang='lat' dir='ltr'>magistrum</span> <span class='ocrx_word' id='word_1_340' title='bbox 755 6043 936 6114; x_wconf 90' lang='lat' dir='ltr'>Nicolaum</span> <span class='ocrx_word' id='word_1_341' title='bbox 965 6041 1254 6113; x_wconf 81' lang='lat' dir='ltr'>Itinczowicz</span> <span class='ocrx_word' id='word_1_342' title='bbox 1290 6038 1500 6111; x_wconf 87' lang='lat' dir='ltr'>canonicum·</span> <span class='ocrx_word' id='word_1_343' title='bbox 1517 6034 1782 6109; x_wconf 75' lang='lat' dir='ltr'>cracoviensem</span> <span class='ocrx_word' id='word_1_344' title='bbox 1808 6038 1844 6103; x_wconf 92' lang='lat' dir='ltr'>et</span> 
     </span>
     <span class='ocr_line' id='line_1_38' title="bbox 300 6154 1844 6254; baseline -0.007 -20"><span class='ocrx_word' id='word_1_345' title='bbox 300 6160 485 6253; x_wconf 87' lang='lat' dir='ltr'>plebanum</span> <span class='ocrx_word' id='word_1_346' title='bbox 519 6169 611 6235; x_wconf 84' lang='lat' dir='ltr'>tuno</span> <span class='ocrx_word' id='word_1_347' title='bbox 627 6165 663 6235; x_wconf 81' lang='lat' dir='ltr'>In</span> <span class='ocrx_word' id='word_1_348' title='bbox 689 6162 1011 6254; x_wconf 82' lang='lat' dir='ltr'>Lyuborzicza</span> <span class='ocrx_word' id='word_1_349' title='bbox 1036 6166 1222 6249; x_wconf 89' lang='lat' dir='ltr'>muratam,</span> <span class='ocrx_word' id='word_1_350' title='bbox 1249 6161 1345 6232; x_wconf 89' lang='lat' dir='ltr'>cuins</span> <span class='ocrx_word' id='word_1_351' title='bbox 1371 6159 1568 6250; x_wconf 87' lang='lat' dir='ltr'>proprietas</span> <span class='ocrx_word' id='word_1_352' title='bbox 1595 6154 1640 6227; x_wconf 92' lang='lat' dir='ltr'>ad</span> <span class='ocrx_word' id='word_1_353' title='bbox 1666 6154 1844 6245; x_wconf 88' lang='lat' dir='ltr'>episcopa-</span> 
     </span>
     <span class='ocr_line' id='line_1_39' title="bbox 301 6276 1842 6374; baseline -0.006 -19"><span class='ocrx_word' id='word_1_354' title='bbox 301 6290 375 6355; x_wconf 90' lang='lat' dir='ltr'>tnm</span> <span class='ocrx_word' id='word_1_355' title='bbox 399 6282 662 6355; x_wconf 79' lang='lat' dir='ltr'>GracovIensem</span> <span class='ocrx_word' id='word_1_356' title='bbox 696 6286 860 6374; x_wconf 85' lang='lat' dir='ltr'>pertinet,</span> <span class='ocrx_word' id='word_1_357' title='bbox 895 6283 950 6353; x_wconf 90' lang='lat' dir='ltr'>ius</span> <span class='ocrx_word' id='word_1_358' title='bbox 977 6303 1060 6353; x_wconf 90' lang='lat' dir='ltr'>vero</span> <span class='ocrx_word' id='word_1_359' title='bbox 1096 6285 1299 6371; x_wconf 88' lang='lat' dir='ltr'>patronatus</span> <span class='ocrx_word' id='word_1_360' title='bbox 1333 6285 1368 6351; x_wconf 89' lang='lat' dir='ltr'>et</span> <span class='ocrx_word' id='word_1_361' title='bbox 1395 6279 1552 6368; x_wconf 90' lang='lat' dir='ltr'>collatio,</span> <span class='ocrx_word' id='word_1_362' title='bbox 1587 6276 1633 6348; x_wconf 92' lang='lat' dir='ltr'>ad</span> <span class='ocrx_word' id='word_1_363' title='bbox 1662 6280 1842 6362; x_wconf 87' lang='lat' dir='ltr'>rectorem,</span> 
     </span>
     <span class='ocr_line' id='line_1_40' title="bbox 301 6394 1843 6493; baseline -0.006 -20"><span class='ocrx_word' id='word_1_364' title='bbox 301 6401 460 6477; x_wconf 83' lang='lat' dir='ltr'>doctores</span> <span class='ocrx_word' id='word_1_365' title='bbox 485 6409 523 6477; x_wconf 90' lang='lat' dir='ltr'>et</span> <span class='ocrx_word' id='word_1_366' title='bbox 548 6406 733 6493; x_wconf 80' lang='lat' dir='ltr'>magistros</span> <span class='ocrx_word' id='word_1_367' title='bbox 767 6404 1004 6477; x_wconf 72' lang='lat' dir='ltr'>universitate</span> <span class='ocrx_word' id='word_1_368' title='bbox 1039 6401 1296 6491; x_wconf 83' lang='lat' dir='ltr'>Cracovieusis,</span> <span class='ocrx_word' id='word_1_369' title='bbox 1331 6401 1450 6489; x_wconf 83' lang='lat' dir='ltr'>vigore</span> <span class='ocrx_word' id='word_1_370' title='bbox 1476 6397 1766 6489; x_wconf 87' lang='lat' dir='ltr'>incorporationis</span> <span class='ocrx_word' id='word_1_371' title='bbox 1793 6394 1843 6464; x_wconf 94' lang='lat' dir='ltr'>eis</span> 
     </span>
     <span class='ocr_line' id='line_1_41' title="bbox 301 6518 1844 6619; baseline -0.003 -24"><span class='ocrx_word' id='word_1_372' title='bbox 301 6544 365 6617; x_wconf 87' lang='lat' dir='ltr'>per</span> <span class='ocrx_word' id='word_1_373' title='bbox 389 6524 505 6597; x_wconf 84' lang='lat' dir='ltr'>sedem</span> <span class='ocrx_word' id='word_1_374' title='bbox 531 6522 900 6619; x_wconf 84' lang='lat' dir='ltr'>apostolicamfaetae.</span> <span class='ocrx_word' id='word_1_375' title='bbox 939 6524 980 6596; x_wconf 93' lang='lat' dir='ltr'>Iu</span> <span class='ocrx_word' id='word_1_376' title='bbox 999 6544 1067 6614; x_wconf 88' lang='lat' dir='ltr'>qua</span> <span class='ocrx_word' id='word_1_377' title='bbox 1093 6529 1175 6597; x_wconf 92' lang='lat' dir='ltr'>suut</span> <span class='ocrx_word' id='word_1_378' title='bbox 1201 6521 1459 6615; x_wconf 87' lang='lat' dir='ltr'>quatuordeeIm</span> <span class='ocrx_word' id='word_1_379' title='bbox 1484 6520 1577 6615; x_wconf 87' lang='lat' dir='ltr'>lanei</span> <span class='ocrx_word' id='word_1_380' title='bbox 1601 6518 1844 6609; x_wconf 86' lang='lat' dir='ltr'>emethouales‚</span> 
     </span>
    </p>
   </div>
   <div class='ocr_carea' id='block_1_5' title="bbox 0 0 2104 8341">
    <p class='ocr_par' dir='ltr' id='par_1_11' title="bbox 0 0 2104 8341">
     <span class='ocr_line' id='line_1_42' title="bbox 0 0 2104 8341; baseline 0 0"><span class='ocrx_word' id='word_1_381' title='bbox 0 0 2104 8341; x_wconf 95' lang='lat' dir='ltr'> </span> 
     </span>
    </p>
   </div>
  </div>
 </body>
</html>
