4200 8342
267 1600 340 1674 528
450 1608 454 1617 '

370 1805 595 1898 Gnuuczun,
623 1807 706 1914 villa
724 1808 787 1882 sub
806 1808 971 1899 parocbia
988 1808 1031 1880 de
1051 1806 1381 1880 Skarzescbow
1408 1809 1486 1900 sita,
1513 1809 1612 1902 cuius
1629 1809 1811 1917 haeredeaf·

265 1930 451 2020 lohannes,
477 1928 680 2018 stanislaum,
707 1928 870 2001 Nicolaus
897 1935 934 2002 et
960 1928 1119 2001 Andreas
1148 1928 1191 2001 de
1218 1931 1324 2002 armis
1350 1928 1656 2022 Serpentum„
1684 1931 1725 2003 In
1751 1953 1813 2024 qua

264 2056 346 2124 suut
372 2055 449 2126 octo
477 2070 554 2123 cum
580 2049 693 2122 medio
720 2050 812 2122 lanei
837 2051 1084 2140 cmethonales,
1111 2050 1193 2121 item
1212 2050 1378 2123 tabernae
1406 2055 1479 2123 tres
1505 2052 1678 2124 habentes
1706 2073 1812 2144 agros,

265 2174 347 2245 item
374 2172 595 2244 hortulaniae
621 2165 693 2244 t'res
721 2172 826 2244 etiam
852 2173 1020 2246 habentes
1048 2192 1169 2263 agros,
1197 2172 1239 2243 de
1267 2172 1391 2264 quibus
1418 2173 1579 2246 omnibus
1606 2172 1757 2246 solvitu'r
1781 2181 1813 2247 et

254 2293 468 2367 conducitur
504 2294 636 2373 decima
670 2290 956 2385 manipularis‘et
983 2294 1157 2384 canepalis
1188 2314 1252 2386 pro
1274 2295 1517 2385 praepositura
1534 2292 1813 2386 Sandomiriensi,

114 2432 120 2444 '
264 2415 361 2486 cuius
379 2413 477 2486 valor
504 2413 706 2486 aestimatur
733 2415 777 2485 ad
795 2399 989 2506 quindecim
1007 2433 1151 2495 marcas.
1194 2414 1283 2486 Item
1302 2419 1384 2485 sunt
1400 2415 1449 2486 ibi
1476 2415 1547 2507 tria
1565 2416 1713 2506 praedia
1729 2416 1812 2487 mili·

264 2535 371 2625 tario,
399 2534 443 2606 de
470 2555 616 2625 quorum
642 2535 736 2626 agris
763 2525 972 2627 aliquibus‚'
987 2537 1045 2627 qui
1073 2541 1184 2607 eraut*
1200 2534 1386 2626 aliquando
1404 2536 1650 2629 cmetbonales,
1669 2536 1811 2609 calvitur

151 2650 155 2657 ¹
245 2654 396 2727 decima
422 2657 620 2751 praeposito
647 2655 936 2746 Sandomirieusi3
972 2658 1014 2729 de
1042 2657 1216 2748 aliquibus
1243 2677 1345 2748 vero,
1378 2658 1437 2748 qui
1463 2648 1508 2730 ab
1534 2657 1682 2750 antiquo
1695 2708 1702 2721 .
1716 2663 1812 2730 eraut

265 2760 487 2868 praedialesf
506 2777 654 2859 solvitur
681 2778 845 2850 ecclesiae
872 2779 908 2849 in
931 2758 1277 2879 Skar'zescbow.

367 2896 718 2990 Nuuurauowrczs‚
759 2900 843 2970 villa
878 2899 941 2972 sub
982 2899 1101 2971 eadem
1138 2898 1321 2990 parocbia,
1361 2898 1458 2973 cuius
1494 2900 1619 2972 haeres
1657 2898 1811 2973 Andreas

265 3018 472 3112 Czyolelr
500 3019 672 3093 dedomo
700 3019 961 3092 Taurorum.
1005 3021 1045 3092 In
1074 3041 1143 3111 qua
1169 3025 1250 3092 sunt
1276 3021 1427 3111 quinque
1453 3020 1546 3092 lanei
1573 3021 1812 3111 cmetbouaias,
1861 3073 1867 3092 ,

263 3141 306 3211 do
334 3141 458 3232 quibus
486 3141 633 3213 solvitur
660 3148 696 3214 et
714 3143 915 3213 conducitur
942 3142 1075 3214 decima
1101 3124 1337 3232 manipularis·
1354 3147 1390 3213 et
1416 3142 1606 3233 campulis,
1639 3143 1811 3234 praeposi·

265 3267 364 3337 turae
400 3263 688 3354 Sandomiriensi‚
721 3272 757 3334 et
792 3265 890 3336 valor
925 3265 1000 3336 eius
1035 3265 1248 3354 aestimatur
1261 3261 1319 3335 'ad
1354 3263 1505 3355 quinque
1539 3283 1686 3336 mareas.
1730 3265 1811 3336 Item

263 3384 399 3463 est-ibi·
419 3386 599 3476 praedium
627 3386 776 3459 militare
800 3408 927 3475 unum,
963 3387 1006 3464 de
1034 3406 1101 3477 quo
1134 3385 1325 3459 decimatur
1360 3385 1526 3486 ecclesiae
1561 3385 1597 3456 in
1625 3385 1811 3458 Skarze

262 3507 432 3596 schoa,
468 3507 565 3579 cuius
601 3507 699 3578 valor
733 3506 889 3579 adduas
925 3527 1069 3580 marcas.
1108 3507 1196 3579 Item
1232 3507 1282 3579 ibi
1308 3526 1378 3603 non
1406 3512 1489 3579 suut
1515 3507 1705 3596 tabernae3
1732 3507 1810 3580 item

264 3631 345 3699 sunt
371 3626 460 3698 duae
488 3626 717 3717 bortulaniae‚
745 3628 805 3700 sod
832 3649 902 3701 nou
927 3629 1058 3701 babent
1084 3648 1197 3719 agros.

367 3748 555 3822 Curouow
580 3749 729 3840 Maron,
745 3792 748 3796 μ
764 3745 846 3822 uilla
881 3752 944 3823 sub
971 3751 1137 3841 parochia
1171 3749 1575 3829 deSkarzescbow
1602 3750 1690 3841 sita,
1718 3750 1810 3823 cuius

262 3870 446 3948 haeredes:
473 3870 639 3963 lacobus,
666 3871 817 3944 Michaol
834 3877 871 3944 et
888 3871 1083 3967 Szlothk
1092 3893 1115 3963 y
1133 3872 1208 3944 eius
1226 3878 1372 3963 nepotes
1390 3871 1434 3944 de
1451 3873 1558 3945 armis
1575 3869 1810 3947 Habdaulr.

261 3995 301 4064 ln
321 4014 389 4086 qua
407 3998 489 4065 sunt
507 3993 656 4066 sedecim
683 3993 774 4082 lapei
801 3994 1048 4083 cmetbonales‚
1076 4000 1113 4064 et
1130 3994 1295 4066 tabernae
1320 3992 1479 4066 undecim
1505 3995 1675 4066 habentes
1703 4015 1810 4086 agros

261 4117 303 4187 de
331 4116 455 4208 quibus
492 4101 650 4188 omuibus
686 4116 833 4188 solvitur
860 4120 896 4189 et
921 4115 1127 4188 conducitur
1142 4191 1144 4194 ,
1162 4115 1307 4187 decima
1321 4115 1547 4207 manipularis
1574 4122 1613 4188 et
1638 4116 1810 4206 canapulis

259 4237 520 4328 praepositurae
547 4236 835 4328 Sandomiriensi‚
868 4230 910 4311 et'
931 4237 1030 4327 raim
1057 4238 1364 4325 eiusaestimatur
1389 4236 1434 4308 ad
1460 4237 1644 4310 duodecim
1670 4257 1810 4309 marcas

261 4360 264 4365 '
307 4415 311 4423 .
366 4357 554 4430 Gurosow
581 4358 710 4430 Mmon
745 4358 827 4430 villa
863 4359 927 4431 sub
961 4359 1129 4449 parocbia
1164 4358 1207 4444 de
1234 4357 1568 4431 Skarzesobow
1595 4359 1682 4449 sita,
1718 4359 1810 4431 cuius

261 4481 386 4551 imeres
404 4478 597 4551 stanislaus
617 4477 966 4570 Gnyewossius,·
993 4480 1035 4551 de
1055 4481 1160 4555 armis
1184 4480 1376 4573 Zgraya.
1417 4481 1456 4550 ln
1476 4501 1544 4571 qua
1561 4486 1644 4552 suut
1663 4485 1809 4571 quatuor

261 4602 351 4672 lanei
370 4579 625 4689 cmetbonales‚
653 4601 695 4672 de
724 4602 846 4704 quibus
874 4601 1007 4673 decima
1033 4601 1259 4692 manipularis
1286 4600 1557 4690 diversificatur;
1583 4623 1665 4673 nam
1693 4601 1730 4673 in
1748 4621 1810 4673 una

260 4723 446 4795 medietate
473 4713 612 4812 minori,
639 4722 681 4798 dc
700 4722 979 4795 extremitatibus
997 4723 1174 4795 laneomtn
1202 4745 1243 4794 ex
1262 4723 1554 4813 campispversus
1581 4743 1688 4813 agros
1714 4743 1809 4814 prae-

260 4845 368 4929 diales
395 4844 430 4914 iu
458 4851 558 4934 parte
586 4843 721 4934 dextra,
750 4845 832 4915 item
860 4843 902 4915 de
930 4864 999 4919 uno
1026 4844 1168 4934 praedio
1197 4844 1351 4933 militari,
1379 4845 1462 4916 item
1490 4844 1532 4914 de
1560 4864 1630 4915 una
1655 4845 1808 4932 taberna

259 4968 341 5039 item
368 4966 412 5037 de
428 4982 499 5036 ¹una
518 4966 728 5055 hortulanis,
756 4970 791 5036 et
810 4966 924 5036 omnia
949 4966 1081 5037 habeut
1107 4986 1223 5055 agros,
1251 4966 1399 5042 solvitur
1426 4965 1559 5036 decima
1585 4965 1807 5057 manipularis

259 5088 508 5163 tantummodo·
524 5087 689 5159 ecclesiae
717 5088 752 5157 in
779 5086 1128 5176 Skarzescbow‚
1156 5091 1192 5158 et
1208 5086 1307 5158 valor
1325 5087 1400 5158 eius
1427 5086 1472 5158 ad
1489 5085 1642 5178 quinque
1661 5105 1807 5176 marcas;

259 5209 302 5279 de
320 5208 433 5279 altera
459 5229 542 5280 vero
561 5208 750 5280 medietate
778 5209 813 5279 in
832 5209 926 5298 agris
944 5213 1025 5299 post
1051 5208 1217 5281 allodium
1243 5229 1307 5298 pro
1326 5208 1449 5309 maiori
1476 5213 1576 5298 parte
1594 5207 1690 5280 cedit
1713 5227 1809 5299 prae
1877 5267 1879 5271 .

259 5329 435 5418 positurae
452 5328 751 5419 ,Sandomiriensb
779 5349 848 5400 una
867 5351 943 5401 cum
962 5330 1095 5402 decima
1122 5329 1278 5419 canapali
1306 5329 1413 5431 totius
1440 5328 1563 5418 villae,
1590 5328 1689 5401 cuius
1715 5328 1809 5401 valor

259 5450 460 5521 aestimatur
486 5447 531 5522 ad
557 5457 630 5521 tres
657 5471 801 5522 marcas.
1227 5530 1242 5537 ..

362 5571 664 5660 worsmwrczu
694 5572 775 5642 villa
794 5573 858 5643 sub
877 5573 1041 5662 parochia
1068 5571 1112 5644 de
1135 5571 1484 5643 Skarzeschow·
1499 5571 1586 5662 sita,
1614 5572 1713 5645 cuius
1730 5572 1808 5643 buo·

257 5695 373 5775 redes:
404 5693 556 5775 dacobus
583 5693 909 5785 Przyelruleya
936 5694 978 5767 de
1006 5695 1112 5767 armis
1138 5693 1346 5784 Dolywa,
1374 5692 1808 5784 Nicolaus'Dobyascir

257 5825 293 5890 et
309 5817 455 5890 Marcus
480 5815 678 5888 Alberti.
718 5815 759 5886 In
788 5836 856 5907 qua
884 5823 965 5887 suut
992 5822 1142 5907 quatuor
1167 5816 1260 5887 lanei
1284 5811 1539 5905 cmetlronales,
1575 5816 1661 5886 item
1688 5816 1807 5905 bortu-

255 5940 368 6010 luniae
394 5944 467 6009 tres
486 5938 653 6010 babentes
680 5958 801 6028 agrae,
829 5938 872 6009 dc
891 5938 1018 6028 quibus
1034 5938 1192 6009 omnibus
1211 5936 1358 6008 soluitur
1384 5942 1422 6009 et
1437 5922 1645 6008 conducitur
1673 5936 1806 6010 decima

255 6059 481 6152 manipularis
508 6080 571 6150 pro
590 6061 833 6150 praepositura
859 6058 1150 6148 Sandomiriensi,
1178 6059 1284 6129 cuius·
1302 6058 1402 6130 valor
1428 6058 1472 6129 ad
1498 6062 1648 6150 quatuor
1676 6077 1809 6130 marcas

254 6181 468 6255 aestimatur.
509 6183 595 6253 Item
623 6187 676 6253 est
703 6183 751 6256 ibi
778 6203 884 6254 unum
912 6181 1091 6272 praedium
1118 6181 1286 6272 militare,
1314 6180 1356 6251 de
1384 6201 1452 6270 quo
1479 6179 1673 6252 decimatur
1700 6179 1807 6252 aocla-

194 6388 203 6401 ,
255 6304 326 6376 siae
354 6305 391 6375 in
417 6292 764 6393 Skarz'esclrow⁷
792 6308 828 6374 ct
854 6303 953 6376 valor
979 6303 1053 6374 eiua
1080 6282 1286 6374 aestimatur
1313 6301 1356 6372 ad
1385 6284 1524 6371 .·...ζ.
1575 6308 1597 6332 ”
1817 6289 1822 6297 ’

359 6425 556 6515 Cosmum,
585 6426 667 6497 villa
685 6425 749 6497 sub
768 6418 934 6515 parochia
952 6425 994 6497 de
1014 6424 1132 6497 Szlra
1143 6425 1379 6496 rzesclrow
1397 6424 1480 6513 sita,
1498 6422 1595 6495 cuius
1607 6424 1812 6520 proprietas

256 6543 301 6619 ad
318 6545 479 6621 abbatem
506 6554 543 6623 et
565 6547 813 6622 monasterium
839 6547 1182 6642 Szyeczechovyense
1208 6546 1369 6638 pertinet.
1408 6545 1450 6623 Iu
1468 6566 1538 6639 qua
1564 6551 1647 6621 sunt
1662 6545 1812 6641 triginta
