4200 8342
259 1634 331 1712 soa
469 1739 472 1744 Ι

257 1849 381 1937 expost
414 1842 646 1934 Gnezncnsis,
682 1839 725 1916 de
762 1840 863 1916 domo
900 1838 1223 1916 Odrowanscb.
1267 1839 1307 1915 ln
1344 1862 1413 1935 qua
1448 1848 1530 1916 sunt
1565 1862 1690 1916 uorem
1717 1840 1802 1919 lanei

258 1966 508 2055 cmethonalcs,
544 1966 628 2036 item
654 1964 802 2037 taberna
827 1985 896 2036 una
922 1963 1180 2053 tantummodo,
1211 1965 1295 2036 item
1321 1965 1542 2037 hortulaniae
1571 1962 1742 2056 quatuor,
1767 1966 1805 2038 da

257 2087 382 2178 quibus
409 2085 567 2158 omnibus
595 2069 746 2157 solvitur
772 2093 809 2157 et
835 2085 1040 2157 conducitur
1066 2085 1200 2157 decima
1226 2085 1453 2175 manipularis
1480 2091 1516 2156 et
1541 2085 1720 2177 canapalis
1745 2104 1804 2176 pra

256 2206 456 2298 praebenda
480 2205 676 2278 Kelciiensi
702 2206 964 2298 Sabewyenska.
1008 2207 1096 2277 Item
1123 2210 1178 2277 est
1204 2207 1253 2277 ibi
1288 2207 1469 2297 praedium
1504 2207 1658 2278 militaro
1695 2227 1804 2298 unum,

256 2320 299 2399 de
327 2314 424 2399 cuius
451 2327 766 2418 agrisdecimatur
792 2328 957 2399 ecclesiae
984 2327 1020 2398 iu
1046 2327 1322 2418 Ruscbkow,
1356 2333 1392 2399 et
1417 2328 1518 2400 valor
1543 2329 1620 2401 eius
1648 2329 1804 2400 aestima·

256 2453 315 2518 tur
341 2447 387 2520 ad
412 2452 485 2521 tres
512 2468 655 2520 marcas.

360 2566 560 2641 (lzrnwoun
588 2588 703 2659 aonn,
729 2569 813 2640 villa
840 2569 903 2640 sub
930 2567 1097 2658 parochia
1122 2568 1166 2638 de
1192 2568 1451 2642 Rusehkow
1476 2571 1565 2660 sita,
1602 2570 1702 2641 cuius
1719 2588 1802 2659 pro

256 2690 389 2780 priatas
416 2687 461 2760 ad
487 2689 723 2779 episcopatum
750 2689 1018 2761 Lubuazensem-
1034 2688 1197 2780 pertinet
1223 2689 1265 2761 In
1292 2697 1361 2780 qua
1387 2679 1468 2762 sunt
1495 2696 1575 2763 octo
1601 2690 1695 2761 lanei
1718 2710 1803 2761 cme·
1870 2773 1873 2780 ¹

256 2809 424 2900 thonales,
450 2809 534 2880 item
562 2809 651 2881 duae
676 2809 843 2881 tabernae
868 2809 1036 2882 babentes
1063 2828 1185 2900 agros,
1211 2810 1296 2882 item
1321 2810 1541 2883 hortulaniae
1568 2815 1722 2902 quatuor
1747 2811 1805 2882 ba·

136 2931 138 2935 ’
255 2930 377 3002 beutes
404 2948 517 3020 agros,
544 2930 587 3002 de
614 2930 739 3020 quibus
766 2930 926 3003 omnibus
953 2930 1101 3002 solvitur
1127 2937 1165 3002 et
1190 2930 1395 3003 conducitur
1421 2932 1555 3004 decima
1580 2931 1804 3021 manipulario

256 3054 292 3121 ct
317 3049 501 3141 canapalis,
528 3051 589 3123 sed
614 3051 734 3141 rame3
770 3071 853 3123 nam
889 3051 933 3122 de
959 3037 1068 3142 agris,
1104 3050 1164 3141 qui
1189 3056 1272 3123 sunt
1297 3068 1419 3124 versus
1444 3052 1585 3124 flurium
1612 3050 1804 3122 Mstlrov

257 3170 301 3242 ad
327 3170 464 3262 plagam
490 3171 803 3262 septentrionalem,
833 3177 869 3243 et
887 3172 976 3244 citra
1001 3171 1144 3244 flurium
1161 3191 1283 3245 versus
1309 3172 1623 3263 Byslrupiaze,
1650 3192 1717 3262 pro
1733 3172 1803 3261 epi·

257 3311 361 3383 scopo
386 3291 604 3364 Lubuczansi
630 3291 765 3364 decima
791 3291 939 3365 solvitur
966 3293 1201 3383 manipularis,
1228 3299 1265 3366 et
1282 3293 1381 3365 valor
1407 3295 1482 3366 eius
1502 3293 1645 3366 adacto
1673 3311 1803 3363 marcas

257 3413 479 3504 aestimatur,
516 3413 559 3485 de
586 3413 664 3484 aliis
691 3433 775 3485 raro
801 3414 914 3504 agris,
951 3413 1100 3486 solvitur
1125 3433 1189 3504 pro
1217 3413 1417 3504 praebenda
1444 3412 1684 3506 Kyelcziensi,
1722 3431 1806 3503 quae

257 3537 403 3605 vocatur
428 3532 691 3624 Scbewyonska,
718 3539 755 3607 at
772 3534 870 3606 valor
892 3535 967 3606 eius
986 3533 1031 3605 ad
1048 3540 1128 3607 octo
1147 3553 1283 3606 marcas
1310 3535 1522 3606 aestimatur.
1549 3534 1638 3605 Item
1656 3529 1806 3603 masolam

259 3672 323 3744 pro
350 3652 496 3725 ecclesia
522 3654 670 3725 solvunt.

372 3773 697 3866 Ruscnuowracz,
732 3775 817 3848 villa
851 3777 915 3848 sub
941 3776 1108 3868 parochia
1141 3775 1186 3848 dc
1211 3775 1468 3847 Ruscnuow
1492 3776 1579 3864 sita,
1609 3774 1708 3845 ouius
1732 3792 1810 3863 pro

258 3894 389 3987 prietes
424 3895 469 3966 ad
495 3896 731 3986 episcopatum
766 3896 1024 3968 Lubuczensam
1059 3894 1228 3988 pertinet
1269 3897 1310 3968 In
1338 3916 1407 3986 qua
1431 3902 1513 3968 sunt
1539 3895 1691 3987 quinque
1717 3893 1805 3964 lanei

259 4017 509 4106 cmethonales,
544 4018 628 4087 item
663 4038 732 4089 una
758 4018 904 4089 taberna
938 4017 1071 4089 habens
1098 4038 1219 4108 agros,
1252 4017 1295 4088 de
1322 4018 1447 4108 quibus
1474 4017 1633 4089 omnibus
1660 4016 1807 4087 solvitur

257 4141 293 4207 et
318 4137 522 4209 conducitur
557 4137 690 4209 decima
715 4138 941 4229 manipularis
975 4138 1213 4210 tantummodo
1248 4159 1312 4228 pro
1340 4138 1497 4210 custodia
1523 4135 1804 4227 Oppatlroviensi,

257 4262 293 4328 et
317 4257 418 4330 ralor
444 4259 520 4330 eius
546 4259 753 4330 aestimatur
775 4259 823 4336 ad
843 4257 1104 4349 quatuordecim
1130 4278 1280 4349 marcas;
1312 4279 1375 4349 pro
1403 4257 1536 4329 decima
1562 4278 1646 4328 vero
1674 4256 1805 4346 canapi,

258 4378 363 4448 solvit
389 4377 534 4469 quilibet
560 4384 711 4469 quatuor
737 4379 907 4469 ligaturas
933 4379 1057 4470 canapi
1083 4379 1170 4451 alias
1196 4376 1306 4474 lytly,
1333 4384 1369 4450 et
1390 4398 1494 4451 unam
1522 4384 1682 4469 quartam
1710 4376 1805 4448 chori

258 4499 399 4571 seminis
425 4501 504 4590 puri
531 4500 661 4590 canapi,
689 4499 732 4571 de
750 4500 1000 4574 cousuetudine
1028 4501 1139 4572 veteri
1166 4507 1203 4572 et
1220 4501 1445 4593 praescripta.

938 4724 1134 4798 Sannaus.

361 4861 456 4936 Villa
472 4864 605 4936 babens
619 4863 667 4935 ⁴in
686 4884 723 4935 sc
741 4863 973 4955 parochialem
997 4864 1175 4936 ecclesiam
1203 4861 1370 4954 ligneam,
1398 4861 1524 4935 Sancto
1543 4862 1689 4934 Nicolao
1715 4861 1806 4933 dica·

256 4990 345 5076 tam,
373 4987 470 5058 ouius
506 4985 644 5058 collatio
679 4986 833 5076 pertinet
860 4985 903 5056 ad
931 4986 1132 5057 canonicum
1159 4983 1423 5076 Kyelczensem,
1460 4985 1519 5074 qui
1545 4984 1673 5055 dicitur
1699 4982 1802 5054 Scha-

257 5106 439 5197 wyenslry,
466 5107 563 5179 cuius
588 5106 692 5178 villae
717 5107 915 5198 proprietas
940 5107 1095 5198 pertinet
1121 5105 1165 5177 ad
1183 5106 1420 5196 episcopatum
1447 5105 1720 5177 cracoviensem.
1764 5103 1804 5174 ln

203 5322 210 5329 .
260 5245 329 5315 qua
355 5231 436 5297 sunt
471 5225 650 5299 duodecim
684 5227 777 5299 lanei
804 5208 1057 5318 cmctbonales,
1092 5227 1175 5298 item
1216 5231 1366 5317 quatuor
1391 5227 1558 5298 tabernae
1584 5225 1807 5316 episcopales,

257 5342 426 5416 habentes
453 5366 565 5437 agros,
592 5347 635 5419 dc
654 5348 778 5438 quibus
796 5348 954 5420 omnibus
981 5349 1129 5421 solvitur
1154 5353 1191 5419 et
1208 5348 1412 5420 conducitur
1430 5347 1564 5419 decima
1579 5345 1805 5436 manipularis

258 5470 294 5536 et
325 5466 511 5557 canapalis,
538 5486 602 5557 pro
629 5469 831 5552 canonicatu
858 5475 894 5541 et
920 5470 1119 5560 praebenda
1144 5468 1347 5561 Kyelcensi,
1376 5489 1464 5560 quae
1490 5472 1635 5540 vocatur
1669 5464 1803 5557 Sclrye-

259 5586 439 5678 wyenska,
467 5593 503 5659 et
529 5588 629 5661 valor
654 5589 729 5660 eius
755 5589 800 5661 ad
827 5589 1021 5681 quindecim
1053 5610 1188 5663 marcas
1215 5591 1426 5662 aestimatur.
1470 5589 1560 5660 Item
1586 5586 1806 5659 hortulaniae

258 5709 348 5781 duae
382 5709 552 5782 babentes
588 5730 707 5800 agros,
743 5710 938 5802 dequibus
974 5711 1078 5784 datur
1112 5712 1244 5783 decima
1277 5711 1495 5802 praebendae
1529 5707 1735 5798 Kelczyensi
1770 5709 1807 5777 in

255 5827 470 5927 ponitbwom.
514 5831 602 5904 Item
637 5833 729 5904 inter
765 5832 939 5923 praefatos
971 5832 1151 5905 duodecim
1186 5833 1304 5903 laneos
1340 5831 1591 5920 cmethonales,
1627 5834 1682 5900 est
1716 5847 1805 5898 unos

258 5951 379 6026 laneus
405 5951 641 6044 duodecimus,
669 5954 766 6026 cuius
793 5954 870 6045 agri
896 5955 977 6026 olim
1004 5942 1106 6026 erant
1122 5952 1335 6046 plebanales,
1362 5972 1453 6024 nunc
1478 5972 1563 6023 vero
1589 5950 1725 6022 locatus
1752 5952 1807 6019 ast

259 6075 458 6165 amethouc,
485 6081 521 6146 et
547 6075 652 6147 solvit
683 6074 850 6147 decimam
875 6075 1143 6166 manipularem,
1161 6079 1215 6146 'et
1241 6075 1356 6147 omnia
1381 6074 1459 6145 iura
1485 6078 1521 6144 et
1546 6092 1704 6160 censum,
1740 6087 1806 6159 pro

258 6196 456 6286 praebenda
490 6194 711 6287 Kelczyensi,
747 6218 816 6278 non
847 6196 931 6268 lacit
963 6202 1079 6268 tamen
1116 6196 1250 6288 aliquos
1280 6197 1427 6268 laboras.
1469 6194 1559 6267 item
1593 6192 1740 6264 ecclesia
1767 6194 1806 6261 at

259 6315 425 6406 plebanus
452 6337 521 6389 non
548 6315 680 6388 habent
706 6314 755 6386 ibi
781 6316 916 6407 aliquos
943 6336 1063 6408 agros,
1096 6321 1157 6388 ant
1182 6321 1284 6406 prata
1308 6335 1373 6406 pro
1400 6335 1462 6386 suo
1490 6334 1572 6404 usu,
1599 6310 1743 6401 praedio
1770 6314 1808 6379 et

259 6439 473 6512 necessitate.
517 6437 606 6510 Item
633 6439 687 6510 ast
705 6436 754 6508 ibi
772 6437 950 6527 praedium
976 6439 1117 6510 unicum
1139 6437 1335 6529 episcopale
1360 6438 1499 6527 bonum,
1526 6434 1569 6505 de
1587 6433 1684 6504 cuius
1710 6430 1807 6522 agris

261 6556 408 6630 solritor
434 6559 569 6634 decima
593 6559 820 6654 manipularis
846 6580 911 6653 pro
929 6560 1076 6635 ecclesia
1101 6563 1138 6632 et
1154 6559 1303 6651 plebano
1328 6559 1365 6630 in
1383 6551 1619 6650 Schenna,
1645 6559 1683 6627 et
1707 6552 1809 6627 valor
