4200 8342
266 1642 338 1713 572

263 1853 318 1918 est
344 1845 400 1917 ilri-
421 1864 524 1915 unum
561 1842 742 1934 praedium
768 1842 938 1932 militare,
964 1842 1008 1914 de
1034 1841 1160 1933 quibus
1186 1840 1347 1915 omaus
1373 1841 1521 1915 solvitur
1546 1846 1586 1914 et
1612 1842 1818 1916 conducitur

263 1966 397 2037 decima
430 1964 657 2054 manipularis
692 1967 729 2035 et
762 1953 939 2056 canapalis
968 1972 1036 2052 'pro
1072 1963 1220 2035 ecclesia
1254 1955 1291 2034 et
1325 1962 1474 2052 plebano
1500 1963 1538 2035 in
1563 1961 1817 2054 Konyuslra

262 2085 431 2177 Walya,
458 2090 494 2156 et
521 2082 619 2157 valor
644 2085 719 2155 eius
746 2083 790 2159 ad
817 2083 997 2157 duodecim
1023 2103 1160 2156 marcas
1187 2084 1400 2157 aestimatur.
1481 2142 1483 2147 .

367 2205 536 2296 Zrnzrn,
573 2204 656 2277 villa
690 2206 754 2279 sub
790 2190 958 2295 parochia
992 2205 1157 2277 ecclesiae
1192 2204 1236 2276 de
1262 2203 1424 2296 Wolya
1457 2204 1714 2295 Kouyuslra
1741 2207 1816 2296 sita,

263 2327 360 2399 cuius
387 2327 512 2398 haeres
537 2325 732 2411 Stauislaua
759 2326 802 2397 de
829 2324 931 2401 domo
957 2325 1149 2418 Jauyna
1182 2325 1225 2397 Iu
1251 2345 1321 2417 qua
1346 2332 1429 2397 sunt
1454 2326 1547 2423 lanei
1573 2326 1816 2416 amathonalcs,

262 2448 306 2518 de
334 2447 458 2536 quibus
494 2447 675 2519 omnibusx
688 2447 837 2519 solvitur
871 2446 1006 2519 decima
1041 2445 1268 2538 manipularis
1295 2451 1331 2518 et
1357 2447 1535 2538 canapalis
1561 2467 1626 2539 pro
1653 2447 1814 2538 episcopo

263 2565 494 2675 Oracorlensi,¹
521 2567 619 2640 cuius
645 2564 816 2645 valorad
834 2578 904 2665 ⁴scu
929 2567 1074 2641 marcas.
1113 2568 1203 2641 Item
1229 2573 1285 2640 est
1310 2568 1358 2640 ibi
1385 2568 1566 2658 praedium
1593 2588 1700 2641 unum
1728 2568 1814 2641 mili-

262 2694 349 2778 tare,
376 2687 421 2760 de
447 2709 515 2779 quc
541 2688 640 2759 uulli'
655 2677 855 2763 decimatur.
1022 2758 1025 2763 .
1355 2705 1357 2707 ’

278 2827 281 2834 ’
365 2807 541 2899 Murnrr,
568 2809 650 2880 villa
676 2809 739 2882 sub
766 2809 933 2900 parochia
957 2809 1002 2882 da
1027 2809 1454 2901 KouyuslraWolya
1478 2811 1557 2900 sita,
1575 2811 1673 2883 cuius
1691 2810 1813 2882 haeres

170 2958 174 2965 ¹
261 2927 439 3013 Johaunes
464 2928 719 3021 Konynsky
747 2930 789 3001 de
817 2930 919 3003 domo
946 2930 1085 3003 Rawa
1111 2930 1152 3002 Iu
1180 2951 1249 3022 quc
1274 2936 1356 3003 suut
1380 2912 1747 3021 laneicmethouales,
1772 2931 1813 3004 de

262 3049 562 3139 quibussolritor
588 3056 626 3121 et
651 3051 853 3122 conducitur
880 3051 1014 3123 decima
1040 3051 1267 3141 manipularis
1293 3057 1330 3123 et
1357 3052 1551 3142 canapaliS,
1579 3073 1644 3142 pro
1671 3052 1814 3124 ecclesia

260 3176 297 3240 ot
323 3170 469 3260 plebano
496 3170 532 3241 in
560 3168 818 3263 Golambye‚
845 3178 882 3245 et
907 3172 1006 3266 valor
1033 3173 1108 3245 eius
1134 3172 1179 3247 ad
1206 3192 1329 3244 norem
1355 3192 1498 3244 marcas.
1524 3173 1613 3245 Item
1631 3172 1809 3263 praedium

116 3308 122 3315 ’
260 3290 310 3362 ibi
336 3286 406 3363 uon
432 3298 496 3362 est.

287 3488 293 3495 ,
363 3392 509 3502 Runxr,
536 3412 620 3484 villa
644 3399 710 3485 sul')
736 3414 902 3503 parochia
928 3414 971 3486 de
997 3413 1250 3506 Korynslra
1276 3413 1437 3505 Wolya
1463 3414 1541 3504 sita,
1566 3413 1667 3486 cuius
1691 3414 1813 3486 haeres

259 3531 349 3602 idam
377 3530 554 3607 lohannes
581 3529 844 3624 Konyuslry.
871 3535 911 3606 ln
938 3557 1007 3626 qua
1033 3541 1117 3608 suut
1141 3535 1234 3606 lanei
1261 3534 1502 3625 emanandas,
1530 3535 1731 3625 dequibus
1748 3534 1811 3606 sol·

259 3652 352 3753 ritur
378 3657 414 3724 et
440 3653 644 3752 conducitur
670 3654 804 3731 decima
829 3654 1057 3746 manipularis
1083 3656 1248 3728 ecclesiae
1265 3663 1302 3728 et
1319 3658 1394 3730 eiua
1412 3657 1561 3747 plebano
1579 3657 1615 3727 in
1632 3656 1810 3747 Koryn-

260 3772 342 3849 slra
368 3771 537 3864 Wolya,
563 3775 660 3845 cuius
687 3775 785 3847 valor
811 3776 856 3847 ad
883 3776 1035 3867 quinque
1061 3796 1195 3849 marcas
1221 3765 1437 3851 aestimatur.
1468 3777 1564 3848 ltam-
1583 3798 1651 3851 uon
1679 3783 1737 3848 est
1762 3777 1808 3847 ibi

260 3892 450 3981 praediun.
549 3970 553 3977 ,
1307 3904 1311 3910 ’

354 4015 656 4090 Bonurscrrrow
709 4072 717 4087 .
771 4004 788 4089 .’
833 4072 841 4089 .
904 4073 911 4088 .

323 4175 325 4185 ·
364 4135 514 4217 Wourn
534 4137 821 4211 Wrrrrowsnun'
867 4193 875 4208 .
928 4194 935 4209 .
988 4194 997 4210 .
1052 4194 1061 4210 .

848 4362 1241 4464 Mnacuaouowrcun.=

361 4493 456 4569 Villa
483 4499 614 4571 habeus
640 4500 677 4569 in
706 4519 743 4570 se
770 4499 1004 4591 parochialem
1022 4500 1204 4572 ecclesiam
1222 4499 1382 4590 ligneam,
1401 4497 1548 4572 Sanctae
1564 4499 1811 4593 Mmgarathae

259 4618 426 4710 dicatam,
463 4620 560 4691 cuius
597 4620 722 4690 haeres
758 4619 972 4692 Eustachius
1007 4621 1052 4692 de
1078 4622 1184 4693 armis
1210 4620 1409 4693 Lcward.
1424 4656 1433 4664 ·
1448 4620 1489 4693 Iu
1517 4641 1596 4712 qua.
1612 4627 1696 4693 sunt
1723 4621 1811 4692 lanei

257 4740 509 4831 auctionales,
537 4740 580 4812 de
608 4741 733 4831 quibus
761 4741 911 4813 soluitur
937 4747 974 4813 et
1001 4741 1206 4817 conducitur
1231 4741 1370 4831 decima
1387 4741 1619 4832 manipularis
1648 4745 1687 4814 et
1713 4761 1810 4812 cana·

256 4862 354 4953 palis,
380 4845 459 4953 pro⁸
472 4863 685 4937 monasterio
711 4861 857 4935 Sanctae
875 4861 997 4939 Crucis
1015 4862 1148 4936 Calvi
1174 4862 1356 4954 Montis,
1375 4863 1472 4936 cuius
1490 4862 1588 4935 valor
1605 4863 1808 4936 naamam

256 4982 302 5054 ad
329 4989 460 5075 septem
487 5005 631 5057 marcas.
657 4984 745 5056 Item
772 4990 826 5056 est
851 4985 901 5074 ibi
926 4984 1107 5076 praedium
1134 4985 1296 5076 militare,
1323 4985 1366 5057 de
1392 4985 1490 5057 cuius
1507 4984 1602 5075 agris
1620 4982 1809 5056 decimatur

255 5103 422 5176 ecclesiae
448 5105 484 5176 iu
510 5104 955 5198 Marcnschowycze.
981 5106 1070 5178 Item
1096 5107 1204 5178 habet
1228 5107 1278 5178 ibi
1304 5086 1450 5178 ecclesia
1475 5111 1514 5177 et·
1536 5104 1707 5195 plebanus
1725 5125 1806 5195 qua·

257 5226 338 5295 tuor
364 5225 482 5299 laneos
510 5227 689 5319 proprios,
716 5248 779 5318 pro
806 5247 868 5301 suo
896 5248 961 5300 usu
989 5233 1026 5300 et
1050 5222 1277 5318 necessitate,
1304 5227 1348 5299 de
1375 5227 1500 5318 quibus
1527 5226 1633 5300 etiam
1660 5226 1809 5299 decimat

257 5362 322 5431 pro
350 5347 562 5417 monasterio
581 5346 738 5437 'Sanctae
765 5346 896 5421 Crucis.
1547 5406 1552 5416 ·

361 5463 562 5557 Kurrnrr,
589 5467 672 5539 villa
707 5470 771 5541 sub
797 5470 966 5560 parochia
1000 5470 1165 5542 ecclesiae
1191 5469 1235 5542 de
1262 5469 1708 5560 Markuschowycae
1735 5467 1809 5557 sita,

257 5584 354 5656 cuius
390 5586 514 5658 haeres
550 5586 641 5659 idem
677 5587 895 5662 Eustachium
931 5591 972 5661 Iu
999 5611 1068 5684 qua
1102 5588 1588 5680 suntlaueicmethonales,
1614 5589 1809 5680 dequibus

257 5706 415 5804 omnilrus
442 5707 590 5780 solvitur
617 5716 653 5780 et
679 5709 885 5782 conducitur
920 5710 1053 5807 decima
1088 5712 1313 5802 manipularis
1351 5717 1387 5783 et
1415 5711 1601 5802 canapalis,
1637 5731 1703 5801 pro
1738 5711 1810 5801 epi-

255 5847 359 5917 scopo
387 5827 618 5922 cracoviensi,
645 5831 743 5904 cuius
770 5832 869 5904 valor
895 5833 1102 5907 aestimatur
1127 5832 1173 5905 ad
1199 5852 1260 5906 sex
1287 5853 1431 5905 marcas.
1466 5832 1555 5905 Item
1583 5838 1737 5905 nonest
1762 5830 1809 5902 ibi

256 5949 446 6038 praedium.
587 6018 591 6025 .

359 6070 484 6144 Osrar
510 6090 671 6165 saorra,
699 6073 782 6146 villa
807 6075 872 6148 sub
898 6074 1065 6165 parochia
1082 6074 1127 6147 de
1144 6073 1591 6166 Markuschowycze
1616 6074 1697 6164 sita,
1713 6072 1810 6145 cuius

255 6191 380 6265 haeres
406 6193 498 6264 idem
525 6192 735 6267 Eustachius
762 6194 805 6266 de
831 6195 933 6287 domo
959 6195 1166 6268 Leward
1187 6196 1228 6266 In
1255 6216 1324 6287 qua
1350 6201 1432 6267 sunt
1456 6179 1810 6282 lanei'cmetnoualeo,

254 6311 298 6383 de
325 6315 451 6404 quibus
479 6315 647 6405 omnibus,
675 6316 822 6389 solvitur
840 6317 973 6389 decima
989 6317 1216 6408 manipularis
1234 6316 1449 6408 episcopatui
1466 6314 1699 6407 &aconensi
1712 6315 1809 6386 cuius

255 6434 354 6505 valor
381 6438 584 6508 aestimatur
610 6437 655 6508 ad
682 6443 815 6539 septem
842 6459 986 6511 marcas.
1012 6439 1101 6510 Item
1128 6458 1197 6510 nau
1214 6444 1279 6533 eat
1306 6438 1353 6534 ilri
1381 6437 1570 6538 praed-inm.
1671 6497 1674 6503 .

361 6553 642 6649 Osrrroscuow,
668 6559 751 6633 villa
785 6560 850 6632 sub
886 6560 1053 6651 parochia
1087 6559 1253 6636 meusim
1288 6559 1332 6633 de
1357 6557 1809 6649 -Markosclrorrycre
