4200 8342
1678 1654 1752 1726 457

196 1850 418 1923 ecelesimum
443 1849 704 1941 parochialium,
731 1871 818 1943 quae
842 1852 1035 1944 visitationi
1051 1855 1244 1943 praepositi
1260 1854 1477 1946 Kyelciensis
1496 1858 1652 1950 subsunt,
1672 1882 1747 1933 cum

197 1971 434 2063 proventibus,
461 1970 663 2043 introitibus
689 1976 726 2043 et
752 1974 1025 2063 proprietatibus
1051 1993 1171 2046 earum
1199 1976 1285 2048 haec
1315 1983 1404 2049 sunt.

882 2078 1078 2167 Baznzmr.

228 2222 232 2227 '
307 2213 403 2287 villa
436 2206 570 2287 liabens
605 2215 642 2285 in
678 2236 715 2287 se
751 2216 984 2307 parochialem
1020 2216 1199 2289 ecclesiam
1237 2219 1404 2309 ligneam,
1431 2223 1554 2293 honori
1590 2222 1751 2297 Omnium

184 2334 407 2539 &torum
429 2334 589 2427 dicatam,
615 2337 712 2409 cuius
739 2357 831 2409 nunc
857 2338 1025 2427 plebanus
1044 2392 1078 2407 ..
1106 2393 1113 2407 .
1141 2338 1180 2409 In
1208 2361 1276 2430 qua
1303 2347 1384 2413 sunt
1411 2341 1527 2413 decem
1555 2351 1592 2414 et
1618 2350 1751 2435 septem

265 2456 567 2548 ”cmetbonulem
593 2456 637 2529 de
664 2459 789 2549 quibus
824 2460 983 2531 omnibus
1010 2460 1160 2531 solvitur
1186 2467 1222 2531 et
1248 2462 1452 2533 conducitur
1480 2463 1614 2536 decima
1640 2467 1749 2538 mani-

194 2578 328 2747 pulcris
363 2586 401 2651 et
435 2578 611 2670 canapalis
637 2599 701 2670 pro
728 2581 931 2671 episcopatu
958 2579 1199 2670 cracoviensi,
1227 2583 1323 2653 cuius
1352 2583 1449 2656 valor
1476 2586 1681 2657 aestimatur
1706 2587 1751 2659 ad

259 2700 540 2791 :.Proprieus
566 2707 682 2773 antem
709 2706 747 2773 et
772 2702 910 2774 collatio
938 2703 1196 2793 praedictarum
1221 2704 1325 2775 villae
1353 2711 1389 2775 et
1406 2706 1570 2778 ecclesiae
1572 2709 1752 2798 ,pertinet

194 2754 267 2897 aa·
368 2842 472 2915 opum
509 2821 782 2896 cracoviensem.
823 2823 910 2894 Item
946 2822 1115 2913 plebanus
1151 2824 1258 2896 habet
1293 2826 1342 2896 ibi
1378 2827 1539 2915 proprios
1575 2850 1678 2919 agros
1714 2835 1751 2901 et
1864 2860 1866 2865 ·

193 2842 547 3035 fflbnosm
513 2943 601 3016 Item
637 2952 691 3017 est
728 2945 776 3016 ibi
811 2944 992 3035 praedium
1028 2945 1242 3035 episcopale,
1279 2946 1321 3017 de
1354 2947 1451 3019 cuius
1479 2949 1574 3037 agris
1595 2950 1706 3021 solvit
1691 2956 1749 3020 tur

193 3064 365 3139 muna..
376 3066 494 3137 .Item
522 3072 577 3138 est
602 3066 652 3137 ibi
670 3066 845 3157 scoltetus,
864 3067 996 3139 babens
1014 3086 1120 3137 unum
1138 3067 1275 3138 laneum
1294 3068 1450 3157 liberum,
1474 3069 1517 3165 de
1536 3070 1633 3141 cuius
1653 3072 1747 3161 agris

192 3186 344 3261 decimat
369 3187 535 3260 ecclesiae
561 3193 598 3261 et
623 3188 807 3279 plebano
797 3210 834 3259 m
860 3187 1058 3260 Brzezrn
1066 3210 1110 3281 y
1135 3188 1243 3261 habet
1227 3192 1305 3260 tet
1321 3190 1469 3261 altemm
1488 3212 1560 3261 ome
1562 3192 1748 3333 thonalem,

192 3308 257 3382 secl
282 3307 327 3381 de
353 3308 413 3381 illo
440 3310 504 3381 dat
529 3307 697 3382 decimam
723 3311 896 3401 episcopo.
1155 3382 1160 3391 ,

296 3431 563 3520 DzrannrrmW,
590 3429 673 3503 villa
698 3432 763 3503 sub
790 3430 956 3521 parocbia
982 3430 1026 3503 de
1052 3429 1285 3520 Brzeziny
1312 3430 1399 3520 sita,
1426 3434 1524 3504 cuius
1550 3434 1747 3524 proprietas

175 3548 240 3631 'ad
263 3550 414 3623 nobilem
449 3549 629 3622 Andream
654 3551 698 3621 de
724 3550 826 3623 domo
854 3548 1158 3623 Gelitbonum
1184 3550 1346 3638 pertinet.
1385 3550 1426 3621 ln
1454 3571 1522 3640 qua
1549 3560 1630 3623 sunt
1655 3553 1748 3625 lanei

189 3672 434 3761 emetbonales,
461 3673 545 3745 item
571 3670 752 3762 praedium
779 3671 939 3761 militare,
966 3672 1050 3743 item
1076 3669 1224 3743 taberna
1251 3691 1328 3760 una,
1347 3671 1429 3743 item
1447 3672 1648 3745 hortularia
1667 3696 1746 3765 una,

190 3792 387 3885 dequibus
421 3793 581 3866 omnibus
616 3792 834 3865 solviturt
797 3797 834 3863 et
860 3792 1068 3865 conducitur
1094 3791 1228 3862 decima
1254 3790 1481 3883 manipularrs
1509 3799 1545 3865 e
1572 3797 1746 3887 cenapolis

191 3916 404 3988 eeclesiae
394 3938 432 3989 m
467 3914 716 4004 Brzeziny,
744 3935 848 4005 quam
875 3914 927 3985 illi
953 3913 1098 3986 donavit
1124 3911 1311 4001 primarius
1339 3913 1412 3985 eius
1438 3913 1622 4004 fundator3
1648 3917 1745 3988 cuius

190 4036 291 4113 ralor
315 4038 522 4110 aestimatur
548 4035 664 4108 ad..

177 4238 180 4243 ,
296 4159 443 4231 Wonru
469 4159 821 4248 ὓιιιιιιιιοιιιιιι,
849 4157 932 4229 villa
968 4158 1032 4230 sub
1060 4155 1225 4247 parocbia
1252 4154 1418 4227 eeclesiae
1445 4156 1487 4227 de
1516 4112 1745 4250 Brzeziny

190 4280 278 4371 ιίιι,
313 4280 410 4353 cuius
446 4281 642 4370 proprietas
677 4280 722 4351 ad
755 4279 906 4351 nobilem
941 4278 1118 4350 Andream
1153 4276 1542 4369 Dzibalthowsky
1572 4279 1743 4353 dedomo

189 4398 490 4475 Gelitbonum
516 4402 679 4492 pertinet.
706 4402 747 4472 ln
774 4422 842 4490 qua
868 4406 952 4473 sunt
976 4401 1080 4507 lanei,
1096 4400 1339 4488 emethonalea
1359 4401 1442 4472 item
1462 4403 1639 4494 tabernae,
1658 4406 1743 4477 item

189 4522 426 4614 bortulaniae,
453 4522 495 4594 de
532 4523 657 4613 qrribus
693 4523 852 4595 omnibus
888 4523 1035 4594 solvitur
1063 4529 1098 4593 et
1125 4522 1328 4594 conducitur
1355 4523 1489 4595 decima
1516 4526 1743 4616 manipularis

188 4644 356 4751 aulem
380 4645 418 4717 in
443 4644 684 4734 Brzeziny,
711 4651 747 4716 et
775 4644 872 4716 valor
898 4645 973 4717 eins
1001 4643 1207 4717 aestimatur
1235 4698 1242 4714 .
1269 4698 1278 4715 .
1305 4699 1313 4713 .

819 4868 1117 4941 Dsnrnscmoza.

274 4990 386 5081 ,Villa
410 4991 542 5064 habens
568 4992 605 5063 in
632 5012 670 5063 se
697 4990 930 5082 parochialem
957 4991 1144 5078 eeclesiam,
1172 4994 1342 5061 muratam
1370 4987 1413 5059 de
1431 4994 1541 5078 petra,
1560 4995 1596 5061 et
1613 4989 1740 5063 Sancto

175 5110 353 5187 lliemeli
378 5110 598 5205 Archangelo
626 5113 786 5203 dicatam,
814 5113 912 5184 euius
939 5113 1136 5203 proprietas
1163 5118 1199 5183 et
1217 5110 1357 5183 collatio
1375 5111 1420 5181 ad
1439 5113 1637 5203 episcopum
1656 5111 1741 5184 Ora-

186 5236 381 5325 anensem
407 5237 569 5329 pertinet.
595 5236 635 5307 ln
664 5227 733 5326 qua
759 5240 841 5307 sunt
866 5241 1015 5327 quatuor
1033 5234 1124 5305 lanei
1143 5233 1388 5323 cmotlroualos,
1407 5234 1490 5304 item
1508 5255 1577 5305 uua
1595 5234 1742 5306 taberna

185 5355 390 5451 episcopalis
415 5356 549 5429 babens
576 5378 688 5447 agros,
716 5358 797 5428 item
825 5356 913 5428 duae
940 5357 1108 5429 tabernae
1133 5354 1334 5445 ¹plebanelos
1362 5356 1529 5429 babentes
1558 5378 1669 5449 agrae,
1697 5356 1740 5429 de

185 5480 312 5573 ouibus
339 5480 497 5565 omnibus
524 5479 670 5551 solvitur
698 5486 734 5551 et
761 5479 964 5551 conducitur
988 5479 1126 5551 decima
1152 5478 1378 5569 manipularis
1405 5485 1441 5551 ot
1469 5479 1642 5569 cauupalis
1666 5479 1739 5568 ple·

175 5600 277 5919 ii
302 5606 341 5705 pl
366 5601 568 5675 ecclesiae
559 5623 595 5671 m
620 5601 704 5672 Dal
713 5602 969 5692 yeschrcze
996 5608 1033 5673 ot
1017 5599 1157 5675 tvalor
1184 5601 1258 5671 eius
1286 5601 1489 5672 aestimatur
1507 5601 1551 5671 ad
1570 5621 1630 5671 sex
1648 5620 1739 5669 mar-

250 5724 345 5815 ,vel
377 5727 520 5813 septem.
562 5721 668 5795 Ocius
695 5745 785 5795 nunc
811 5724 980 5814 plebanus
1007 5727 1061 5795 est
1087 5721 1239 5794 Jacobus
1267 5722 1310 5793 de
1346 5720 1519 5793 Lublin
1546 5720 1738 5812 presbyter,

308 5844 449 5917 Domini
487 5846 595 5917 1478
624 5846 668 5915 in
706 5845 793 5935 pede
828 5866 916 5935 uno,
943 5845 1025 5935 qnia
1050 5843 1172 5915 literas
1199 5842 1405 5932 apostolicas
1433 5863 1515 5931 pro
1524 5836 1667 5913 Nicolao
1695 5840 1738 5911 de

183 5964 355 6041 Lublin
382 5969 629 6058 exequebatur,
656 5968 913 6040 cracoviae
939 5986 1003 6056 por
1030 5965 1118 6037 Bart
1119 5966 1335 6037 holomaeum
1363 5963 1488 6034 laicum
1516 5963 1558 6033 de
1586 6016 1735 6032 .....

182 6086 373 6181 mutilatus,
399 6086 600 6179 virbonus
628 6089 721 6183 mitis
749 6095 785 6160 ot
811 6089 992 6159 caritatem
1020 6107 1105 6176 erga
1132 6085 1319 6176 quemlibet
1345 6084 1515 6156 redolens.
1556 6082 1738 6173 Quaelibet

181 6210 331 6285 tabam
355 6211 488 6284 babens
514 6232 628 6302 agros,
655 6210 759 6283 solvit
785 6210 959 6301 plebano.
987 6263 994 6278 .
1023 6232 1048 6278 .:
1076 6209 1188 6297 prima
1213 6208 1360 6278 taberna
1386 6206 1525 6296 plebani
1550 6204 1655 6277 solvit
1672 6226 1735 6294 pro

180 6316 288 6407 ceusu
313 6320 460 6405 alteram
488 6332 665 6404 dimidiam
693 6352 862 6419 marcam3
889 6330 1041 6402 secunda
1067 6329 1213 6400 taberna
1239 6327 1377 6418 plebani
1405 6327 1510 6399 soluit
1536 6346 1600 6415 pro
1629 6345 1733 6396 consu

182 6452 344 6527 similiter
370 6474 474 6527 unam
509 6474 586 6526 cum
613 6453 728 6524 media
753 6472 914 6541 marcam.
953 6450 1042 6522 Item
1070 6450 1216 6523 ecclesia
1242 6456 1278 6522 et
1303 6450 1472 6540 plebanus
1500 6446 1606 6518 hebet
1632 6467 1735 6537 agros

181 6574 344 6669 proprios
376 6575 522 6653 liberos·
542 6580 579 6649 et
612 6580 736 6668 prata,
761 6593 825 6669 pro
853 6593 917 6647 sua
942 6571 1151 6647 necessitate
1179 6578 1216 6645 et
1241 6572 1405 6663 praedio;
1441 6571 1524 6645 item
1553 6569 1659 6641 habet
1685 6568 1734 6641 ibi

285 6743 481 6789 mommsen
1532 6718 1569 6769 ⁶⁸
