4200 8342
258 1604 334 1683 206
441 1676 446 1681 ,

256 1820 435 1893 tabernam
462 1825 498 1893 et
523 1820 734 1917 hortulanos,
762 1820 804 1892 de
832 1821 956 1911 quibus
983 1821 1141 1892 omnibus
1168 1820 1281 1892 datur,
1299 1818 1432 1891 decima
1449 1816 1678 1912 manipularis
1696 1815 1799 1889 eccle-

258 1943 329 2013 siae
356 1942 391 2013 in
418 1942 830 2043 blyslowicc,'cuius
858 1942 955 2013 valor
981 1942 1026 2013 ad
1054 1962 1115 2014 sex
1142 1963 1285 2015 marcas.

358 2063 629 2153 Rnwonowrcn,
657 2064 742 2134 villa
768 2064 831 2135 sub
859 2063 978 2135 eadem
1005 2063 1171 2154 parochia
1198 2064 1518 2154 Luborzycza,
1539 2060 1653 2133 'cuius
1680 2061 1798 2132 haeres

257 2181 413 2272 praefata
439 2183 579 2255 domina
604 2184 781 2275 Hedvigis.
806 2183 848 2255 In
866 2201 935 2275 qua
952 2189 1071 2255 sunt...
1090 2184 1191 2274 lanei,
1220 2182 1263 2254 de
1283 2183 1407 2275 quibus
1425 2183 1532 2254 datur
1547 2182 1684 2254 decima
1700 2183 1803 2252 mani-

258 2304 438 2392 pularis....;
466 2306 548 2391 item
566 2306 755 2396 praedium
782 2306 971 2396 egregium,
998 2305 1091 2396 quod
1108 2305 1217 2376 babet
1233 2325 1336 2395 agros
1354 2304 1538 2394 notabileS,
1565 2303 1748 2375 tabernam
1773 2308 1807 2373 et

250 2425 468 2521 ,hortulanos
494 2427 538 2498 de
565 2428 699 2517 quibus,
726 2448 766 2498 ac
784 2428 888 2501 certis
915 2428 1008 2517 agris
1026 2425 1174 2498 desertis
1202 2426 1354 2499 eiusdem
1382 2424 1524 2517 praedii,
1552 2424 1660 2496 datur
1677 2423 1806 2496 decima

256 2547 481 2639 manipularis
508 2548 553 2619 ad
579 2547 863 2641 Myslowice,
890 2549 987 2621 cuius
1013 2548 1114 2620 valor
1139 2547 1184 2621 ad
1212 2568 1273 2619 sex
1300 2568 1434 2620 marcas
1453 2600 1568 2619 .....
1595 2544 1706 2618 Cuius
1731 2547 1807 2636 qui·

257 2669 335 2741 dem
362 2669 526 2742 ccclesiae
561 2669 771 2760 paroehialis
806 2670 842 2740 in
868 2669 1129 2742 Mislowice
1166 2662 1249 2741 suut
1283 2670 1440 2761 patroni,
1476 2669 1637 2741 dominus
1665 2666 1808 2739 Alexim

258 2790 423 2881 anzo,
458 2769 642 2864 modernus
678 2790 802 2863 haeres
837 2790 1063 2884 Pczynensis,
1099 2792 1232 2881 primns
1268 2790 1415 2863 collator
1442 2786 1485 2862 de
1510 2789 1808 2883 Myslowice,

257 2890 665 3004 dominusJaroczky
691 2912 735 2984 de
761 2910 1259 3004 Sziedlecz,Pogonya
1284 2918 1322 2983 et
1347 2908 1670 3003 Glymuntbow
1689 2929 1809 2982 sccun-

257 3033 332 3123 dus,
358 3035 484 3107 tertius
511 3033 669 3107 domiuus
695 3034 724 3105 Z
733 3035 934 3126 agorsky
967 3034 1010 3105 de
1037 3034 1262 3124 Zagprzc,
1301 3039 1446 3123 quartus
1472 3031 1613 3104 domina
1639 3029 1809 3121 Hedvigie

257 3153 526 3244 Opalcnska
552 3155 595 3225 de
623 3152 846 3226 Gossicze
874 3159 908 3225 et
934 3152 1284 3244 Rauolowiczc,
1325 3161 1362 3224 et
1389 3155 1530 3245 quintus
1556 3152 1720 3224 dominus
1747 3151 1807 3223 Ja-

131 3286 134 3290 ·
260 3276 399 3346 nussius
425 3275 809 3367 Koszmyrowsky
837 3275 879 3347 de
906 3274 1194 3366 Coszmyrow
1219 3274 1396 3347 haeredes.
1421 3274 1510 3346 Item
1528 3272 1687 3365 praefata
1703 3272 1810 3344 eccle-

258 3396 310 3466 sia
336 3396 371 3466 in
399 3396 654 3469 Mislowice
681 3402 717 3468 et
743 3397 851 3487 ipsius
878 3401 1002 3487 rector,
1029 3397 1137 3469 habet
1154 3402 1227 3468 tres
1244 3396 1364 3469 laneos
1390 3417 1452 3468 seu
1477 3414 1628 3467 mansos·
1644 3414 1810 3485 agrorum

255 3523 293 3605 et
320 3518 388 3587 duo
415 3524 533 3607 prata,
569 3540 674 3590 uuum
701 3520 793 3590 circa
818 3519 955 3608 lancos,
992 3524 1027 3590 et
1055 3518 1149 3590 aliud
1176 3538 1351 3609 magnum
1373 3536 1480 3608 penes
1514 3517 1681 3588 maricam
1708 3536 1806 3588 suam

257 3639 442 3728 propriam.
483 3639 568 3710 ltem
596 3640 702 3713 habet
727 3640 867 3712 fluvium
894 3638 1186 3730 Przomscha,
1222 3653 1300 3711 cum
1326 3644 1474 3729 utraque
1500 3638 1579 3728 ripa
1604 3658 1670 3729 per
1695 3642 1812 3708 totam

257 3758 510 3832 haereditatem
537 3760 640 3834 villae
666 3760 915 3852 Szycdlecz
946 3766 983 3833 et
1010 3760 1128 3851 oppidi
1155 3759 1194 3830 M
1203 3760 1444 3851 yslowice3
1481 3760 1565 3832 item
1592 3759 1680 3832 duas
1706 3757 1813 3848 pisci·

257 3901 321 3953 nas
348 3882 516 3973 egregias:
543 3883 685 3973 iusuper
710 3883 818 3955 habet
834 3887 993 3974 'quatuor
1019 3883 1142 3955 hortos
1169 3882 1256 3955 satis
1284 3882 1426 3973 amplos.

359 4003 566 4076 Praebenda
592 4005 627 4075 in
663 4003 922 4077 Mislowice
958 4005 1188 4077 inhonorem
1224 4005 1412 4076 Beatorum
1438 4001 1591 4093 Philippi
1624 4007 1662 4074 et
1687 4001 1814 4074 Jaeobi

256 4123 513 4216 Apostolorum,
540 4145 603 4215 per
629 4126 812 4198 haeredem
831 4133 868 4197 et
886 4126 1071 4216 plebanum
1090 4125 1133 4196 de
1151 4124 1422 4216 Myslowice
1448 4123 1599 4214 lundata,
1627 4128 1693 4214 p‘ro
1711 4123 1813 4196 cuius

255 4246 457 4318 fundatione
485 4247 643 4318 domiuus
670 4247 837 4338 plebanus
865 4246 960 4318 dedit
986 4252 1023 4317 et
1049 4245 1193 4318 donavit
1226 4244 1460 4317 hortulaniam
1496 4264 1593 4316 suam
1619 4245 1813 4335 propriam,

257 4368 292 4437 in
321 4389 389 4456 qua
415 4367 596 4439 aedificata
623 4373 677 4439 cst
703 4368 824 4440 domus
851 4368 1106 4458 praebendarii,
1134 4373 1171 4439 ct
1196 4387 1301 4439 unum
1328 4367 1466 4439 laneum
1493 4366 1569 4456 agri
1596 4384 1676 4437 cum
1707 4372 1812 4456 prato

257 4494 293 4559 et
320 4489 432 4559 tribus
460 4489 619 4577 piscinis:
655 4496 691 4560 et
727 4488 885 4560 domiuus
920 4490 1044 4561 haeres
1080 4490 1124 4561 de
1159 4489 1199 4559 M
1208 4488 1428 4581 yslowice
1463 4487 1560 4559 dedit
1594 4491 1630 4558 et
1666 4487 1814 4560 donavit

169 4636 172 4641 ¹
257 4610 418 4680 similitor
453 4630 558 4681 uuum
593 4609 728 4681 laneum
765 4630 827 4684 seu
852 4631 1008 4681 mansum
1036 4611 1131 4701 agri,
1166 4616 1203 4682 ct
1229 4615 1303 4682 tres
1338 4609 1497 4701 piscinas.
1541 4609 1691 4699 Insuper
1718 4608 1810 4680 idem

259 4731 416 4803 dominus
443 4731 735 4823 Mislowsky,
769 4731 880 4803 eidem
907 4732 1159 4821 praebendario
1195 4752 1259 4821 pro
1286 4735 1442 4821 tempore
1477 4730 1662 4819 existenti,
1697 4730 1810 4801 locum

256 4853 459 4924 aedificandi
485 4852 718 4927 molendinum
746 4873 809 4943 pro
836 4873 900 4924 sua
924 4853 1099 4942 utilitate,
1125 4853 1162 4924 in
1189 4852 1323 4942 piscina
1349 4853 1537 4943 magnoin
1564 4851 1648 4921 villa
1675 4851 1809 4923 Rosc-

257 4974 402 5066 dzyen
429 4976 505 5046 sita.
534 4974 600 5063 Qui
627 4975 764 5065 quidem
792 4974 1063 5064 praebendarius
1090 4980 1229 5045 tenetur
1252 4974 1397 5064 singulis
1426 4973 1628 5063 septimanis
1646 4973 1684 5044 iu
1703 4973 1809 5045 eccle·

256 5096 309 5166 sia
334 5096 491 5185 praelata
518 5097 554 5166 in
580 5097 869 5169 Mislouicze
898 5096 984 5166 duas
1012 5096 1135 5167 missas
1153 5149 1268 5166 .....
1294 5082 1461 5185 'Insuper
1487 5099 1627 5167 tenetur
1654 5094 1810 5184 quolibet

256 5216 345 5287 festo
372 5217 517 5306 celebri,
555 5238 631 5288 esse
658 5220 693 5287 in
722 5217 866 5289 ecclesia
893 5224 929 5289 et
956 5217 1124 5288 interesse
1151 5217 1461 5305 turificationibus,
1498 5236 1640 5287 aecum
1671 5215 1810 5288 domino

256 5336 404 5426 plebano
432 5342 573 5408 cantare
600 5337 824 5426 psalmodiam
851 5339 887 5408 in
915 5338 1070 5428 vesperis
1097 5342 1133 5409 et
1158 5339 1357 5426 matutiniS,
1386 5338 1450 5409 sub
1486 5338 1684 5428 privatione
1709 5337 1811 5427 panis

258 5466 293 5528 et
322 5458 391 5527 vini
420 5459 464 5529 ab
491 5458 637 5530 ecclesia
663 5459 849 5548 praedicta.
876 5458 982 5530 Cuius
1009 5459 1230 5549 praebendae
1257 5460 1441 5531 collatores
1468 5464 1505 5530 et
1523 5458 1672 5550 patroni,
1701 5458 1811 5529 domi-

257 5601 321 5650 nus
349 5579 518 5669 plebanus
545 5601 608 5671 pro
636 5585 792 5670 tempore
819 5581 991 5672 existens,
1018 5586 1055 5652 ct
1081 5580 1240 5653 dominus
1267 5581 1541 5675 Mislowsky
1572 5585 1658 5651 sunt
1685 5585 1722 5651 et
1749 5579 1810 5650 de

255 5700 341 5775 bent
368 5723 452 5774 esso.

529 6068 772 6150 Decanatus
805 6070 858 6150 de
890 6069 1075 6149 dezandz
1109 6091 1219 6150 nunc
1247 6069 1301 6150 de
1336 6070 1528 6152 Lelovla..

955 6308 1130 6378 lnznunz.

359 6428 454 6500 Villa
480 6428 610 6499 babens
637 6428 818 6500 eeclesiam
845 6430 1078 6519 parochialem
1105 6430 1141 6499 in
1170 6450 1207 6502 se
1234 6435 1415 6519 muratam,
1443 6429 1549 6503 Sanct
1572 6485 1687 6501 .....
1716 6432 1812 6505 dica-

125 6536 129 6543 ’
190 6660 193 6665 ἢ
257 6551 434 6643 temper
472 6547 963 6648 Szwantbopelconem
998 6551 1041 6627 dc
1069 6551 1171 6629 domo
1208 6551 1449 6650 vulpium,
1484 6551 1811 6652 euius'proprictas
