4200 8342
1642 1674 1646 1683 ·
1736 1651 1806 1723 125

364 1855 664 1945 Powozowrczm
692 1856 775 1927 villa
802 1857 866 1928 sub
885 1858 1050 1948 parochia
1067 1857 1111 1928 de
1129 1856 1469 1960 Gzyrnyechow
1497 1857 1575 1946 sita
1593 1859 1627 1928 iu
1647 1857 1810 1932 districtu

257 1975 499 2066 Zathoriensi,
526 1977 623 2049 cuius
653 1977 851 2068 proprietas
884 1978 929 2048 ad
955 1979 1203 2050 monasterium
1229 1978 1452 2069 Thynczense
1477 1978 1640 2068 pertinet
1675 1980 1715 2051 ln
1743 2000 1811 2069 qua

256 2082 520 2191 suut'qulnque
545 2097 638 2168 lanei
657 2098 908 2187 'emetbonalea
935 2100 1017 2170 item
1045 2120 1115 2169 una
1140 2099 1288 2182 taberna
1313 2098 1445 2170 habens
1472 2116 1592 2188 agros,
1620 2099 1702 2170 item
1728 2100 1810 2170 hor·

255 2218 429 2308 tulaniae‚
451 2217 660 2308 dequibus
696 2219 853 2289 omnibus
891 2218 1038 2290 solvitur
1074 2225 1110 2290 et
1126 2204 1340 2291 *conducitur
1365 2219 1498 2307 decima
1523 2220 1748 2309 manipularis
1775 2226 1811 2290 et

256 2338 449 2429 canapalis
468 2327 532 2429 pro*
568 2337 724 2411 ecclesia
748 2339 784 2409 in
820 2338 1189 2431 Czyrnyecbow‚·
1216 2347 1265 2411 et·
1287 2326 1400 2412 valor
1421 2341 1496 2421 eius
1532 2340 1736 2422 aestimatur
1763 2338 1808 2410 ad

258 2458 412 2551 quinque
438 2480 591 2532 marcas.
609 2459 696 2530 Item
723 2440 902 2550 praedium
929 2461 1128 2534 coenobiale
1155 2482 1224 2532 uon
1251 2468 1305 2532 est
1331 2461 1389 2532 ibi.

274 2615 278 2621 ¹
363 2579 540 2671 Kanrrnn,
567 2579 651 2674 villa
677 2581 740 2653 snb
768 2582 932 2672 parochia
959 2581 1002 2652 de
1029 2568 1375 2674 Gzyruyech‘on
1403 2582 1480 2672 sita,
1499 2582 1596 2653 cuius
1614 2581 1810 2672 proprietas

258 2701 305 2771 ad
323 2701 582 2773 'monasterium
618 2706 655 2773 et
690 2694 923 2797 praepositum
959 2701 1125 2793 Corporis
1152 2701 1282 2776 Christi
1310 2703 1345 2774 in
1373 2700 1625 2798 Gasimiria
1649 2703 1812 2792 pertinet,

257 2841 323 2912 per
349 2819 558 2913 Gregorium
586 2824 821 2913 praepositum
847 2824 1049 2895 monasterti
1077 2823 1231 2895 eiusdem
1257 2844 1322 2914 pro
1349 2823 1561 2914 sexingentis
1579 2822 1812 2894 marcislato-

256 2939 335 3013 rom
361 2931 565 3034 grossorum
590 2942 817 3034 Prageusiuru
843 2952 908 3034 pro
936 2944 1056 3016 'eodem
1083 2944 1294 3015 monasterio
1322 2948 1447 3035 empta.
1473 2945 1514 3016 In
1534 2965 1603 3035 qua
1620 2948 1701 3033 sunt
1718 2942 1812 3013 lanei

260 3064 507 3154 cuaethonales‚
533 3065 617 3137 item
645 3065 823 3155 praedium
851 3065 1058 3155 coenobiale,
1087 3065 1128 3136 de
1157 3065 1281 3156 quibus
1310 3064 1468 3137 omnibus
1495 3064 1653 3136 solvitur
1668 3069 1705 3134 et
1731 3083 1812 3135 cou-

259 3183 398 3258 ducitur
425 3185 558 3256 decima
583 3185 809 3276 manipularis
836 3192 872 3259 et
899 3187 1076 3277 canapalis
1103 3206 1167 3277 pro
1194 3186 1338 3259 ecclesia
1368 3187 1416 3257 in.
1432 3184 1812 3278 czyernyean0w‚
1944 3228 1949 3235 -

259 3311 297 3380 ct
323 3307 422 3379 valor
448 3306 522 3378 eius
549 3303 754 3383 aestimatur
780 3306 970 3379 addacem
996 3327 1141 3380 marcas.

633 3436 637 3443 '
793 3436 807 3448 ”
888 3422 891 3431 ’
923 3422 1145 3500 'chutrczn

366 3547 461 3619 Villa
488 3547 619 3621 habens
641 3549 824 3622 ecclesiam
852 3524 1084 3638 parochialem
1112 3549 1268 3645 ligneam¹
1287 3548 1324 3623 iu
1346 3568 1384 3619 se
1402 3548 1554 3620 Sancto.
1582 3603 1589 3618 .
1617 3602 1625 3617 .
1653 3548 1812 3638 dicatam,

259 3671 358 3742 cuius
380 3670 591 3761 proprietas
627 3670 671 3741 ad
697 3671 944 3742 monasterium
971 3668 1194 3761 Thynczense
1220 3670 1381 3761 pertinet.
1420 3671 1460 3741 ln
1488 3690 1557 3759 qua
1582 3673 1664 3741 sunt
1689 3690 1812 3741 novem

257 3791 351 3862 lanei
379 3791 610 3862 emethonales
637 3796 674 3862 et
700 3811 823 3864 novem
850 3792 978 3882 virgae,
1006 3792 1089 3862 item
1116 3791 1273 3880 taberna,
1301 3791 1384 3864 item
1411 3789 1640 3879 hortulaniae‚
1668 3790 1710 3862 de
1738 3791 1813 3880 qui-

259 3913 323 3984 bus
360 3912 518 3984 omuibus
554 3911 701 3984 solvitur
727 3913 773 3983 ‘et
808 3912 1012 3984 conducitur
1047 3896 1181 3983 decima
1213 3910 1439 4002 manipularis
1475 3914 1511 3981 et
1546 3899 1721 4013 cenapolis
1747 3932 1811 4000 pro

263 4031 427 4123 episcopo
454 4031 683 4124 Oracovieusi,
711 4038 747 4104 et
772 4033 882 4104 valor-
898 4033 972 4104 eius
998 4033 1206 4103 aestimatur
1233 4015 1281 4104 ad
1305 4032 1421 4117 decem
1448 4051 1591 4103 marcas.
1626 4031 1718 4103 ltem
1745 4052 1813 4102 nou

260 4159 314 4240 est
340 4154 389 4225 ibi
415 4153 596 4244 praedium
623 4154 829 4227 coenobiale.
900 4172 902 4176 ⁴
980 4142 982 4147 ’
1179 4136 1182 4142 ’
1263 4157 1265 4165 “
1675 4141 1678 4151 ’

376 4272 575 4347 Gronzn'cz
610 4275 694 4347 villa
730 4276 794 4346 sub
829 4276 997 4365 parocbia·
1029 4274 1072 4346 de
1108 4274 1355 4367 Rigulicze
1383 4275 1468 4365 sita,
1486 4275 1592 4347 auius
1617 4274 1816 4365 proprietas

259 4396 303 4469 cd
330 4397 576 4468 monasterium
604 4386 829 4488 Thynczense'
852 4397 1027 4488 pertinet
1041 4394 1080 4466 In
1109 4417 1177 4487 qna
1203 4399 1285 4468 sunt
1310 4395 1468 4499 undecim
1487 4410 1573 4473 ¹cnm
1590 4393 1704 4468 medio
1721 4395 1815 4466 lanei

261 4517 505 4607 cmctbonales‚
533 4518 615 4588 item
641 4518 817 4608 tabernae,
835 4518 929 4589 ‘item
952 4517 1186 4607 *hortulaniae
1213 4517 1256 4589 de
1284 4504 1408 4607 quibus
1436 4504 1594 4591 omnibus
1613 4516 1760 4588 solvitur
1779 4521 1815 4587 et

260 4638 467 4711 conducitur
502 4637 636 4710 decima
670 4639 896 4730 manipularis
933 4644 968 4710 et
1003 4639 1176 4728 canapalis
1203 4660 1267 4729 pro
1295 4634 1505 4711 monasterio
1520 4636 1748 4731 ·Thynczeusi
1775 4642 1815 4708 et

259 4759 345 4832 daut
372 4759 500 4850 triplex
527 4780 674 4850 granum
700 4782 764 4850 pro
792 4781 833 4831 eo
861 4760 903 4832 dc
930 4760 1041 4850 laneo,
1068 4759 1231 4831 videlicet
1248 4758 1334 4831 duas
1353 4754 1708 4848 mensuras‘siliginia
1728 4758 1815 4830 duas

258 4881 377 4971 tritici,
404 4887 441 4953 et
468 4881 553 4952 duas
580 4901 720 4953 avenae.
751 4881 839 4952 Item
866 4887 919 4953 est
945 4881 995 4952 ibi
1021 4881 1201 4972 praedium
1230 4881 1452 4979 coenobiale,
1475 4881 1518 4952 de
1540 4895 1622 4970 'quo'
1640 4884 1813 4950 monaste-

260 5001 348 5074 rium
384 5000 471 5073 nulli
506 5001 673 5075 decimam
711 5002 832 5092 solvit,
859 5001 920 5073 sed
955 5023 1019 5093 pro
1056 5023 1094 5074 se
1130 5020 1205 5073 eam
1241 5002 1344 5074 tollit.
1382 4991 1470 5074 Item
1498 5000 1657 5074 scoltetia
1683 5005 1738 5072 est
1764 4999 1814 5072 ibi
1876 5014 1880 5020 ·

260 5123 393 5197 babens
422 5123 508 5195 duos
535 5123 664 5213 laneos,
691 5122 734 5211 de
762 5123 886 5214 quibus
914 5122 1071 5194 decimat.

321 5258 326 5267 '
557 5341 561 5347 ⁵
818 5258 822 5263 '
907 5244 1189 5317 Larscurczn.'

361 5365 458 5437 Villa
493 5364 625 5437 habens
649 5364 841 5437 ecclesiam
878 5366 1111 5456 parochialem
1148 5366 1182 5436 in
1219 5385 1269 5437 se·
1292 5365 1417 5448 honori
1448 5363 1655 5437 Natiuitatis
1683 5365 1816 5438 Beatae

261 5484 395 5558 Mariae
423 5486 580 5577 Virginis
607 5485 774 5576 dicatam,
803 5507 905 5576 quarn
941 5474 1131 5559 casimirus
1168 5485 1345 5558 Secundus
1380 5486 1548 5560 Poloniae
1583 5508 1646 5559 rex
1683 5486 1816 5578 quadro

261 5606 393 5698 lapide,
421 5607 565 5697 pulchro
599 5614 635 5679 et
654 5613 872 5698 sumptuoso
909 5629 1014 5699 opere
1042 5607 1251 5699 fabricavit,
1285 5608 1381 5680 cuius
1409 5608 1605 5699 proprietas
1633 5613 1669 5679 et
1696 5609 1812 5697 inspa-

262 5732 422 5800 tronatus
455 5729 499 5800 ad
534 5729 695 5801 abbatem
731 5733 767 5800 et
801 5730 1047 5832 monasterium
1084 5726 1319 5820 Thyncziense
1355 5730 1515 5821 pertinet.
1555 5730 1596 5799 ln
1631 5750 1701 5821 qua
1736 5738 1818 5803 sunt

259 5849 409 5939 triginta
448 5847 539 5920 lanei
581 5850 832 5940 emethonales,
868 5850 911 5922 de
952 5871 1099 5942 quornm
1138 5850 1324 5924 medietate
1360 5851 1507 5923 solvitur
1542 5855 1578 5922 et
1613 5851 1817 5924 conducitur

262 5950 395 6042 decima
430 5969 656 6060 manipularis
690 5975 727 6043 et
754 5972 927 6062 canapalis
953 5991 1018 6062 pro
1046 5971 1149 6043 altari
1176 5969 1295 6043 Sancti
1322 5970 1579 6062 christopheri,
1607 5971 1643 6042 in
1670 5972 1818 6046 ecclesia

232 6082 501 6182 'Gracoviensi,
529 6098 565 6165 et
592 6091 691 6163 valor
718 6092 793 6163 eius
821 6075 1026 6165 aestimatur
1053 6093 1098 6164 ad
1125 6093 1320 6183 quindecim
1347 6113 1491 6163 marcas.
1518 6093 1606 6164 Item
1635 6092 1678 6164 de
1705 6094 1816 6166 altera

260 6212 450 6284 medietate
477 6212 624 6285 solvitur
650 6212 755 6284 etiam
782 6218 819 6285 et
841 6212 1043 6286 conducitur
1070 6213 1203 6285 decima
1228 6212 1455 6303 manipularis
1487 6219 1523 6285 et
1549 6214 1725 6314 canapalis
1752 6237 1815 6306 pro

261 6334 406 6407 ecclesia
433 6337 469 6404 et
495 6333 642 6423 plebano
669 6334 705 6404 in
732 6334 1029 6425 Lapschioze‚
1057 6334 1156 6406 valor
1183 6334 1227 6405 ad
1253 6335 1366 6406 minus
1386 6333 1535 6408 sedecim
1562 6356 1764 6407 marcarum.

364 6453 564 6544 Carmen,
591 6455 675 6527 villa
701 6454 766 6528 sub
792 6455 959 6549 parochia
985 6456 1027 6527 de
1054 6455 1356 6546 Lapsohyeza
1383 6456 1469 6547 sita,
1497 6457 1593 6528 cuius
1619 6457 1816 6549 proprietas
1930 6532 1940 6559 ,-

261 6574 304 6651 ad
328 6576 582 6650 monasterium
607 6576 830 6674 Thynczense
855 6578 1015 6672 pertinet.
1041 6577 1083 6651 Iu
1111 6598 1179 6674 qua
1197 6583 1278 6653 sunt
1297 6585 1448 6675 quatuor
1465 6579 1557 6657 lanei
1575 6579 1820 6683 auctionales,
1886 6618 1892 6632 ·
