4200 8342
1735 1672 1805 1751 191
1832 1618 1834 1622 ¹

259 1870 438 1963 perceptio
466 1866 618 1947 decimae
645 1869 908 1967 diversificatum
935 1898 1014 1949 nam
1042 1871 1085 1951 de
1103 1874 1289 1952 medietate
1316 1876 1418 1954 villae
1445 1887 1481 1954 et
1507 1878 1650 1974 praedii,
1677 1881 1808 1956 decima

258 1994 488 2085 manipularis
514 1996 663 2068 solvitur
689 1997 855 2069 ecclesiae
882 1999 917 2069 in
944 1997 1214 2091 Szemunya,
1246 2008 1282 2073 et
1308 2003 1407 2074 valor
1433 2004 1506 2076 eius
1534 2005 1736 2075 aestimatur
1762 2006 1806 2076 ad

260 2119 410 2205 quatuor
434 2132 580 2206 marcas,
607 2116 649 2187 de
677 2118 788 2188 altera
814 2123 926 2189 autem
942 2110 1139 2222 'medietate
1166 2142 1328 2211 agrorum
1355 2128 1391 2193 et
1420 2123 1553 2212 praedii
1581 2125 1807 2195 solvitur

365 2233 637 2326 Gawscniczn,
671 2238 755 2308 villa
782 2240 846 2311 sub
872 2240 1038 2329 parochia
1065 2241 1107 2311 de
1143 2239 1397 2333 Szemunya
1432 2244 1517 2333 sita,
1554 2245 1651 2315 cuius
1682 2245 1805 2315 haeres

259 2376 326 2445 pro
352 2356 467 2427 media
491 2361 591 2445 parte
617 2348 794 2429 lohannes
822 2350 1207 2450 Szestrzonyccz,
1235 2366 1271 2431 et
1297 2382 1360 2449 pro
1384 2361 1495 2433 altera
1520 2368 1619 2451 parte
1637 2362 1806 2435 Matthias

257 2470 497 2566 Mokrsky.
523 2476 581 2546 ''In
605 2497 676 2567 qua
703 2483 784 2548 suut
810 2484 887 2549 octo
913 2479 1005 2549 lanei
1032 2480 1279 2570 cmethoualeS,
1306 2488 1342 2551 et
1369 2480 1437 2552 duo
1464 2483 1607 2571 praedia
1633 2469 1807 2572 militaria,

259 2602 296 2667 et
322 2597 515 2668 decimatur
541 2597 752 2688 episcopatui
771 2596 1002 2688 cracoviensi,
1030 2599 1073 2670 de
1092 2600 1185 2688 agris
1204 2601 1433 2689 cmethonum3
1460 2601 1503 2672 de
1521 2622 1588 2672 uno
1607 2622 1690 2673 vero
1708 2616 1808 2692 prae-

258 2718 319 2788 dio
346 2716 489 2787 militari
515 2722 552 2788 et
577 2739 646 2788 nno
673 2738 758 2808 agro
785 2719 1002 2809 cmethouali‚
1030 2740 1093 2809 pro
1121 2720 1267 2790 ecclesia
1293 2722 1328 2791 in
1356 2719 1628 2812 Szemunya‚
1656 2729 1692 2793 et
1710 2723 1809 2794 valor
1856 2737 1863 2745 ·

259 2838 336 2908 eius
363 2837 537 2908 adunam
563 2857 724 2909 marcam.

364 2956 679 3047 Donusnnwrcza,
695 2957 790 3028 ¹villa
816 2960 880 3029 sub
907 2960 1073 3048 parochia
1098 2957 1141 3030 de
1168 2958 1421 3052 Szemuuyc
1447 2962 1532 3050 sita,
1560 2962 1656 3032 cuins
1683 2963 1806 3034 haeres

259 3076 456 3150 Stanislaus
481 3068 672 3167 Ruusny
707 3078 877 3149 dedomo
912 3078 1104 3168 Pylawa.
1148 3079 1188 3148 In
1216 3101 1285 3170 qua
1316 3085 1397 3151 sunt
1425 3081 1681 3169 quatuordecim
1716 3082 1808 3153 lanei

258 3198 514 3286 cmethouales,
549 3197 743 3286 dequibus
779 3198 926 3268 solvitur
961 3198 1094 3270 decima
1129 3199 1318 3288 pecunialis
1356 3199 1398 3270 (1(
1426 3200 1580 3290 quolibet
1614 3202 1714 3272 laneo
1746 3222 1807 3273 sex

256 3320 373 3409 grossi
400 3319 475 3408 lati,
515 3337 579 3406 pro
607 3316 767 3407 episcopo
794 3316 1033 3407 Gracoviensi3
1073 3320 1155 3389 item
1184 3340 1246 3409 pro
1273 3318 1425 3389 masalma
1461 3320 1624 3392 eeclesiae
1651 3322 1687 3391 in
1719 3320 1807 3392 Sze-
1907 3350 1910 3354 >

258 3460 441 3530 munya,
468 3460 538 3509 nna
562 3459 724 3509 mensura
750 3438 898 3528 siliginis
925 3444 962 3510 (1
988 3458 1057 3509 una
1082 3457 1222 3529 avenae,
1248 3439 1291 3509 de
1319 3440 1472 3529 quolibet
1499 3442 1608 3511 laneo.

366 3559 687 3648 Buzuruowrczu,
716 3559 798 3629 villa
825 3560 889 3629 sub
915 3560 1082 3649 parochia
1108 3559 1150 3630 de
1178 3559 1563 3652 Thargoschycze
1590 3563 1675 3650 situ,
1710 3562 1807 3633 cuius

258 3681 456 3770 proprietas
483 3679 528 3749 ad
553 3679 789 3768 episcopatum
817 3677 1080 3750 Craooviensem
1106 3680 1227 3750 totalis
1254 3681 1415 3771 pertinet.
1451 3680 1492 3751 In
1519 3702 1588 3771 qua
1614 3687 1696 3752 sunt
1723 3702 1807 3771 qua-

259 3807 345 3871 tuor
373 3800 466 3870 lanei
499 3798 733 3870 cmethouales
769 3804 804 3869 et
831 3819 900 3869 una
935 3799 1151 3889 hortulania,
1191 3800 1385 3890 dequibus
1422 3801 1579 3871 omnihus
1616 3801 1809 3872 decimatur
1819 3790 1824 3821 ²

259 3921 427 3993 ecclesiae
454 3921 489 3990 in
515 3919 784 4009 Saemunya‚
812 3925 848 3990 et
874 3920 972 3990 valor
998 3920 1073 3991 eius
1096 3921 1300 3992 aestimatur
1319 3920 1364 3991 ad
1382 3927 1532 4010 quatuor
1559 3942 1701 3992 marcas.
1729 3922 1806 3992 Non

259 4048 316 4113 est
343 4042 390 4113 ihi
417 4027 596 4131 praedium
624 4038 773 4130 aliquod,
800 4059 910 4129 neque
938 4040 1115 4111 scultetus.

367 4162 593 4250 Luarnnnr,
627 4159 711 4230 uilla
738 4160 803 4231 sub
828 4161 993 4249 parochia
1019 4161 1062 4231 (1(
1090 4160 1341 4251 Szemnnya
1367 4162 1452 4250 sita,
1488 4161 1584 4232 cuius
1610 4162 1807 4252 proprietas

259 4283 306 4354 ad
333 4284 530 4373 episcopum
557 4280 821 4351 Oracovieusem
847 4282 1006 4370 pertinet.
1033 4282 1073 4352 In
1094 4302 1162 4371 qua
1180 4288 1261 4352 sunt
1287 4287 1419 4370 septem
1445 4281 1537 4353 lanei
1565 4273 1807 4371 cmethouales,

260 4404 304 4474 de
331 4403 456 4493 quibus
483 4400 629 4473 solvitur
664 4393 797 4472 decima
824 4400 987 4473 ecclesiae
1014 4401 1057 4472 de
1083 4401 1376 4491 Szandczow‚
1412 4408 1448 4473 et
1474 4402 1572 4473 valor
1599 4403 1673 4473 eius
1701 4402 1807 4473 aesti-

260 4529 377 4595 matur
403 4522 448 4594 ad
475 4523 625 4612 quinque
646 4540 795 4592 marcas.
1162 4508 1166 4513 ’
1610 4532 1612 4538 ·

320 4694 324 4699 -
365 4643 669 4732 summoturum,
696 4642 779 4713 villa
806 4643 870 4712 suh
888 4640 1052 4732 parochia
1079 4642 1122 4712 de
1149 4640 1395 4732 Szemunya
1421 4643 1498 4732 sita,
1525 4642 1739 4732 episcopalis.
1766 4643 1806 4713 In

260 4764 399 4855 quade
427 4769 559 4854 septem
585 4762 694 4832 laneis
721 4762 994 4833 cmethoualihus
1021 4757 1213 4832 decimatur
1238 4783 1302 4851 pro
1321 4763 1481 4850 episcopo
1508 4762 1736 4850 Cracoviensi,
1764 4762 1806 4832 de

260 4886 374 4957 tribus
402 4869 492 4956 vero
511 4882 664 4973 praediis
690 4882 899 4954 militaribus
927 4882 1105 4972 videlicet,
1140 4880 1322 4970 Stanislai,
1357 4880 1503 4952 Martini
1530 4888 1566 4952 et
1592 4881 1710 4970 Pauli,
1741 4880 1810 4970 pro'

262 5007 409 5107 ecclesia
435 5007 470 5076 iu
496 5003 757 5092 Szemunya.
1392 5068 1395 5075 .

364 5124 686 5217 Mrsztnowueza,
713 5123 795 5195 uilla
822 5124 865 5195 de
886 5124 1051 5216 parochia
1079 5123 1346 5211 Szemunya,
1373 5120 1471 5192 cuius
1488 5121 1612 5193 haeres
1629 5119 1806 5192 lohannes

264 5246 579 5337 Myslkowsky
606 5244 648 5314 de
675 5244 776 5316 dumo
807 5245 1010 5335 Pylawa3
1046 5245 1138 5314 lanei
1173 5243 1290 5313 decem
1326 5241 1577 5331 cmethoualeS,
1613 5242 1655 5313 (1(
1683 5243 1807 5332 quibus

264 5367 453 5437 decimatur
479 5364 641 5455 episcopo
668 5354 897 5436 Cracoviensi.

911 5484 1166 5556 Gozrunnowr.

366 5606 539 5699 Oppidum
567 5611 603 5677 (1
629 5612 782 5678 castrum
808 5607 845 5677 in
872 5611 968 5677 terra
993 5605 1255 5696 Syewyeriensi,
1290 5604 1422 5675 habeus
1449 5603 1484 5675 in
1512 5624 1548 5675 se
1575 5602 1808 5694 parochialem

265 5729 452 5818 eeclesiam,
479 5747 605 5816 corpus
632 5727 792 5817 ligneum,
821 5726 960 5798 chorum
988 5728 1070 5798 ver'o
1098 5732 1269 5824 muratum
1297 5725 1490 5814 habentem,
1517 5728 1552 5794 et
1579 5724 1808 5794 inhonorem

265 5848 427 5940 Corporis
450 5848 580 5920 Christi
599 5846 758 5937 dicatam,
786 5849 882 5919 ouius
906 5848 1028 5919 haeres
1047 5845 1224 5917 lohannes
1251 5843 1617 5935 Ouzyeglowsky
1644 5843 1806 5913 dedomo

264 5969 496 6062 Vulpium3
524 5970 621 6041 cuius
639 5970 803 6041 ecclesiae
821 5969 987 6060 plebanus
1006 5966 1265 6038 Suanthoslaus
1293 5965 1337 6036 (1(
1363 5963 1554 6035 Potholr.
1580 5962 1621 6031 In
1639 5982 1707 6051 quo
1725 5969 1807 6032 sunt

263 6090 350 6163 lanei
378 6090 652 6182 oppidanorum,
686 6090 730 6160 de
758 6090 881 6181 quibus
909 6088 1056 6160 solvitur
1084 6087 1216 6157 decima
1241 6084 1429 6174 pecunialis
1457 6082 1499 6153 (1(
1527 6082 1682 6173 quolibet
1707 6081 1807 6152 laneo

263 6232 322 6301 per
349 6218 431 6285 octo
456 6231 598 6302 grossos
624 6210 716 6282 latos
742 6209 945 6301 Pragenms
972 6208 1224 6298 praebendario
1251 6205 1286 6274 in
1312 6204 1604 6293 Pelcznicza,
1622 6207 1659 6291 (1
1676 6222 1807 6273 summa

203 6330 207 6335 '
262 6330 343 6404 tacit
370 6333 457 6404 duas
483 6344 626 6404 marcas.
653 6332 739 6402 Item
767 6330 973 6402 eeclesiaet
999 6328 1167 6418 plebanus
1194 6328 1229 6396 in
1256 6324 1551 6417 Cozyeglowi
1587 6323 1693 6394 habet
1718 6321 1818 6423 duos·

263 6453 379 6526 laneos
405 6474 470 6544 pro
497 6453 641 6544 praedio
667 6474 738 6544 suo,
767 6456 803 6523 et
828 6456 930 6540 prata
956 6455 992 6520 et
1017 6449 1166 6519 hortum.
1209 6444 1298 6517 Item
1324 6445 1368 6517 (1(
1395 6445 1564 6537 quolibet¹
1579 6442 1679 6547 laneo
1706 6438 1844 6534 appi-te-

263 6570 433 6648 duuurum
458 6570 758 6675 hubetplchanus
785 6590 888 6643 unam
914 6588 1109 6647 mensuram
1137 6565 1284 6657 siliginis
1303 6571 1346 6638 ’(1
1372 6566 1517 6641 alteram
1544 6578 1683 6657 avenae.
1715 6563 1863 6671 lup,
1905 6594 1909 6607 ·
