4200 8342
214 1634 220 1645 “
257 1620 327 1692 116

255 1831 429 1914 tabernae,
457 1825 537 1893 item
556 1798 782 1908 hortulauiae,
810 1818 853 1888 de
881 1818 1004 1908 quibus
1024 1817 1182 1888 omnihus
1210 1816 1358 1887 solvitur
1385 1822 1422 1886 et
1439 1815 1643 1888 conducitur
1670 1818 1799 1889 decima

254 1945 477 2038 manipularis
504 1948 540 2014 et
567 1939 741 2030 oanapalis
775 1960 839 2028 pro
876 1938 1095 2014 monasterio,
1124 1935 1360 2028 Gzyrzicensi,
1394 1937 1492 2008 cuius
1527 1938 1628 2009 valor
1658 1937 1705 2008 ad
1729 1943 1798 2008 tres

255 2088 397 2143 marcas.
423 2066 512 2136 Item
538 2060 718 2153 praedium
745 2059 952 2130 coenobiale.
997 2118 1002 2130 .

359 2187 605 2271 Pooonzauu,
642 2181 725 2251 villa
760 2180 824 2250 suh
860 2179 1025 2268 parochia
1057 2177 1103 2269 de
1131 2176 1253 2248 Gora
1279 2177 1366 2268 sita,
1401 2179 1499 2250 cuins
1533 2179 1732 2268 proprietas
1758 2178 1800 2250 ad

256 2307 501 2382 monasterinm
530 2301 772 2392 Gzprziczense
798 2300 959 2389 pertinet.
995 2299 1035 2369 ln
1056 2320 1124 2388 qua
1142 2304 1224 2369 sunt
1242 2298 1309 2370 duo
1327 2299 1420 2370 lanei
1447 2298 1694 2387 cmethonales‚
1721 2299 1799 2369 item

257 2432 432 2520 tabernae,
459 2426 543 2496 item
569 2421 797 2509 hortulaniae,
824 2419 866 2490 de
894 2419 1017 2510 quihus
1044 2419 1204 2491 omnibus
1232 2420 1378 2491 solvitur
1394 2425 1432 2490 et
1449 2419 1655 2502 conducitur
1672 2420 1800 2490 decima

257 2547 482 2639 manipularis
508 2551 546 2615 et
571 2541 756 2631 oanapalis,
782 2540 954 2617 medietas
968 2561 1031 2629 pro
1050 2540 1260 2622 monasterio
1287 2538 1596 2629 Sreczec'hoviensi,
1623 2546 1661 2611 et
1677 2540 1799 2613 medie-

262 2680 318 2743 tas
344 2690 407 2760 pro
434 2663 643 2744 monasterio
670 2660 925 2752 Czyrziczensi,
953 2666 989 2732 et
1015 2660 1115 2731 valor
1140 2660 1215 2737 eius
1229 2660 1287 2731 -ad
1306 2666 1387 2731 eres
1408 2660 1619 2739 aestimatur
1643 2681 1784 2732 marcas

362 2787 577 2872 GonusoHA,
603 2781 781 2872 praedium
808 2780 1009 2851 monasterii
1035 2779 1291 2872 Czyrziczcnsis
1317 2778 1469 2870 amplum
1496 2774 1533 2850 et
1547 2778 1743 2870 fecundum,
1767 2781 1799 2850 in

259 2919 334 2984 tres
353 2927 491 2997 campos
509 2904 667 2991 divisum,
694 2902 759 2973 suh
781 2902 946 2990 parochia
973 2902 1015 2972 de
1043 2899 1163 2972 Gora
1178 2901 1287 2974 iuxta
1305 2900 1551 2972 monasterinm
1578 2899 1799 2993 Czyrzicense
1859 2973 1863 2981 ,

262 3035 376 3120 situm,
411 3029 454 3100 de
481 3026 578 3097 cuins
604 3024 698 3113 agris
724 3023 971 3093 monasterinm
997 3022 1083 3095 nulli
1111 3021 1216 3093 solvit
1242 3021 1427 3111 decimam,
1452 3021 1524 3108 ,sed
1549 3022 1646 3093 illam
1676 3044 1742 3112 pro
1767 3042 1800 3092 se

259 3152 353 3224 tollit
378 3156 414 3221 et
440 3149 475 3218 in
501 3147 665 3217 horreum
692 3164 792 3214 suum
818 3142 960 3216 inducit.
1762 3163 1764 3166 ·

365 3269 553 3354 Szmunar,
579 3263 663 3335 villa
689 3264 753 3336 sub
780 3262 946 3351 parochia
971 3262 1015 3334 de
1042 3261 1163 3334 Gora
1178 3262 1267 3352 sita,
1294 3264 1392 3334 cuius
1409 3261 1607 3353 proprietas
1625 3261 1672 3332 ad
1689 3283 1800 3332 mona·

262 3390 409 3483 sterium,
433 3385 676 3477 Gzyrziczense
703 3382 864 3473 pertinet.
900 3383 940 3452 ln
969 3403 1037 3473 qua
1054 3404 1124 3454 non
1151 3388 1232 3477 suut
1257 3383 1348 3454 lanei
1375 3383 1620 3470 cmethonales‚
1646 3382 1710 3453 sed
1728 3370 1802 3452 sunt

264 3510 339 3601 agri
365 3509 532 3579 hahentes
558 3508 660 3593 prata
687 3504 821 3574 intres
848 3503 1065 3575 hortulanias
1092 3503 1257 3593 distincti,
1284 3503 1327 3576 de
1354 3504 1479 3594 quibus
1506 3502 1655 3575 solvitur
1673 3509 1710 3574 et
1728 3523 1802 3575 eon·

263 3630 400 3702 ducitur
427 3625 559 3697 decima
584 3622 808 3713 manipularis
834 3644 897 3713 pro
917 3677 924 3693 .
943 3677 950 3692 .
970 3677 1003 3693 ..
1246 3713 1247 3718 ἵ

900 3743 1170 3815 Nrnoomrncz.
1403 3842 1405 3847 Ι

368 3868 463 3939 Villa
489 3866 621 3937 habens
648 3865 749 3935 inse
775 3864 1007 3955 parochialem
1034 3864 1214 3937 ecclesiam
1245 3865 1392 3940 Sanctae
1409 3865 1544 3938 Mariae
1568 3866 1804 3958 Assumptioui
1848 3867 1851 3871 ’

167 3995 169 4001 ’
265 3991 432 4076 dicatam,
460 3987 561 4071 euius,
582 3986 706 4057 haeres
732 3985 910 4057 Johannes
937 3984 1327 4078 Nyewyarowsky
1354 3987 1397 4057 de
1425 3987 1805 4060 armisPolakoza

135 4201 137 4204 Ι
267 4099 307 4181 ln
335 4130 403 4200 qua
430 4114 512 4179 sunt
537 4106 627 4177 lanei
655 4106 897 4194 cmethonales‚
923 4106 1006 4177 item
1033 4107 1217 4197 tabernae,
1243 4107 1327 4177 item
1353 4107 1587 4200 hortulaniae,
1616 4108 1660 4179 de
1688 4108 1806 4199 quibus

237 4244 238 4248 ’
266 4232 423 4304 omnibus
451 4228 598 4307 solvitur
614 4233 660 4298 et
685 4227 890 4299 conducitur
925 4227 1058 4299 decima
1083 4227 1310 4317 manipularis
1337 4234 1374 4299 et
1400 4229 1576 4318 oanapalis
1612 4251 1678 4319 pro
1698 4283 1807 4299 .....

264 4354 353 4422 Item
379 4356 434 4421 est
469 4349 517 4424 ihi
543 4347 721 4440 praedium
757 4347 926 4436 militare,
961 4348 1005 4418 de
1032 4335 1142 4419 cuius
1157 4348 1252 4438 agris
1287 4348 1478 4420 decimatur
1513 4369 1576 4438 pro
1603 4351 1808 4421 ecelesiain

269 4472 590 4562 Nyegowyeca
616 4464 703 4539 lte'm
731 4468 780 4539 ibi
807 4468 914 4539 hahet
940 4468 1087 4540 ecclesia
1107 4473 1144 4539 et
1162 4469 1330 4567 plebanus
1356 4469 1517 4559 proprios
1545 4491 1648 4561 agros
1675 4471 1809 4559 liberos

266 4612 330 4682 pro
357 4612 420 4662 suo
446 4588 588 4679 praedio
616 4609 685 4658 usu
708 4593 743 4658 ct
768 4589 984 4680 necessitato.
1068 4642 1071 4648 ,
1165 4664 1170 4672 ,

368 4711 557 4782 Wrnuncz
596 4709 679 4779 villa
705 4710 769 4782 sub
796 4711 962 4799 parochia
1001 4710 1043 4781 de
1079 4710 1111 4781 N
1121 4730 1395 4803 yegowyecz
1432 4712 1517 4801 sita,
1552 4711 1651 4783 cuius
1687 4714 1810 4784 haeres

267 4836 445 4907 lohannes
472 4830 858 4923 Nyewyarowsky
894 4831 937 4901 de
963 4831 1065 4903 domo
1089 4831 1347 4909 Polukoza.
1393 4833 1433 4905 In
1461 4854 1530 4923 qua
1557 4838 1639 4904 sunt
1666 4839 1813 4925 quatuor

267 4978 343 5027 oum
370 4954 483 5025 medio
510 4952 602 5023 lanei
629 4951 871 5040 cmethonales‚
899 4952 981 5022 item
1008 4974 1078 5025 una
1103 4953 1250 5024 taberna
1275 4953 1370 5028 dicta
1396 4955 1542 5028 Uscze
1569 4959 1670 5027 antra
1697 4955 1813 5026 villam

267 5076 507 5148 interluvies
534 5074 698 5144 Rabam
727 5079 763 5143 et
789 5072 1065 5163 Stradomya
1091 5074 1169 5164 sita,
1195 5074 1327 5145 habens
1346 5096 1449 5165 agros
1472 5075 1648 5165 speciales,
1677 5076 1720 5146 de
1740 5077 1813 5167 qui·

267 5200 332 5269 bus
360 5196 517 5266 omnihus
554 5194 701 5268 solvitur
737 5200 773 5264 et
800 5193 1004 5264 conducitur
1040 5194 1172 5265 decima
1206 5195 1431 5285 manipularis
1467 5202 1504 5266 et
1538 5195 1715 5286 oanapalis
1751 5216 1813 5286 pro

188 5344 190 5348 ·
268 5315 477 5407 praebenda,
501 5320 536 5384 et
563 5315 765 5387 canonicatu
793 5314 1026 5404 cracoviensi,
1063 5334 1151 5404 quae
1177 5321 1322 5386 vocatur
1347 5315 1624 5408 Roszyeiowska,
1650 5322 1688 5387 et
1717 5317 1815 5388 valor
1851 5336 1857 5342 ·

269 5439 342 5511 eius
369 5435 571 5505 aestimatur
598 5433 642 5504 ad
670 5433 787 5504 decem
814 5455 957 5504 marcas.
983 5435 1072 5505 ltem
1091 5441 1144 5506 est
1170 5436 1222 5507 ibi
1246 5457 1352 5506 unum
1378 5437 1558 5526 praedium
1585 5437 1747 5527 militare,
1773 5437 1815 5508 de

271 5559 368 5630 cuins
395 5556 489 5647 agris
518 5554 664 5627 solvitur
699 5554 831 5624 decima
858 5555 1082 5645 manipularis
1109 5556 1273 5628 eeclesiae
1300 5565 1338 5631 et
1363 5557 1510 5647 plebano
1542 5558 1615 5628 eius
1642 5558 1680 5628 in
1706 5558 1740 5628 N
1749 5579 1816 5650 ye-

268 5700 500 5771 gowyeoz,
528 5682 564 5747 et
591 5675 690 5746 valor
717 5673 792 5746 eius
818 5676 862 5748 ad
887 5675 974 5747 duas
1000 5696 1136 5747 marcas
1164 5678 1377 5755 aestimatur.

373 5800 636 5886 Parmenonem,
664 5797 746 5866 villa
774 5797 837 5868 sub
865 5797 1030 5886 parochia
1056 5797 1099 5868 de
1126 5798 1440 5890 Nyegowyeez
1467 5800 1544 5890 sita,
1572 5800 1669 5871 cuius
1696 5800 1817 5871 haeres

269 5923 462 5994 Stanislaus
490 5918 839 6009 Marschouslry
867 5918 910 5988 de
938 5919 1045 5991 armis
1071 5918 1315 5990 Polukoza.
1341 5921 1382 5990 ln
1410 5941 1479 6011 qua
1505 5926 1586 5991 sunt
1611 5920 1703 5991 lanei
1730 5941 1817 5998 anre·

270 6042 445 6130 thonales,
482 6042 564 6111 itera
591 6039 775 6127 tabernae,
803 6038 846 6108 de
874 6038 998 6127 quibus
1026 6039 1184 6110 omnibus
1221 6038 1367 6127 solvitur
1391 6046 1433 6111 et
1455 6041 1660 6112 conducitur
1687 6041 1818 6113 decima

276 6161 500 6249 manipularis
536 6165 573 6230 ot
607 6159 784 6248 campalis
819 6179 883 6250 pro
916 6159 1121 6230 canonicatu
1156 6166 1193 6230 et
1227 6140 1426 6249 praehenda
1458 6160 1699 6251 Orneoviensi,
1734 6181 1819 6252 quae

274 6286 418 6354 vocatur
445 6280 727 6370 ltosszeyowslra,
754 6280 850 6350 cuius
877 6279 975 6350 valor
1002 6280 1045 6349 ad
1073 6300 1131 6351 sex
1160 6300 1294 6355 marcas
1321 6282 1533 6352 aestimatur.
1575 6281 1665 6352 Item
1692 6289 1747 6354 est
1771 6281 1818 6353 ihi

272 6424 377 6474 unum
414 6401 593 6491 praedium
632 6400 799 6503 militaro,
835 6400 878 6472 de
907 6401 1003 6471 cuius
1027 6402 1124 6500 agris
1160 6401 1352 6472 decimatur
1387 6403 1554 6475 ecclesiae
1586 6403 1622 6472 in
1650 6403 1684 6473 N
1692 6376 1819 6495 yegu-

274 6542 444 6616 uyecz,
468 6526 509 6596 'et
534 6519 633 6595 valor
659 6520 734 6592 eius
761 6522 962 6595 aestimatur
988 6521 1031 6594 ad
1060 6522 1145 6595 duas
1172 6543 1315 6613 mareas.
