4200 8342
246 1689 250 1698 ·
289 1649 366 1725 300

289 1860 461 1932 Stanislao
478 1858 719 1950 S'ykorsky
744 1859 781 1927 et
799 1853 988 1926 Laurentio
1007 1851 1335 1941 Wawrzaazek,
1353 1848 1582 1922 familiaribus
1596 1847 1727 1920 nostris
1740 1845 1841 1920 testi·

288 1983 354 2053 'uus
381 1982 425 2051 ud
451 1980 651 2069 praemissa.

769 2482 1010 2564 Doeauatua
1041 2464 1367 2562 Sandeozenais.
1441 2603 1443 2608 Ι

867 2761 870 2767 .
944 2704 1185 2777 Zsrsenuczu.

394 2826 489 2902 Villa
524 2830 621 2899 iuxta
656 2824 797 2899 dunum
831 2826 1079 2918 Duuaye'cz
1114 2827 1149 2897 in
1185 2826 1261 2897 loco
1297 2824 1437 2895 editiori
1468 2823 1554 2914 sita,
1581 2821 1713 2894 habens
1740 2821 1775 2892 in
1802 2840 1841 2892 se

292 2952 469 3023 ecclesiam
505 2949 755 3041 parochialem,
782 2946 909 3020 Sancto
946 2947 1138 3021 Adalberto
1165 2947 1312 3038 martyri
1339 2945 1502 3034 dicatam,
1529 2944 1645 3034 lapide
1671 2942 1750 3014 albo
1778 2962 1842 3032 per
1877 2941 1886 2948 “

291 3072 586 3164 Wyrzbyantham
622 3070 948 3160 Kompyensky
981 3068 1129 3140 nobilem
1166 3067 1209 3139 de
1237 3067 1339 3138 domo
1365 3066 1631 3155 Nieszobya
1658 3071 1841 3153 muratam,

290 3202 326 3264 et
351 3214 415 3283 per
451 3189 638 3281 Sb'igneum
673 3192 885 3262 cardinalem
920 3195 957 3261 et
992 3191 1189 3279 episcopum
1227 3187 1490 3260 Oracoviensem
1507 3194 1764 3283 ,consecratam
1799 3185 1840 3256 Iu

290 3335 359 3403 qua
384 3309 467 3386 bunt
492 3313 584 3383 lanei
611 3312 856 3401 emethoualeS,
882 3313 964 3382 item
992 3312 1170 3400 tabernae,
1197 3311 1279 3380 item
1307 3310 1534 3398 mariamniae,
1557 3310 1640 3378 item
1660 3308 1840 3397 praedium

290 3456 395 3505 unum
422 3433 583 3522 militare,
610 3433 653 3504 de
681 3433 805 3522 quibus
832 3433 991 3503 omnibus
1019 3431 1168 3504 solvitur
1185 3437 1222 3504 et
1239 3432 1444 3503 conducitur
1462 3431 1596 3502 decima
1613 3409 1841 3518 manipularis

291 3563 326 3625 ct
352 3553 527 3643 cenapolis
554 3553 588 3622 in
615 3553 899 3643 Zbischicze,
926 3559 962 3624 et
988 3554 1086 3625 valor
1104 3553 1179 3624 eius
1197 3552 1239 3623 ad
1259 3553 1438 3625 duodecim
1456 3572 1608 3641 mareas,
1628 3552 1709 3621 item
1728 3550 1848 3621 eccle·

291 3677 343 3746 sio
369 3681 405 3746 et
431 3673 598 3763 plebanus
632 3674 739 3746 habet
775 3675 823 3747 ibi
860 3695 964 3765 agros
998 3674 1128 3746 liberos
1154 3680 1191 3745 et
1215 3682 1336 3764 prata,
1364 3696 1427 3764 pro
1455 3695 1517 3745 suo
1544 3695 1608 3745 usu
1636 3672 1778 3763 praedio
1805 3675 1842 3742 et

289 3797 537 3868 necessitato,
1691 3806 1694 3822 '
1833 3811 1838 3822 ²

946 3902 1189 3999 Nauorown.

237 4123 240 4128 ¹
392 4037 487 4110 Villa
512 4037 644 4111 habens
670 4038 772 4109 inse
804 4039 1039 4129 parochialem
1075 4040 1274 4130 ecclesiam,
1302 4038 1450 4110 Sanctae
1476 4038 1612 4110 Mariae
1638 4034 1842 4108 Visitatioui

194 4176 195 4180 ’
290 4161 456 4251 dicatam,
482 4161 778 4251 ligneam',‚cuius
804 4162 928 4232 haeres
956 4160 1107 4232 Thomas
1135 4160 1483 4252 Nauoyowsky,
1510 4159 1637 4232 nobilis
1663 4159 1706 4230 de
1734 4159 1856 4234 domo.

289 4281 598 4371 Antiquorum
626 4281 866 4378 Equorum.
893 4281 933 4351 ln
961 4302 1029 4371 qna
1056 4286 1137 4352 sunt
1163 4281 1254 4353 lanei
1282 4281 1527 4371 emethouales,
1553 4282 1636 4352 item
1664 4280 1841 4367 tabernae,

290 4404 373 4472 itero
410 4401 649 4493 bartolomeo,
676 4385 880 4500 delphidius
915 4403 1064 4473 solvitur
1091 4408 1127 4473 et
1153 4403 1358 4475 conducitur
1393 4404 1527 4475 decima
1553 4386 1779 4493 manipularis
1806 4405 1842 4472 et
1935 4473 1945 4486 „

290 4522 463 4612 canapelis
490 4543 553 4612 pro
580 4524 791 4614 episcopatu·
808 4501 1040 4615 batoniensi,
1068 4530 1106 4596 et
1131 4521 1230 4598 valor
1256 4525 1392 4597 eiusad
1413 4532 1716 4615 quatuormarcns
1735 4522 1842 4594 aesti-

289 4649 413 4715 matur.
440 4643 527 4715 Item
555 4651 636 4716 suunt
664 4645 712 4716 ibi
738 4646 808 4717 tria
825 4645 1160 4738 praediamilitaria,
1179 4646 1222 4717 de
1241 4667 1388 4738 quorum
1406 4649 1499 4737 agris
1522 4647 1714 4719 decimatur
1731 4644 1842 4716 eccle·

288 4766 361 4836 siae
389 4766 423 4835 in
451 4765 736 4857 Nawoyowa,
764 4773 801 4839 et
835 4768 934 4842 valor
959 4768 1035 4840 eius
1062 4769 1267 4842 aestimatur
1302 4769 1346 4840 ud
1374 4775 1447 4840 tres
1471 4787 1628 4858 marcas,
1655 4766 1842 4858 aliquando

287 4885 331 4956 ad
358 4883 590 4960 semimarcas.
619 4888 713 4959 'Item
745 4889 891 4979 quilibet
918 4877 1055 4964 crh'etho
1082 4890 1125 4962 de
1153 4891 1253 4962 laneo
1280 4891 1386 4963 soluit
1413 4911 1515 4961 unam
1543 4909 1739 4961 mensuram
1767 4887 1840 4959 siti-

285 4989 448 5096 ginisffal'
466 5027 569 5080 uanam
597 5029 727 5082 avenae
754 5010 922 5101 plebauo;
949 5011 1033 5084 item
1059 5011 1227 5102 plebanus
1244 5006 1352 5084 habet
1369 5013 1531 5103 proprios
1550 5032 1653 5102 agros
1671 5016 1707 5081 et
1726 5016 1840 5100 prata,

285 5151 439 5218 proauo
466 5132 611 5222 praedio
638 5137 674 5205 et
699 5134 916 5206 necessitate.
1355 5151 1357 5156 ·

476 5321 486 5342 ,
875 5255 1084 5327 Ziannorum
1112 5275 1256 5327 neuun.

391 5369 485 5445 Villa
519 5376 652 5447 habens
688 5377 724 5446 in
761 5398 798 5449 se
834 5378 1015 5449 ecclesiam
1050 5378 1283 5466 parochialem
1320 5377 1487 5468 ligneam,
1522 5376 1650 5449 Sancto
1677 5375 1842 5448 Michaali

112 5550 114 5554 .
191 5555 194 5559 .
286 5495 453 5587 dicatam,
481 5497 578 5567 cuius
604 5496 803 5568 haereditas
839 5497 884 5568 ad
911 5499 1069 5570 consules
1096 5520 1243 5571 novae
1270 5498 1476 5570 Sandecu
1502 5499 1665 5590 pertinet.
1702 5497 1742 5568 In
1771 5517 1840 5586 qua

286 5623 367 5687 sunt
388 5611 491 5688 lanei
513 5618 755 5710 emethoualcS,
783 5619 827 5690 de
854 5621 979 5709 qrribus
1006 5620 1156 5692 solvitur
1182 5626 1217 5693 et
1241 5620 1446 5692 conducitur
1463 5620 1597 5692 decima
1614 5619 1840 5709 manipularis

285 5744 321 5808 et
347 5739 522 5829 cenapolis
548 5760 613 5829 pro
640 5741 842 5830 episcopatu
870 5739 1102 5832 Oracovicnsi,
1130 5743 1213 5814 item
1240 5748 1294 5814 ost
1322 5743 1370 5813 ihi
1397 5743 1563 5814 scoltetus
1590 5742 1723 5812 hahens
1751 5739 1839 5811 duros

285 5857 415 5949 laneos,
445 5860 641 5951 dequibus
668 5862 775 5933 solvit
801 5861 968 5933 decimam
996 5864 1145 5953 plebano
1172 5862 1207 5935 in
1235 5864 1550 5955 Zelycsznyh,
1578 5869 1614 5933 et
1640 5862 1738 5933 valor
1754 5862 1839 5931 'eiua

284 5981 491 6053 aestimatur.
510 5983 557 6053 ad
584 5990 656 6054 tros
683 6001 835 6055 marcas:
868 5985 964 6054 item*
978 6005 1047 6055 non
1076 5992 1130 6056 est
1157 5985 1410 6075 hrispraulium
1438 5985 1598 6075 aliquod3
1624 5973 1708 6054 ilem
1735 5983 1838 6072 quili-

283 6101 343 6172 hct
378 6104 513 6173 ouuetho
550 6104 593 6175 de
628 6104 727 6175 laueo
764 6105 868 6176 soluit
904 6102 1057 6175 rnosclune
1092 6106 1257 6197 plebano,
1285 6128 1387 6178 urnam
1423 6127 1620 6178 mensurum
1647 6105 1773 6194 tritici,
1801 6110 1839 6175 et

283 6241 387 6294 unam
413 6237 543 6297 aronae
570 6225 742 6296 confertas
769 6247 951 6297 mensurae
969 6225 1236 6318 Sandoezensis3
1264 6231 1345 6300 item
1365 6230 1472 6304 habet
1490 6230 1658 6320 plebanus
1676 6232 1713 6297 et
1730 6225 1840 6297 eccle·

285 6343 337 6409 sia
362 6345 524 6434 proprios
552 6366 654 6435 agros
682 6353 718 6417 ot
745 6355 856 6437 prata,
882 6369 947 6438 pro
973 6369 1037 6420 suo
1064 6369 1130 6421 usu
1156 6356 1193 6422 et
1219 6352 1439 6421 necessitate.

386 6465 610 6536 Zuuuuzurn
627 6487 755 6557 nruou,
774 6469 859 6540 villa
874 6471 940 6542 sub
957 6473 1123 6561 parochia
1140 6472 1184 6543 de
1202 6471 1436 6568 Zelyeznyk
1462 6460 1542 6560 sita,
1561 6472 1659 6543 cuius
1678 6467 1838 6541 haeredi·

282 6583 336 6647 tas
363 6585 597 6669 praelatorum
624 6589 801 6661 consulum
829 6611 969 6663 novae
996 6591 1211 6698 Sandecz.
1238 6591 1278 6662 In
1298 6611 1367 6682 qua
1385 6597 1467 6662 sunt
1483 6591 1576 6662 lanei
1590 6590 1835 6680 emethouales,
