4200 8342
166 1631 469 1705 ·438.

398 1840 672 1928 Wrnwronnn,
700 1838 784 1910 villa
818 1839 882 1910 snb
919 1839 1084 1928 parochia
1119 1838 1284 1910 ecclesiae
1318 1836 1362 1912 de
1392 1836 1610 1910 Zerszow
1636 1837 1724 1929 situ,
1752 1835 1850 1910 cuius

295 1965 418 2034 haeres
444 1961 638 2032 Stanislaus
666 1959 989 2052 Thanczinshy
1020 1962 1156 2033 ratione
1184 1961 1311 2031 uxoris.
1346 1959 1385 2030 In
1414 1979 1483 2050 qua
1509 1964 1592 2031 sunt
1618 1957 1852 2050 quadraginta

295 2083 384 2154 lanei
414 2082 662 2173 cmethonales,
689 2082 732 2152 de
760 2083 885 2172 quibus
913 2083 1077 2173 solvitur,
1106 2082 1239 2153 decima
1265 2081 1445 2152 fertonalis
1473 2102 1536 2171 pro
1564 2080 1696 2152 decano
1723 2079 1850 2152 Graec-

296 2205 418 2294 riensl,
445 2210 482 2274 et
507 2225 640 2276 summa
665 2204 760 2274 lacit.
777 2204 895 2275 decem
922 2225 1066 2275 marcas
1094 2205 1182 2275 item
1208 2205 1333 2275 haeres
1360 2202 1527 2293 depositis
1554 2203 1668 2276 tribus
1695 2201 1850 2274 cmetho·
1887 2159 1931 2304 ἕ

295 2327 399 2399 nibus
425 2326 469 2396 de
496 2325 615 2415 laneis,
643 2327 815 2397 convertit
841 2347 901 2396 eos
927 2327 962 2397 in
990 2325 1195 2416 praediales,
1222 2332 1258 2397 et
1280 2325 1425 2396 abstulit
1443 2324 1610 2397 decimam
1629 2345 1650 2395 a
1668 2324 1850 2412 decanatu,
1907 2303 1963 2410 {¹¹³5

295 2454 333 2519 et
359 2448 508 2519 decimat
533 2447 576 2517 de
603 2447 673 2518 illis
699 2447 951 2538 praebendario
979 2448 1015 2519 in
1041 2447 1233 2520 Zasson.
1521 2475 1525 2482 ·
1900 2425 1973 2634 ζ,

400 2570 577 2659 Benown,
605 2567 687 2639 villa
714 2569 778 2640 snb
797 2570 962 2659 parochia
980 2569 1022 2639 de
1040 2568 1225 2640 Zassow
1253 2568 1330 2659 sita,
1349 2567 1447 2639 euius
1465 2567 1556 2640 idem
1574 2568 1699 2641 haeres
1718 2567 1850 2638 Than-
1914 2589 1921 2612 ··
1934 2599 1949 2660 '.
2019 2653 2021 2660 Ι

296 2691 489 2780 czinsky
514 2691 651 2761 ratione
678 2691 806 2761 uxoris.
845 2689 885 2760 ln
914 2711 981 2780 qua
1007 2711 1130 2762 novem
1157 2690 1249 2760 lanei
1275 2690 1530 2779 cmethonales,
1558 2690 1601 2761 de
1629 2689 1754 2780 quibus
1781 2689 1850 2758 sol·
1945 2701 1972 2792 s,

296 2814 391 2884 vitnr
416 2810 549 2883 decima
574 2811 755 2884 fortunalis
782 2812 913 2884 decano
940 2811 1171 2903 cracoviensi,
1199 2813 1297 2883 cuius
1324 2832 1459 2884 summa
1484 2831 1608 2883 novem
1628 2809 1798 2890 ,fertones
1884 2835 1886 2841 ·

400 2933 523 3022 Rozn,
550 2933 633 3005 villa
664 2934 729 3005 snb
755 2934 922 3025 parochia
948 2934 991 3005 de
1018 2933 1201 3006 Zassow
1228 2935 1313 3024 sita,
1340 2935 1437 3007 cuins
1464 2932 1632 3004 haeredes
1658 2932 1786 3023 plures,
1814 2937 1851 3003 et

297 3055 455 3127 undecim
483 3054 572 3126 lanei
601 3056 843 3146 cmethonales,
870 3055 1044 3127 solventes
1064 3056 1231 3127 decimam
1250 3055 1452 3126 lertonalem
1471 3054 1600 3126 decano
1619 3052 1850 3141 Cracoviensi,

295 3171 394 3248 cuius
421 3196 555 3248 summa
580 3182 654 3248 tres
681 3197 819 3250 marcae
844 3176 958 3248 minus
984 3175 1128 3250 fertone.
1777 3154 1779 3158 ¹

919 3402 1032 3476 Novo
1060 3401 1227 3474 Grvrrns.

400 3543 572 3634 Oppidum
600 3543 734 3632 regium
761 3543 860 3613 iuxta
885 3542 1026 3614 flurium
1053 3541 1172 3613 Nida
1199 3543 1313 3632 situm,
1339 3541 1472 3614 hahens
1495 3541 1673 3612 ecclesiam
1692 3540 1850 3631 parochi·
1958 3553 2008 3642 gp?

297 3665 385 3736 alem
421 3665 588 3756 ligneam,
615 3663 762 3736 Sanctae
798 3663 980 3736 Elisabeth
1016 3664 1141 3736 viduae
1176 3668 1213 3734 et
1248 3664 1377 3734 electae
1408 3663 1577 3753 dicatam,
1604 3664 1702 3735 cuius
1729 3663 1850 3735 unicus

297 3794 466 3876 patronus
502 3785 668 3857 Poloniae
703 3807 774 3856 rex.
815 3785 932 3858 Habet
966 3786 1014 3857 ibi
1050 3785 1197 3857 ecelesia
1228 3786 1404 3876 propriam
1433 3785 1568 3875 dotem,
1595 3785 1785 3875 pomerium
1813 3791 1851 3854 et

297 3909 446 3979 hortum.
477 3907 517 3978 In
547 3928 615 3998 qno
642 3905 780 4000 quidem
808 3908 936 3999 oppido
963 3913 1045 3978 sunit
1070 3907 1160 3979 lanei
1188 3907 1455 3998 oppidanorum,
1481 3907 1525 3978 de
1551 3907 1677 3997 quibus
1703 3907 1852 3978 solvitur
1925 3923 1927 3928 ·

296 4036 333 4100 et
360 4030 563 4101 conducitur
589 4030 722 4102 decima
748 4030 973 4121 manipularis
1000 4034 1036 4100 et
1062 4029 1237 4121 canapalis
1264 4051 1328 4120 pro
1355 4029 1501 4101 ecclesia
1527 4031 1563 4101 in
1582 4028 1707 4101 Nova
1733 4026 1852 4099 Civi-

296 4157 404 4242 tate,
431 4159 468 4223 ct
494 4152 593 4224 valor
620 4145 825 4224 aestimatur
850 4152 895 4223 ad
915 4207 1065 4222 .....
1092 4150 1179 4223 Eius
1205 4155 1321 4238 rector
1347 4149 1477 4223 Paulus
1504 4150 1536 4220 N
1546 4157 1652 4222 octa
1678 4149 1850 4222 sacerdos.

297 4273 385 4344 Item
412 4294 530 4345 omnes
557 4274 721 4364 oppidani
747 4272 894 4364 praelati
927 4273 1045 4365 oppidi
1073 4274 1213 4345 solvunt
1240 4273 1424 4365 mensalia,
1451 4272 1538 4344 alias
1563 4268 1712 4363 dobree,
1742 4270 1850 4342 eccle·

298 4396 370 4465 siae
406 4394 595 4484 parochiali
631 4400 668 4465 et
702 4395 857 4484 plebano,
886 4396 922 4466 in
949 4395 1032 4465 villa
1059 4394 1290 4486 Korczyn,
1316 4399 1480 4486 tanquam
1508 4395 1663 4484 matrici,
1690 4397 1727 4465 et
1753 4392 1853 4467 valor

297 4514 501 4586 mensalium
528 4516 573 4586 ad
601 4570 608 4584 .
636 4570 644 4585 .
671 4570 679 4584 .
706 4516 793 4586 ltem
820 4522 875 4586 cst
900 4517 949 4588 ibi
974 4501 1224 4587 monasterium
1250 4515 1397 4588 fratrum
1426 4516 1605 4607 minorum,
1623 4516 1734 4588 latere
1752 4521 1851 4586 cocto

298 4636 514 4727 fabricatum,
541 4638 638 4709 cuins
664 4637 896 4710 conditionem
923 4643 1053 4710 statum
1081 4644 1118 4709 et
1143 4637 1350 4729 positionem
1378 4640 1413 4710 in
1441 4644 1597 4728 regestro
1625 4637 1850 4710 monasterio-

297 4780 375 4831 rum
401 4759 602 4850 specialiter
627 4759 880 4850 descripsimus,
908 4759 1000 4851 quod
1026 4760 1165 4849 quidem
1193 4760 1316 4842 honori
1344 4760 1542 4832 Beatissimi
1569 4758 1732 4830 Stanislai
1758 4779 1851 4830 mar-

296 4882 386 4972 tyris
421 4888 458 4952 et
493 4881 665 4972 pontilicis
700 4879 940 4954 Gracoriensis
975 4881 1127 4954 dicatum
1163 4886 1227 4953 est.
1267 4882 1355 4953 item
1388 4887 1442 4953 est
1468 4881 1516 4953 ibi
1544 4882 1641 4953 iuxta
1669 4881 1849 4952 eeclesiam

297 5004 530 5094 parochialem
559 5005 731 5096 hospitale
758 5005 982 5077 infirmorum.

746 5338 990 5422 Praebenda
1025 5339 1173 5422 hlouae
1205 5337 1410 5422 civitatis.

340 5673 343 5678 .
401 5610 469 5686 Est
495 5614 592 5684 iuxta
618 5612 781 5705 oppidum
808 5612 1000 5704 praelatum
1028 5635 1091 5686 arx
1119 5614 1225 5705 regia,
1243 5633 1264 5684 a
1281 5612 1451 5685 Gasimiro
1469 5613 1620 5686 secundo
1639 5633 1721 5704 rege
1739 5612 1851 5685 latere

298 5742 396 5808 cocto
435 5735 634 5827 aedificata,
662 5736 698 5806 in
725 5756 793 5827 qna
819 5741 874 5808 est
899 5737 1032 5828 capella
1057 5737 1165 5810 latere
1191 5734 1361 5808 fabricata
1388 5743 1423 5808 et
1449 5735 1574 5808 honori
1600 5733 1747 5808 Sanctoe
1774 5734 1852 5806 Tri·

299 5858 483 5946 nitatiset
508 5856 627 5930 Sancti
652 5857 819 5930 Stanislai
844 5858 1009 5948 martyris
1035 5857 1161 5949 dicata,
1187 5856 1231 5929 de
1257 5858 1484 5948 proventibus
1510 5855 1656 5929 alterius
1683 5856 1851 5928 ecclesiae

298 5981 334 6049 in
361 5979 563 6052 Korczin
600 5980 737 6072 demta,
765 5980 863 6051 cuius
897 5998 988 6052 nune
1022 5979 1296 6072 praebendarius
1322 5977 1475 6051 Jaeobus
1501 5977 1851 6068 Strachoczshy

298 6101 343 6172 de
369 6100 471 6172 domo
498 6101 800 6193 Accipitrnm,
827 6101 888 6191 qui
913 6101 1020 6173 habet
1046 6101 1223 6192 propriam
1248 6100 1387 6174 domum
1414 6100 1450 6172 in
1478 6105 1603 6192 castro,
1626 6105 1664 6172 et
1680 6119 1850 6190 expensas

299 6222 453 6314 singulis·
472 6223 572 6295 annis
597 6229 671 6294 met
696 6219 877 6314 secundus,
904 6227 943 6294 et
965 6227 1106 6296 tenetur
1132 6223 1176 6295 ad
1202 6223 1384 6314 legendum
1403 6222 1550 6316 singulis
1567 6221 1770 6313 septimanis
1789 6275 1796 6290 .
1816 6275 1850 6291 ..
1911 6283 1914 6288 .

298 6341 347 6413 Et
372 6345 478 6416 habet
504 6343 662 6435 praelata
687 6345 887 6436 praebenda
910 6343 1151 6436 infrascriptos
1176 6349 1367 6436 proventus
1393 6352 1429 6417 et
1455 6345 1615 6416 decimas.

404 6461 649 6558 Gnornnrnr,
675 6465 760 6538 villa
785 6467 850 6540 sub
876 6467 1043 6558 parochia
1067 6467 1112 6540 de
1129 6467 1256 6540 Nora
1281 6465 1493 6540 (diritate
1520 6467 1596 6540 sita
1622 6465 1751 6558 inqua
1768 6471 1852 6538 suut

301 6579 394 6652 lanei
420 6585 655 6674 cmethonales
699 6588 744 6661 de
770 6588 897 6680 quibus
931 6589 1079 6662 solvitur
1106 6593 1146 6660 et
1168 6587 1376 6662 conducitur
1401 6587 1535 6662 decim
1560 6581 1787 6678 manipularis
1813 6591 1852 6660 et
