4200 8342
1727 1646 1799 1718 147
1831 1706 1834 1718 .

361 1840 635 1931 Szuruowrczn,
654 1842 738 1914 villa
764 1843 828 1914 sub
846 1843 1012 1934 parochia
1037 1843 1082 1915 de
1107 1842 1285 1917 Bobino
1312 1846 1389 1935 sita,
1416 1847 1513 1918 cuius
1534 1846 1658 1920 haeres
1676 1849 1803 1924 Petrus

258 1963 456 2053 Kmytha
490 1962 534 2034 de
561 1962 668 2034 armis
701 1944 985 2056 Sasu-pawn
1019 1965 1061 2035 In
1088 1984 1158 2055 qua
1191 1970 1273 2037 sunt
1306 1965 1399 2038 lanei
1433 1967 1684 2061 cmcthonales,
1719 1974 1802 2044 item

258 2083 492 2174 hortulauias,
511 2084 597 2156 item
623 2083 801 2174 tabernae,
828 2083 871 2156 de
897 2085 1022 2177 quibus
1048 2085 1196 2159 solvitur
1222 2086 1356 2161 decima
1381 2108 1445 2179 pro
1471 2089 1669 2179 praehenda
1685 2091 1812 2166 Sancti

153 2299 162 2306 -
256 2203 435 2277 Pancratii
458 2227 470 2294 ς
496 2202 582 2275 item
608 2183 787 2295 praedium
813 2204 872 2276 ibi.
1033 2211 1039 2226 “
1282 2209 1287 2218 “
1388 2265 1391 2276 .

316 2363 320 2368 ·
359 2323 660 2415 Gzarauozrozn,
695 2324 783 2396 vllla·
805 2326 1061 2417 sub-parochia
1095 2326 1139 2399 de
1165 2327 1345 2400 Bobino
1380 2330 1466 2420 sita,
1502 2329 1605 2403 cuins
1625 2331 1693 2404 duo
1720 2339 1802 2405 sunt

256 2445 434 2536 haeredes,
461 2444 611 2517 Thomas
638 2451 674 2517 et
687 2445 800 2517 'Paris
831 2446 1003 2553 dedomo
1030 2446 1222 2539 Lelywa.
1265 2448 1307 2520 In
1334 2469 1402 2540 qna
1428 2439 1511 2522 s'uut
1534 2451 1686 2543 quinque
1711 2452 1802 2525 lanei
1827 2524 1829 2527 ,
1922 2439 1928 2444 ’

167 2591 170 2597 ’
257 2566 616 2657 cmcthonales,'item
635 2586 707 2637 una
731 2566 880 2669 taberna
905 2565 947 2639 et'
968 2567 1189 2639 hortulaniae
1216 2566 1313 2659 duae,
1340 2569 1531 2661 dequibus
1554 2572 1716 2645 omnibus
1734 2574 1803 2646 sol-

256 2687 351 2758 vitur
376 2690 414 2757 et
431 2684 635 2758 conducitur
662 2685 794 2757 decima
818 2673 1045 2777 manipularis
1062 2688 1290 2778 etcanapahs
1316 2689 1802 2784 archidIaconoGracoviensi,

255 2807 348 2879 item
367 2810 450 2878 sunt
464 2805 516 2878 ibi
532 2805 622 2882 duae
648 2805 764 2878 curiae
782 2810 820 2879 et
836 2806 906 2879 duo
931 2806 1084 2898 praedia,
1111 2812 1147 2878 et
1163 2808 1426 2881 unumillorum
1452 2810 1544 2901 quod
1570 2815 1625 2884 est
1647 2811 1800 2885 Thomas

257 2932 294 2999 et
320 2923 412 3017 quod
438 2926 678 2998 cmcthonibu's
705 2925 871 3018 depositis
898 2927 1095 2999 institutum
1121 2931 1192 3018 est,
1228 2928 1332 3000 solvit
1351 2928 1525 3026 decimam
1550 2933 1800 3022 manipularem

257 3068 334 3119 cum
360 3046 438 3119 aliis
465 3046 703 3120 crnethonibns
720 3045 878 3138 praelato
894 3033 1191 3140 archidiopdnatni
1209 3041 1438 3140 Gracoviensi,
1466 3051 1563 3123 cuius
1581 3050 1681 3124 valor
1697 3054 1802 3124 aesti-

254 3173 373 3239 matur
394 3167 440 3239 ad
465 3187 527 3238 sex
553 3184 706 3239 marcas:
741 3168 836 3240 aliud
853 3173 979 3241 antem
1005 3167 1201 3259 praedium,
1229 3169 1321 3259 quod
1347 3174 1402 3241 est
1427 3169 1564 3243 Paridis
1591 3171 1802 3245 diversificat

257 3288 439 3379 decimam,
474 3306 555 3359 uam
581 3286 627 3360 de
643 3288 757 3360 certis
784 3289 878 3380 agab
903 3289 998 3365 tollit
1031 3289 1128 3392 illam
1153 3289 1322 3380 plebanus
1356 3290 1394 3360 in
1420 3290 1616 3383 Bobiuo,
1651 3293 1695 3363 de
1722 3294 1800 3366 aliis

255 3428 339 3482 vero
365 3408 458 3480 tollit
484 3428 560 3481 eam
586 3408 754 3499 plebanus
780 3409 818 3480 in
835 3408 1291 3506 Mykluschowyoze3
1316 3408 1400 3481 item
1418 3409 1462 3483 de
1479 3411 1574 3506 agris
1599 3412 1702 3486 unius
1720 3403 1802 3486 hor-

194 3623 197 3630 ,
255 3528 409 3602 tulaniae
435 3528 528 3601 cedit
553 3529 878 3612 decimaecclcsiae
902 3534 940 3601 et
964 3528 1113 3620 plebano
1139 3530 1176 3600 iu
1202 3529 1370 3621 Bobyu.

148 3631 151 3636 ’
548 3669 550 3674 ⁴
915 3648 1144 3721 Zrunronrrr.

354 3769 455 3862 ylla
488 3770 620 3843 habens
653 3770 835 3843 ecclesiam
869 3769 1101 3861 parochialem
1137 3770 1173 3840 in
1200 3789 1238 3842 sa
1259 3769 1410 3881 ¹Sanctae
1445 3771 1580 3844 Mariae
1615 3772 1804 3846 Nativitati

93 3917 111 4000 ‚j
157 3917 162 3926 ·
255 3892 413 3982 dicaam,
440 3891 537 3964 cuins
562 3891 760 3985 proprietas
787 3889 1049 3981 adcapitulnm
1075 3887 1303 3964 Gracoviense
1340 3892 1506 3981 pertiuet·
1545 3893 1586 3963 In
1614 3914 1684 3983 qua
1720 3900 1803 3967 sunt

108 4041 113 4052 ¹
256 4014 408 4105 quinque
435 4012 633 4085 cmcthones
660 4013 829 4084 habentes
859 4029 963 4100 agros
989 4009 1234 4101 indistinctos,
1263 4012 1307 4083 de
1334 4013 1459 4103 quibus
1486 4011 1634 4084 solvitur
1660 4021 1696 4085 ct
1722 4035 1803 4086 con·

257 4134 397 4206 ducitur
429 4134 566 4206 decima
596 4132 821 4226 manipularis
847 4136 884 4202 et
909 4130 1087 4222 canapaIIs
1121 4151 1186 4222 pro
1212 4132 1412 4222 praebenda
1438 4130 1676 4222 Oraooviensi,
1712 4154 1801 4224 quae

256 4252 657 4343 vocaturPosandrslra,
685 4256 723 4325 et
747 4251 846 4323 valor
872 4244 946 4323 cius
973 4250 1180 4324 aestImatur
1206 4251 1251 4323 ad
1277 4252 1428 4345 quinque
1453 4271 1599 4325 marcas.
1634 4254 1731 4340 Ibem
1749 4259 1804 4326 est

206 4451 211 4458 ,
258 4373 308 4445 ibi
332 4373 512 4465 praedium
539 4372 749 4464 capilulare,
784 4371 827 4443 de
862 4372 959 4444 cuius
995 4372 1089 4461 agris
1123 4371 1271 4445 solutur
1305 4372 1437 4445 decima
1471 4375 1636 4447 ecclesiae
1666 4380 1703 4446 et
1732 4374 1805 4465 ple-

257 4495 347 4568 bano
382 4495 419 4565 in
451 4492 480 4563 Z
487 4493 750 4584 yelyonlry,
773 4499 810 4563 et
843 4491 955 4564 valor.
977 4492 1052 4564 eius
1084 4485 1292 4591 ¹aestimatur
1326 4494 1371 4566 ad
1404 4495 1490 4567 duas
1524 4515 1668 4568 marcas.
1710 4495 1801 4566 Item
1853 4547 1857 4554 .

230 4699 233 4703 ,
257 4615 423 4707 plebanus
458 4613 508 4686 ibi
532 4613 642 4685 habet
667 4612 833 4702 speciales
869 4632 973 4702 agros
1008 4613 1169 4704 proprios
1196 4618 1233 4685 et
1257 4619 1377 4706 prata,
1411 4635 1476 4707 pro
1503 4636 1565 4689 sno
1596 4615 1739 4707 praedio
1767 4620 1804 4686 et

257 4736 473 4809 necessitate.
499 4734 588 4808 Item
604 4732 723 4805 habet
745 4752 849 4806 unam
874 4727 1072 4825 tabernam,
1104 4754 1192 4824 quae
1208 4736 1326 4807 habet
1351 4756 1463 4825 agros,
1490 4755 1579 4826 qnae
1605 4735 1710 4807 solvit
1736 4736 1803 4808 sibi

256 4876 320 4949 pro
347 4875 453 4930 censa
611 4854 699 4928 Item
725 4854 834 4927 habet
858 4853 1005 4927 ecclesia
1029 4854 1208 4948 proprium
1234 4853 1284 4928 ibi
1309 4853 1552 4945 molendinum,
1580 4855 1671 4945 quod
1696 4855 1804 4926 habet

257 4997 360 5069 agros
386 4983 424 5050 et
449 4977 579 5050 solvit.
598 5030 606 5047 .
624 5030 633 5047 .
651 4990 659 5047 .’
677 5030 712 5047 ..
737 4973 883 5050 Etiam
909 4971 953 5046 de
978 4974 1074 5066 angs
1100 4976 1285 5066 tabernae,
1312 4957 1426 5065 quam*
1440 4974 1627 5046 molend'mi
1654 4973 1802 5044 solvitur

261 5105 309 5174 et⁴
331 5098 535 5171 conducitur
569 5097 702 5169 decima
736 5095 961 5189 manipularis
996 5095 1161 5167 ecclesiae
1181 5099 1229 5166 et
1262 5095 1410 5186 plebano
1445 5095 1482 5167 iu
1516 5094 1812 5187 Zyelyonkyt
1953 5164 1955 5168 Α

206 5261 209 5266 -
258 5219 356 5292 valor
382 5220 457 5321 eius
483 5216 658 5300 adunam
685 5236 846 5289 marcam.
930 5237 965 5273 τ
1002 5271 1006 5276 .
1140 5265 1149 5278 .1
1334 5309 1336 5315 Α
1427 5270 1432 5279 .

151 5436 155 5442 ¹
361 5337 569 5440 Gaanrczp,
603 5338 688 5410 villa
713 5339 778 5410 snb
804 5337 971 5429 parochia
997 5336 1040 5410 de
1066 5335 1335 5428 Zy-elyonky
1361 5338 1447 5428 alta,
1484 5337 1580 5409 ouius
1606 5336 1803 5428 proprietas

119 5490 123 5494 ·
257 5460 302 5533 ad
328 5460 517 5551 capitulum
543 5458 771 5532 Oracovienae
796 5458 957 5549 pertinet.
996 5458 1134 5549 Inqua
1160 5461 1242 5528 suut
1268 5462 1418 5548 quatuor
1443 5457 1535 5529 lanei
1561 5457 1805 5547 cmcthonales,

258 5581 339 5653 item
365 5600 436 5654 una
460 5580 607 5652 taberna
640 5579 773 5651 habens
800 5599 921 5670 agros,
957 5578 1001 5651 da
1027 5579 1152 5670 quibus
1179 5579 1337 5651 omnibus
1363 5579 1511 5651 solvitur
1537 5584 1574 5650 et
1600 5577 1805 5649 conducitur

258 5702 390 5778 decima
416 5700 641 5795 manipularis
668 5707 704 5772 et
730 5700 906 5791 canapalis
941 5719 1005 5791 pro
1031 5700 1164 5772 vicaria
1189 5699 1406 5791 praebendae
1432 5698 1687 5789 Gracoriensis,
1715 5717 1804 5788 quae

258 5827 402 5894 vocatur
426 5821 652 5918 Naaunwska,
678 5820 765 5892 alias
792 5817 1094 5911 Glambinowska,
1128 5827 1165 5893 et
1182 5821 1289 5894 ‘valm
1315 5822 1390 5893 eins
1413 5821 1620 5892 aestimatur
1648 5819 1693 5892 ad
1720 5838 1804 5908 qua·

258 5949 337 6015 tuor
362 5961 506 6015 marcas.
551 5940 639 6013 Itam
664 5941 846 6032 praedInm
873 5942 1063 6036 capitulare
1089 5942 1208 6014 estin
1234 5921 1354 6015 eadem
1380 5940 1481 6030 villa,
1516 5940 1560 6011 de
1586 5940 1682 6010 euius
1709 5940 1804 6029 agris

257 6084 326 6136 non
353 6064 500 6136 solvitur
525 6061 658 6135 decima
683 6062 909 6154 manipularis
935 6064 1056 6155 alicui,
1092 6063 1255 6135 sedeam
1280 6061 1475 6132 tenutarius
1502 6060 1606 6131 villae
1633 6060 1740 6149 tollit,
1767 6063 1804 6130 et

258 6187 294 6257 in
320 6206 419 6257 snum
445 6185 608 6269 horreum
634 6183 775 6257 inducit
818 6182 907 6256 Item
920 6184 1166 6257 molendinum
1203 6187 1257 6254 est
1283 6183 1318 6253 in
1346 6179 1464 6253 eadem
1490 6180 1574 6253 villa
1605 6182 1640 6251 in
1666 6182 1839 6282 humida?
1871 6251 1875 6262 ,

259 6303 562 6397 Gardliczlra,
588 6305 721 6378 habens
748 6325 861 6395 agros,
888 6304 1075 6397 dequibus
1101 6304 1294 6376 decimatur
1318 6323 1435 6394 pro..
1455 6357 1462 6373 .
1482 6303 1595 6375 .Item
1621 6302 1657 6374 in
1684 6301 1804 6375 eadem
1842 6351 1845 6366 .

123 6491 136 6502 ,
258 6425 342 6498 villa
368 6430 449 6499 sunt
466 6425 527 6498 alii
544 6425 612 6498 duo
630 6425 808 6516 haeredes,
825 6425 988 6498 videlicet
1004 6425 1183 6498 Iohannes
1209 6424 1383 6515 Zagora
1395 6424 1468 6516 ky,
1496 6424 1555 6515 qui
1573 6423 1680 6496 habet
1697 6443 1804 6495 unum

264 6545 399 6657 laneum
426 6546 695 6642 cmcthonalcm,
720 6566 833 6641 ‚unam
867 6546 1047 6647 tabernam
1083 6551 1120 6621 et
1144 6550 1218 6622 tres
1244 6544 1475 6638 hortulauias,
1519 6547 1603 6619 item
1627 6544 1805 6620 lohannes
