4200 8342
1719 1626 1793 1699 201

245 1825 480 1921 episcopatum
507 1825 772 1904 cracoviensem
798 1829 959 1920 pertinet.
985 1826 1025 1901 In
1054 1849 1123 1922 qua
1149 1838 1231 1904 sunt
1256 1829 1404 1922 triginta
1431 1836 1503 1903 tres
1530 1831 1622 1904 lanei
1641 1836 1796 1906 nmetbo-

244 1950 350 2038 aulea,
377 1952 458 2021 item
488 1949 576 2020 duae
602 1950 839 2039 hortulaniae,
867 1952 909 2021 de
937 1952 1072 2040 quibus
1089 1953 1247 2024 omuibus
1275 1954 1423 2049 soluitur
1450 1954 1582 2025 decima
1609 1930 1797 2044 pecunialis

244 2093 308 2162 pro
335 2072 537 2161 episcopatu
565 2069 794 2172 cracoviensi,
821 2078 858 2143 et
886 2072 1032 2161 quilibet
1058 2073 1164 2144 solvit
1189 2094 1249 2144 sex
1269 2095 1409 2163 grossos
1428 2075 1577 2147 latorum
1595 2098 1796 2165 grossorum

245 2192 482 2284 Progensium.
516 2192 604 2264 Item
631 2199 685 2265 est
712 2193 761 2265 ibi
797 2193 955 2264 scultetis
981 2192 1114 2264 habens
1145 2199 1278 2284 septem
1297 2195 1442 2285 laneos,
1470 2195 1513 2266 de
1540 2197 1666 2286 quibus
1693 2198 1798 2268 solvit

246 2312 413 2390 decimam
440 2368 448 2383 .
477 2367 484 2383 .
511 2367 520 2383 .

350 2433 625 2505 Wounowucza
651 2433 848 2524 Kouoauu,
875 2434 958 2505 villa
984 2435 1049 2506 sub
1076 2435 1243 2524 parochia
1269 2435 1312 2507 de
1330 2436 1584 2529 Sayewyor,
1603 2421 1699 2508 euius
1717 2458 1799 2528 prn-

247 2556 378 2646 prietas
404 2555 449 2626 ad
475 2555 712 2646 episcopatum
739 2553 1001 2637 cracoviensem
1027 2556 1189 2645 pertinet,
1216 2578 1305 2647 quae
1332 2558 1439 2630 habet
1463 2564 1537 2630 tres
1563 2557 1682 2630 laneos
1710 2579 1800 2629 ome-

248 2678 425 2766 thonales,
451 2677 495 2748 de
531 2677 657 2767 quibus
690 2676 822 2748 decima
855 2676 1046 2766 pecunialis
1073 2677 1221 2748 solvitur
1248 2699 1311 2768 pro
1338 2680 1541 2770 episcopatu
1567 2679 1799 2769 Gracoviensi,

249 2799 291 2870 de
318 2799 473 2890 quolibet
498 2798 599 2870 laneo
625 2818 689 2887 per
715 2818 819 2868 unum
844 2796 1016 2870 fertonem
1042 2798 1190 2870 latorum
1217 2820 1438 2888 grossorum,
1465 2801 1547 2871 item
1575 2806 1630 2871 est
1656 2801 1704 2871 ibi
1731 2821 1802 2871 una

249 2920 465 3009 hortulania,
492 2920 574 2990 item
610 2924 665 2990 est
698 2919 747 2989 ibi
783 2918 940 2989 scoltetia
975 2919 1107 2990 babens
1142 2917 1228 2990 duos
1264 2921 1383 3022 laneos
1409 2921 1557 3009 liberos,
1585 2922 1667 2992 item
1694 2942 1801 2992 unum

249 3041 483 3112 molendinum
510 3046 547 3111 et
572 3039 814 3129 hortulaniam,
842 3038 885 3109 de
912 3039 1036 3129 quibus
1064 3039 1217 3112 solvitur.
1237 3040 1370 3111 decima
1396 3042 1561 3112 eeclesiae
1587 3042 1624 3112 in
1646 3042 1803 3112 Misln-

251 3161 407 3251 wione,
442 3162 528 3232 item
562 3167 617 3233 est
651 3162 687 3232 iu
722 3160 842 3232 eadem
868 3160 952 3232 villa
977 3180 1066 3231 uuus
1092 3159 1230 3250 laneus,
1257 3162 1317 3250 qui
1343 3182 1420 3232 cum
1447 3163 1539 3232 omni
1565 3162 1641 3233 iure
1668 3168 1803 3251 spectet

250 3281 295 3352 ad
321 3281 568 3373 proprietatem
605 3281 772 3352 ecclesiae
798 3286 836 3351 et
861 3279 1043 3371 plebaniue
1068 3280 1106 3351 in
1133 3279 1364 3372 Szewyor,
1391 3282 1435 3353 de
1461 3302 1529 3371 qno
1556 3283 1624 3354 sibi
1654 3284 1803 3355 solvitur

251 3423 319 3474 nna
344 3423 462 3474 marca
486 3402 637 3473 latorum
671 3421 871 3492 grossorum
898 3400 1144 3491 Pragensium3
1179 3401 1312 3473 decima
1338 3409 1455 3474 autem
1482 3402 1525 3474 de
1552 3403 1673 3475 eodem
1700 3403 1800 3474 laneo

251 3523 440 3612 pecunialis
467 3522 615 3596 solvitur
641 3522 803 3612 episcopo
831 3519 1062 3611 Oraooviensi,
1088 3541 1177 3593 unus
1203 3520 1295 3595 ferto
1321 3522 1473 3594 latorum
1498 3545 1708 3613 grossorum.

356 3643 561 3733 Szumnow,
587 3642 671 3716 villa
698 3644 762 3714 sub
788 3643 955 3733 parochia
972 3639 1015 3714 de
1033 3640 1248 3733 Szewyor
1273 3644 1351 3732 sita,
1369 3645 1467 3716 cuius
1485 3645 1656 3716 haeredes
1673 3644 1806 3715 lohan-

251 3785 313 3836 nes
339 3770 375 3836 et
401 3764 585 3838 Micossius
611 3763 745 3835 nobiles
772 3762 815 3834 do
841 3762 1322 3835 domo-Prawditarum.
1350 3764 1390 3835 In
1417 3786 1486 3856 qua
1512 3771 1594 3838 sunt
1620 3767 1687 3837 duo
1716 3766 1806 3836 lanei

252 3890 288 3956 et
314 3891 463 3976 quatuor
489 3884 705 3956 hortulaniae
732 3884 900 3955 habentes
926 3904 1038 3973 agros,
1068 3884 1153 3955 item
1180 3889 1234 3955 est
1251 3884 1300 3956 ibi
1319 3906 1424 3956 uuum
1443 3886 1621 3975 praedium
1645 3886 1806 3974 militare,

251 4006 294 4078 de
322 4007 447 4097 quibus
474 4006 632 4079 omnibus
660 4005 806 4076 solvitur
833 4004 966 4075 decima
993 4004 1219 4094 manipularis
1246 4010 1283 4074 et
1309 4005 1484 4094 canapalis
1510 4026 1575 4095 pro
1601 4008 1806 4096 episcopatu

253 4125 483 4217 (linconiensi,
509 4132 547 4197 et
572 4126 670 4198 valor
697 4126 772 4197 eius
799 4125 1004 4197 aestimatur
1031 4124 1077 4196 ad
1103 4124 1189 4195 duas
1216 4145 1362 4196 marcas.

358 4247 695 4337 Taznmsaawrcza,
723 4245 806 4318 villa
832 4247 896 4318 sub
922 4246 1090 4336 parochia
1115 4245 1158 4317 de
1185 4245 1399 4336 Szewyor
1424 4246 1502 4337 sita
1521 4248 1619 4319 cuius
1637 4246 1808 4319 haeredes

255 4366 384 4439 Paulus
412 4365 667 4456 Spargalth
693 4366 737 4437 de
765 4365 865 4437 domo
892 4366 1167 4458 Wyenyawa
1193 4372 1229 4437 et
1254 4365 1419 4440 Nicolaus
1445 4368 1739 4460 Myrzowsky
1766 4368 1809 4439 de

254 4475 373 4561 domo'
390 4486 655 4559 Griffonum
690 4494 726 4559 et
752 4487 955 4560 Marcissins
992 4486 1288 4580 Grabowsky.
1328 4488 1369 4559 lu
1397 4510 1465 4579 qua
1490 4495 1572 4561 sunt
1597 4489 1688 4560 lanei
1716 4510 1807 4560 nme·

255 4609 423 4702 thonales,
449 4608 492 4680 de
519 4608 644 4699 quibus
670 4608 817 4682 solvitur
844 4595 977 4680 decima
1003 4663 1156 4681 .....
1186 4609 1274 4681 ltem
1301 4610 1337 4680 in
1363 4610 1524 4700 praelata
1550 4610 1633 4683 villa
1659 4632 1728 4681 non
1756 4618 1811 4682 est

257 4731 427 4806 scoltetia.

358 4850 776 4944 Dzawn1,parochia-in
803 4850 1024 4943 Saeuyor,
1050 4851 1175 4925 laceres
1201 4849 1234 4923 N
1261 4905 1269 4923 .
1296 4907 1305 4923 .
1332 4908 1340 4923 .
1371 4850 1659 4945 Mirzowsky,
1684 4872 1809 4925 novem

257 4973 348 5048 lanei
384 4976 635 5067 omethonalos,
661 4975 796 5047 decima
831 4973 1056 5064 manipularis
1083 4974 1202 5044 totalis
1229 4974 1378 5045 solvitur
1405 4975 1571 5046 ecclesiae
1599 4980 1636 5045 et
1662 4975 1809 5063 plebano

259 5097 295 5168 in
322 5097 676 5188 Targosobicze,
703 5102 740 5167 ot
765 5094 861 5167 valor
888 5095 963 5167 eius
991 5094 1035 5165 ad
1062 5092 1149 5164 duos
1174 5093 1323 5165 florenos
1350 5095 1564 5167 aestimatur.

361 5218 659 5308 Znarsnawmza,
687 5216 771 5289 villa
805 5216 869 5288 sub
903 5215 1069 5305 parocbia
1095 5214 1138 5285 de
1166 5213 1378 5306 Szewyor
1404 5216 1492 5305 sita,
1519 5216 1617 5288 ouius
1643 5215 1810 5288 haeredes

261 5336 452 5411 Stanislaus
479 5338 755 5429 Banduszky
782 5336 825 5408 de
853 5336 958 5414 armis
984 5335 1201 5426 Ostboya.
1220 5341 1256 5408 ct
1282 5334 1408 5408 Petrus
1427 5336 1471 5409 de
1488 5337 1594 5408 armis
1620 5337 1813 5428 Pylawa,

260 5481 348 5550 quae
383 5460 489 5531 habet
523 5459 718 5557 quindecim
745 5458 886 5549 laneos,
912 5459 997 5530 item
1032 5456 1244 5547 scoltetiam,
1272 5478 1359 5548 quae
1394 5457 1503 5529 habet
1533 5479 1639 5530 unum
1666 5457 1811 5545 laneum,

260 5581 342 5653 item
376 5581 555 5672 praedium
591 5580 761 5669 militare,
788 5579 831 5650 de
859 5579 984 5670 quibus
1019 5579 1197 5667 omnibuS,
1223 5579 1449 5668 manipularis
1476 5578 1715 5650 tantummodo
1744 5599 1812 5647 non

261 5703 436 5792 canapalis
472 5700 619 5792 decimu,
655 5700 802 5772 solvitur
836 5720 901 5791 pro
937 5700 1082 5772 ecclesia
1116 5700 1152 5770 iu
1187 5698 1396 5789 Antiqua
1429 5698 1751 5789 Kozyeglnwi,
1779 5703 1815 5765 et

262 5822 360 5894 valor
386 5823 461 5894 eius
487 5822 531 5893 ad
559 5822 676 5894 decem
701 5841 836 5892 aureas
862 5821 1074 5892 aestimatur.

366 5943 568 6034 Waaazru,
602 5943 768 6032 parochia
802 5941 1063 6033 Szevyerunsis,
1098 5939 1295 6031 proprietas
1330 5938 1433 6010 villae
1470 5936 1609 6025 plebani
1644 5935 1813 6007 (11811-

261 6085 392 6158 wyor,
418 6084 507 6156 quae
533 6065 640 6136 habet
666 6084 727 6134 sex
753 6063 882 6153 laneos,
912 6062 1016 6134 etde
1045 6062 1202 6153 quolibet
1215 6059 1378 6138 ,solvitur
1396 6057 1544 6147 plebano
1558 6110 1567 6128 .
1582 6110 1590 6127 .
1604 6079 1632 6146 .;
1658 6058 1742 6128 item
1760 6062 1816 6128 est

263 6187 313 6258 ibi
337 6185 487 6260 taberna
511 6184 659 6276 plebani,
687 6203 775 6274 quae
802 6181 907 6255 solvit
933 6203 998 6273 pro
1025 6202 1131 6254 censu
1159 6236 1166 6250 .
1193 6234 1202 6250 .
1229 6234 1237 6251 .

980 6301 1112 6374 Ituran

366 6423 461 6501 Villa
495 6424 626 6500 habens
653 6422 885 6517 parochialem
912 6421 1112 6513 ecclesiam,
1138 6442 1240 6494 muro
1266 6418 1404 6513 lapideo
1431 6418 1577 6512 pulchro
1604 6438 1727 6510 opere,
1753 6438 1817 6509 per

264 6546 453 6650 Hearioupr
470 6548 522 6666 de
535 6547 658 6642 Repu
683 6547 886 6622 canonicum
912 6542 1175 6622 ureneviensen
1192 6564 1263 6616 uua
1279 6563 1359 6618 cum
1376 6542 1584 6626 coemeterio
1600 6540 1817 6631 fabricatam,

368 6715 578 6762 ammae
1313 6754 1318 6764 .
1611 6690 1650 6739 ²⁶
