4200 8342
333 1293 362 1350 ψ

227 1585 318 1666 ,564

242 1796 401 1869 undecim
430 1795 522 1869 lanei
550 1794 790 1888 cmetlronales,
818 1796 901 1870 item
928 1796 1105 1890 tabernae,
1133 1796 1215 1872 item
1233 1795 1462 1887 hortulaniae,
1490 1796 1573 1873 item
1601 1797 1794 1892 praedium,

243 1920 285 1991 de
313 1920 437 2011 quibus
465 1920 623 1992 omnibus
651 1920 799 1991 solvitur
826 1927 861 1990 et
887 1920 1092 1993 conducitur
1128 1921 1259 1993 decima
1285 1919 1529 2012 manipularis,
1556 1942 1620 2012 pro
1646 1922 1795 1995 ecclesia

241 2043 276 2111 in
303 2040 572 2131 Jarosclrin,
600 2042 697 2112 cuius
724 2042 823 2113 valor
849 2038 1054 2114 aestimatur
1081 2043 1125 2115 ad
1153 2043 1310 2114 undecim
1338 2064 1481 2114 marcas

343 2163 613 2266 Bsonowsacm‘n,
650 2164 732 2234 villa
768 2165 832 2236 sub
859 2164 1025 2254 parochia
1051 2165 1094 2236 de
1120 2164 1143 2236 J
1153 2165 1373 2236 aroschin
1409 2165 1495 2254 sita,
1531 2165 1629 2236 onius
1667 2166 1793 2236 haeres
1837 2246 1839 2249 .

121 2339 127 2354 2
240 2281 452 2356 Warsius
485 2281 776 2373 Michousky
812 2284 854 2355 de
889 2286 995 2384 armis
1029 2285 1169 2357 Rawa.
1213 2286 1253 2356 In
1289 2306 1358 2375 qua
1393 2291 1475 2357 sunt
1511 2286 1663 2376 quinque
1697 2283 1793 2358 lanei

240 2406 484 2495 cmethonales,
511 2407 594 2476 itam
621 2405 806 2496 tabernae,
834 2406 917 2476 item
943 2393 1174 2497 lrortulaniae,
1201 2406 1244 2477 de
1272 2407 1396 2496 quibus
1423 2407 1572 2479 solvitur
1598 2411 1634 2478 et
1659 2406 1792 2478 condu-

240 2530 331 2600 citur
357 2526 490 2598 decima
516 2526 740 2616 manipularis
767 2546 830 2616 pro
858 2530 1069 2599 monasterio
1096 2526 1243 2599 Sanctae
1280 2527 1420 2618 Crucis,
1457 2533 1492 2599 et
1518 2528 1617 2600 valor
1643 2526 1792 2599 eiusad
1844 2549 1847 2553 ·

240 2627 392 2740 quatuor
413 2667 556 2719 marcas.
582 2648 669 2718 Item
695 2647 876 2737 praedium
902 2648 952 2720 ibi
979 2650 1126 2740 unicum,
1153 2649 1196 2720 de
1223 2670 1292 2740 quo
1320 2649 1512 2721 decimatur
1538 2649 1702 2721 ecclesiae
1728 2670 1793 2738 pa·

239 2770 384 2842 rochiali
411 2771 445 2840 in
473 2769 675 2859 Olexow,
694 2770 791 2841 cuins
819 2769 916 2841 valor
942 2771 987 2842 ad
1013 2770 1101 2842 duas
1128 2791 1272 2843 marcas.

340 2888 495 2980 Lauren,
522 2891 605 2962 villa
632 2893 696 2963 sub
725 2893 890 2981 parochia
916 2890 1259 2980 de'Jaroschin,
1295 2892 1392 2962 66166
1419 2892 1543 2964 166666
1571 2889 1786 2973 Warsius

239 3011 526 3103 Michowslry
553 3014 596 3084 de
625 3014 730 3085 armis
757 3012 899 3086 Rawa.
926 3012 966 3083 ln
994 3033 1062 3104 qna
1088 3019 1171 3084 sunt
1197 3018 1329 3101 septem
1355 3012 1447 3083 lanei
1475 3011 1724 3116 cmetlronales,
1745 3012 1791 3084 de

238 3135 362 3223 quibus
389 3135 581 3210 decimatur
607 3115 817 3206 monasterio
843 3132 990 3206 Sanctae
1008 3132 1140 3224 Gracia,
1167 3134 1264 3205 cuius
1284 3134 1381 3205 valor
1399 3134 1443 3204 ad
1462 3133 1614 3225 quinque
1643 3128 1789 3205 mordas.

235 3254 322 3326 Item
349 3277 417 3327 non
444 3261 499 3327 ast
524 3257 574 3328 ibi
601 3256 789 3346 praedium,
817 3275 886 3327 non
912 3260 995 3327 sunt
1020 3255 1197 3344 tabernae,
1225 3275 1337 3344 neque
1362 3254 1593 3327 hortulaniae.
1650 3295 1659 3308 ·
1722 3306 1726 3312 -

340 3375 673 3467 Pnacuownrnnn,
701 3377 783 3449 villa
800 3375 864 3449 sub
882 3376 1048 3467 parochia
1076 3376 1118 3446 dc
1135 3375 1159 3447 J
1165 3375 1356 3447 66666116
1384 3377 1464 3467 sita,
1492 3377 1589 3448 cuins
1615 3374 1792 3448 haeredes

234 3497 410 3568 lohannes
438 3505 474 3569 ot
499 3497 663 3568 Nicolaus
689 3496 996 3589 Skowyeszlry
1023 3497 1066 3568 de
1093 3498 1199 3569 armis
1226 3498 1367 3570 Rawa.
1416 3499 1456 3569 16
1484 3518 1553 3589 qua
1579 3503 1660 3569 sunt
1686 3496 1779 3567 lanei

236 3617 479 3707 cmethonales,
507 3616 549 3688 de
577 3617 702 3709 quibus
730 3617 877 3689 solvitur
903 3617 1036 3689 decima
1062 3617 1288 3708 manipularis
1316 3640 1379 3707 pro
1398 3618 1611 3689 monasterio
1638 3616 1791 3689 Sanctae

236 3736 374 3828 Crucis,
402 3738 445 3809 de
472 3738 567 3828 agris
593 3738 764 3830 antiquis;
799 3737 843 3810 de
869 3739 963 3829 agris
990 3759 1074 3810 vcro
1101 3739 1284 3827 extirpatis
1311 3740 1405 3810 ultra
1431 3745 1601 3827 montem,
1638 3738 1789 3810 solvitur

235 3857 367 3929 decima
403 3859 591 3948 pecunialis
618 3880 681 3949 per
706 3880 768 3930 sex
794 3879 935 3948 grossos
971 3879 1187 3950 communes,
1210 3835 1286 3949 'pro
1314 3861 1516 3951 episcopatu
1552 3858 1788 3948 Gracovieosi3
1828 3939 1835 3954 ‚

235 3983 279 4049 ct·
298 4000 368 4052 non
395 3986 477 4052 sunt
498 3979 552 4053 ibi
578 3973 755 4072 tabernae,
782 4001 894 4071 neque
921 3980 1111 4072 praedium.

880 4203 1137 4277 Sanczncnow.

292 4405 296 4412 .
338 4340 517 4432 Oppidum
538 4325 668 4413 161666
695 4342 873 4422 ecclesiam
892 4342 1128 4432 parochialem
1147 4343 1182 4413 in
1202 4361 1239 4416 se
1257 4342 1418 4432 ligneam,
1446 4342 1572 4414 Sancto
1591 4342 1784 4414 Laurentio

234 4461 393 4550 dicatam,
421 4462 517 4531 cuius
544 4462 739 4550 proprietas
766 4451 811 4533 ad
836 4462 1084 4533 monasterium
1111 4462 1421 4535 Szeczeclroviense
1449 4464 1609 4552 pertinet.
1644 4464 1686 4535 In
1713 4485 1787 4554 quo

233 4588 315 4654 6661
341 4582 459 4656 dacem
486 4589 521 4653 ct
548 4588 626 4654 octo
663 4581 754 4652 lanei
793 4581 1061 4673 oppidanorum,
1098 4581 1293 4671 dequibus
1328 4583 1477 4655 solvitur
1503 4590 1539 4654 et
1566 4583 1782 4674 conducitur,

231 4705 364 4776 decima
399 4703 626 4794 manipularis
653 4708 689 4773 ct
716 4702 889 4793 canapalis
924 4724 988 4794 pro
1016 4705 1228 4776 monasterio
1264 4703 1585 4795 Szcczeclrovicnsi,
1621 4711 1658 4776 et
1684 4705 1785 4778 valor

231 4828 305 4897 eius
332 4819 534 4897 aestimatur
562 4827 607 4896 ad
634 4826 757 4915 viginti
774 4845 917 4897 marcas.
948 4819 1036 4895 Item
1063 4826 1209 4898 ecclesia
1235 4831 1270 4896 ct
1297 4826 1464 4917 plebanus
1491 4826 1597 4898 habet
1625 4826 1674 4898 ibi
1700 4847 1784 4917 pro-
1838 4903 1844 4912 ,
1894 4895 1896 4900 .

231 4949 326 5037 prios
361 4969 464 5037 agros
491 4955 528 5018 ct
554 4953 672 5038 prata,
708 4968 772 5037 pro
808 4968 871 5019 666
905 4969 971 5020 666
998 4954 1033 5019 61
1060 4948 1275 5021 66666611616.
1319 4948 1407 5020 Item
1443 4947 1600 5039 praelata
1635 4948 1783 5021 ecclesia

229 5069 336 5139 habet
363 5069 466 5141 aliam
483 5061 830 5141 ‘ecclesiamz'filialem
858 5070 893 5139 in
920 5070 1005 5142 villa
1030 5070 1431 5174 Brzyeschnycza,
1458 5069 1596 5142 Sanctis
1623 5068 1795 5162 Ν166166,Ι

231 5187 423 5279 leonardo,
450 5187 658 5261 Catherinae
686 5197 721 5261 et
740 5189 996 5289 *Margarcthae
1024 5192 1182 5282 dicatam,
1210 5198 1353 5282 propter
1379 5198 1549 5277 remotam
1576 5186 1782 5272 distantiam
1866 5165 1872 5179 ’

229 5309 412 5399 parochiae
440 5308 655 5389 aedificatam
682 5311 787 5402 ligno,
814 5317 851 5383 ct
867 5318 1048 5404 utramque
1075 5313 1243 5402 61616666
1271 5312 1314 5383 de
1341 5310 1643 5385 Sacczechow
1670 5311 1783 5385 admi·
1835 5371 1840 5382 .

230 5434 372 5520 nistrat,
409 5437 444 5501 et
471 5431 525 5501 166
551 5432 797 5522 praesentandi
832 5434 938 5505 habet
965 5455 1070 5526 snper
1097 5440 1282 5526 utramque
1318 5425 1709 5508 6116661666666166
1735 5423 1799 5508 de*
1836 5435 1866 5472 ²

230 5550 548 5654 Szcczechow,
1326 5570 1331 5582 “
1702 5558 1705 5564 ’
1744 5547 1781 5612 '2³

333 5674 479 5746 Wonrn
507 5672 848 5765 Sznczncuowsnn,
883 5675 966 5746 villa
1001 5677 1064 5747 sub
1101 5676 1336 5767 parochiade
1362 5661 1664 5750 saeczecho'iv
1700 5679 1780 5770 sito,

229 5797 325 5868 carius
352 5798 547 5887 proprietas
575 5796 620 5867 ad
647 5797 892 5868 monasterinm
912 5796 1222 5870 Saeczechoviense
1249 5799 1410 5889 pertinet.
1437 5798 1477 5871 In
1497 5820 1566 5891 qna
1592 5805 1673 5872 snnt
1691 5799 1779 5870 dno-

229 5917 336 5989 decim
373 5918 464 5989 lanei
501 5918 753 6021 cmethonales,
790 5920 871 5990 item
907 5924 962 5990 est
987 5919 1036 5990 ibi
1057 5923 1133 5992 'una
1169 5920 1330 5992 scultetia
1365 5921 1497 5992 161666
1533 5921 1621 5993 dnos
1657 5920 1778 5992 laneos

227 6038 372 6129 liberos,
409 6038 603 6129 dequibus
640 6039 798 6123 omnibns
833 6040 983 6113 solvitur
1008 6046 1043 6112 et
1068 6042 1274 6114 conducitur
1309 6042 1444 6114 decima
1476 6041 1703 6133 manipularis
1739 6048 1777 6114 61

226 6155 409 6250 canapalis,
436 6171 502 6249 pro'
526 6160 739 6262 monasterio
764 6158 1075 6264 Saeczechoviensi,
1102 6163 1199 6234 cuius
1226 6163 1324 6235 valor
1342 6139 1386 6234 ad
1403 6170 1484 6235 6616
1511 6182 1645 6236 marcas
1671 6163 1777 6233 aesti-¹

226 6285 351 6352 matur.
386 6280 475 6351 ltcm
501 6282 657 6353 suntibi
684 6281 773 6352 dnae
809 6282 1046 6374 hortolaniae,
1083 6289 1119 6355 et
1146 6306 1216 6357 una
1249 6285 1415 6375 taberna,
1451 6285 1609 6358 sednon
1644 6277 1777 6356 161661

111 6457 114 6462 .
226 6421 339 6490 agros.
