4200 8342
262 1615 332 1687 118

360 1822 660 1914 Vcennowrcza
688 1825 771 1896 villa
797 1826 861 1896 sub
888 1827 1052 1916 parochia
1079 1829 1122 1897 de
1148 1828 1461 1921 Nyegowyecz
1488 1830 1558 1900 sita
1593 1830 1697 1902 cuius
1718 1831 1796 1901 hae·

257 1964 312 2013 res
332 1997 445 2012 .....

360 2063 617 2155 Szwrnowns,
644 2067 726 2136 villa
744 2068 808 2138 sub
827 2069 992 2159 parochia
1009 2069 1174 2143 ecelesiae
1192 2070 1247 2141 de
1261 2069 1294 2140 N
1304 2086 1573 2171 yegosayecz
1589 2069 1670 2143 sita
1705 2071 1796 2142 cuius

256 2183 378 2256 haeres
397 2238 512 2256 .....
584 2218 587 2227 ·
1562 2178 1565 2183 ’

968 2310 1096 2383 Gnow.

360 2429 455 2499 Villa
501 2430 634 2500 habens
670 2431 705 2500 iu
732 2451 770 2501 se
796 2432 1031 2520 parochialem
1066 2432 1244 2504 ecclesium
1271 2438 1462 2523 muratam,
1489 2432 1638 2505 Sanctae
1665 2433 1796 2504 Mariae

258 2546 444 2618 Nativitati
462 2549 618 2641 dicatam,
647 2552 743 2640 cuius
762 2552 884 2622 haeres
903 2551 1108 2624 Stanislans
1122 2552 1464 2645 Wyelopolslry·
1482 2553 1532 2625 dc·
1553 2553 1655 2624 domo
1684 2554 1799 2624 Anti-

259 2689 447 2757 qnorum
475 2670 713 2760 Equorum.
739 2668 781 2742 In
809 2693 881 2762 qua
903 2679 984 2744 sunt
1009 2674 1101 2744 lanei
1123 2673 1379 2764 cmethonales,
1414 2675 1498 2746 item
1524 2675 1695 2746 tabernae
1713 2682 1798 2764 tres,

258 2788 343 2858 item
368 2789 605 2882 hortulaniae‚
641 2792 684 2864 de
712 2793 835 2882 quibus
871 2792 1017 2865 solvitur
1043 2800 1080 2866 et
1106 2793 1311 2867 conducitur
1328 2794 1479 2867 -decima
1511 2795 1740 2886 manipularis
1764 2802 1798 2866 et

258 2910 432 2999 canapalis
458 2932 531 3001 pro
567 2913 712 2985 ecclesia
741 2919 779 2984 et
805 2913 952 3002 plebano
988 2915 1024 2985 in
1061 2912 1215 3005 Gdow,
1250 2916 1348 2986 cuius
1383 2915 1483 2986 valor
1518 2916 1725 2986 aestimatur
1748 2914 1799 2985 ad

258 3029 382 3119 viginti
410 3038 446 3102 et
472 3032 566 3104 ultra
591 3054 735 3105 marcas.
762 3034 850 3105 Item
878 3041 932 3105 est
957 3036 1007 3105 ibi
1032 3021 1213 3125 praedium
1240 3036 1400 3125 militare,
1426 3034 1585 3107 decuius
1613 3036 1709 3125 angs
1736 3035 1800 3106 sol-

257 3151 351 3221 vitur
377 3152 511 3223 decima
536 3155 761 3244 manipularis
788 3155 953 3226 ecolesIae
980 3157 1016 3226 iu
1043 3153 1196 3246 Gdow,
1231 3157 1366 3228 eteius
1398 3156 1496 3227 valor
1526 3155 1737 3227 aestimatur
1761 3155 1801 3226 ad

258 3276 330 3341 tres
357 3293 500 3344 marcas.
527 3274 614 3345 Item
640 3275 785 3346 ecclesia
812 3281 849 3346 et
875 3277 1042 3365 plebanus
1077 3277 1184 3348 habet
1208 3277 1258 3350 ihi
1295 3276 1454 3369 proprios
1481 3295 1584 3366 agros
1612 3277 1740 3347 liberos
1766 3281 1799 3347 et

258 3397 369 3482 prata,
397 3414 460 3483 pro
488 3414 551 3465 suo
578 3416 652 3485 usu,
679 3396 822 3485 praedio
850 3402 885 3469 et
911 3399 1125 3469 necessitate.

361 3512 586 3606 Sannum,
621 3516 704 3587 villa
729 3517 793 3588 snb
820 3518 986 3606 parochia
1012 3518 1056 3588 de
1083 3517 1220 3590 Gdow
1246 3517 1331 3608 sita,
1368 3518 1465 3588 cuius
1491 3516 1661 3589 haeredes
1690 3515 1801 3587 Steni-

259 3632 352 3702 slaus
379 3639 415 3704 et
440 3634 617 3707 Johannes
653 3636 695 3707 dc
722 3637 827 3707 armis
854 3638 1106 3728 Druszyna.
1134 3639 1190 3709 'In
1223 3658 1292 3728 qna
1318 3644 1399 3709 suut
1434 3636 1526 3707 lanei
1561 3637 1802 3726 cmethonales,

259 3756 343 3825 item
370 3776 439 3826 una
465 3758 611 3828 taberna
637 3763 673 3829 et
699 3759 897 3829 hortulauia
923 3759 1092 3830 habentes
1119 3778 1240 3848 agros,
1268 3757 1311 3829 de
1339 3759 1463 3848 quibus
1490 3758 1639 3829 solvitur
1675 3756 1803 3828 decima

259 3876 397 3952 sicariis
424 3878 589 3950 ecclesiae
617 3877 864 3950 cracoviensis.
891 3879 978 3949 Item
1005 3885 1059 3949 cst
1085 3879 1135 3951 ihi
1161 3878 1342 3969 praedium
1368 3899 1483 3968 unum,
1510 3877 1553 3951 de
1584 3879 1682 3949 cuins
1710 3877 1800 3967 agris

259 3996 450 4070 decimatur
475 3999 622 4091 plebano
649 4005 685 4071 et
711 4000 876 4071 ecclesiae
902 3999 939 4070 iu
967 3997 1120 4090 (idom,
1148 4000 1245 4070 cuius
1271 3998 1371 4070 calm
1398 3998 1555 4069 extendit
1582 4017 1619 4068 se
1646 3997 1692 4068 ad
1720 3996 1802 4067 duas

258 4140 402 4191 marcas.
1024 4174 1027 4179 .

361 4241 657 4331 Psennowrcza,
683 4242 767 4313 villa
793 4243 856 4315 sub
875 4241 1041 4332 parochia
1068 4236 1110 4311 de
1138 4237 1273 4312 Gdow
1300 4240 1377 4329 sita,
1396 4239 1493 4309 cuius
1510 4237 1680 4309 haeredes
1699 4237 1800 4310 Nico·

258 4362 333 4433 laus
359 4360 537 4433 Johannes
564 4368 600 4433 et
626 4361 819 4433 Stanislaus
846 4362 889 4433 de
916 4363 1023 4433 armis
1047 4361 1295 4452 Drusz·yna
1338 4360 1380 4430 In
1407 4380 1479 4450 qua
1502 4365 1583 4430 sunt
1609 4365 1689 4430 octo
1715 4358 1805 4428 lanei

261 4482 503 4571 cmethonaleS,
531 4481 573 4553 de
601 4483 724 4573 quibus
752 4484 899 4555 solvitur
926 4482 1058 4553 deonna
1084 4502 1148 4572 pro
1174 4480 1385 4552 monasterio
1413 4478 1450 4551 S.·
1473 4479 1622 4570 Spiritus
1649 4481 1686 4549 in
1706 4479 1805 4551 Gra·

259 4603 407 4692 coria,
434 4622 497 4692 per
523 4602 603 4674 olim
631 4602 817 4693 Sbigneum
843 4604 886 4675 de
913 4603 1006 4674 dicta
1032 4601 1368 4692 Phalkowycze
1394 4600 1553 4689 nobilem,
1581 4599 1734 4671 alienata
1761 4598 1804 4669 ab

259 4724 403 4793 ccclesia
429 4724 464 4793 in
492 4721 635 4795 Gdow.
679 4724 767 4794 Item
796 4729 849 4795 est
874 4726 924 4795 ibi
950 4745 1058 4794 uuum
1089 4722 1287 4812 praedium,
1323 4722 1366 4792 de
1394 4720 1490 4792 cuius
1526 4720 1620 4810 agris
1656 4720 1803 4791 solvitur
1865 4804 1870 4811 ‚

259 4844 392 4915 decima
427 4844 652 4934 manipularis
688 4845 851 4916 ecclesiae
878 4846 914 4916 lu
941 4843 1094 4934 Gdow,
1131 4844 1228 4915 cuius
1254 4843 1355 4914 valor
1392 4840 1549 4913 extendit
1583 4860 1620 4912 se
1647 4839 1692 4911 ad
1720 4840 1804 4911 duas

260 4986 335 5035 cum
363 4965 477 5036 media
502 4984 645 5037 marcas.
1123 4954 1135 4972 ’
1189 5016 1191 5020 >

361 5082 594 5175 Gazrnows,
620 5086 703 5157 villa
729 5087 793 5159 sub
821 5087 987 5178 parochia
1013 5085 1056 5156 de
1084 5082 1218 5157 Gdow
1236 5083 1312 5172 sita
1340 5082 1435 5153 cuius
1461 5082 1585 5153 haeres
1612 5079 1806 5152 Stanislans

260 5205 596 5296 Wyelopolsky
621 5207 664 5277 de
692 5207 793 5279 domo
828 5208 1138 5297 Antiquarum
1173 5205 1412 5294 Equorum.
1447 5203 1488 5273 Iu
1515 5223 1583 5292 qua
1609 5209 1692 5288 snut
1718 5201 1840 5270 lanei¹

258 5326 510 5415 amethonaleS‚
547 5327 740 5417 dequibus
768 5329 914 5400 solvitur
950 5327 1083 5398 decima
1101 5380 1215 5397 .....
1250 5325 1338 5396 Item
1365 5331 1421 5395 est
1445 5324 1495 5394 ibi
1522 5343 1625 5394 unum
1654 5322 1805 5393 militare

259 5446 457 5536 praedium,
484 5445 528 5516 de
555 5468 622 5537 quo
641 5447 832 5520 decimatur
858 5450 1022 5520 ecclesiae
1049 5449 1085 5518 iu
1114 5445 1256 5535 Gdow,
1284 5447 1380 5516 cuius
1406 5443 1504 5515 valor
1531 5443 1736 5514 aestimatur
1764 5440 1808 5511 ad

259 5587 362 5637 unam
389 5587 549 5637 marcam.
830 5576 833 5581 '

362 5687 645 5760 Szazssczrcza
670 5710 809 5778 acaron,
836 5690 919 5760 villa
945 5691 1009 5762 suh
1036 5689 1201 5780 parochia
1228 5686 1270 5758 de
1298 5683 1434 5756 Gdow
1460 5684 1539 5774 sita,
1566 5684 1663 5756 ouius
1681 5683 1807 5753 haeres

257 5811 435 5882 Johannes
463 5810 673 5882 Skurbek
700 5811 744 5882 de
771 5812 877 5881 armis
903 5811 1164 5901 Druszyna‚
1199 5809 1236 5878 in
1263 5827 1331 5897 qua
1358 5811 1439 5877 sunt
1466 5804 1574 5893 lanei,
1610 5804 1654 5875 de
1681 5804 1807 5892 quibus

259 5932 405 6003 solvitur
432 5932 565 6003 decima
591 5933 816 6023 manipularis
843 5931 1007 6003 ecclesiae
1033 5932 1068 6001 in
1097 5927 1243 6016 Gdorr‚
1270 5927 1367 5998 cuius
1393 5926 1493 5997 valor
1519 5923 1675 5996 extendit
1701 5945 1739 5994 se
1766 5921 1810 5994 ad

259 6053 409 6143 quinque
434 6052 595 6124 fertones.

362 6171 644 6246 Szazasczrcan
671 6196 807 6264 cirson,
835 6174 920 6244 villa
938 6173 1002 6243 sub
1021 6172 1186 6262 parochia
1208 6170 1251 6241 de
1270 6166 1393 6240 Gdow
1411 6170 1495 6256 sita,
1524 6165 1621 6237 cuius
1641 6165 1808 6236 haeredes

258 6295 375 6386 plures
412 6293 545 6365 nobiles
572 6293 615 6363 dc
644 6296 747 6366 variis
775 6296 889 6366 armis.
925 6293 965 6364 In
993 6314 1062 6382 qua
1088 6299 1170 6363 sunt
1195 6291 1285 6362 lanei
1322 6289 1574 6378 emethonales,
1610 6285 1806 6376 dequibus

259 6417 405 6488 solvitur
432 6415 563 6485 decima
597 6416 822 6505 manipularis
858 6422 938 6506 post
965 6436 1082 6487 omnes
1118 6435 1221 6504 agros
1257 6412 1442 6504 miIItares,
1478 6409 1644 6481 ecclesiae
1672 6406 1807 6479 eteius

260 6538 407 6634 plebano
434 6537 469 6607 in
497 6536 637 6609 Gdow.
