4200 8342
263 1624 310 1698 62

259 1832 454 1922 proprietas
490 1831 535 1902 ad
562 1832 819 1909 serenissimum
855 1830 1020 1902 Poloniae
1055 1849 1174 1921 regem
1208 1830 1380 1921 pertinet,
1415 1830 1451 1900 in
1479 1834 1657 1920 quaeunt
1687 1829 1809 1911 ‚decem

258 1952 350 2023 lanei
377 1952 621 2042 emethouales;
648 1953 732 2023 item
759 1973 868 2043 prope
896 1951 1023 2023 dictam
1051 1951 1168 2022 villam
1195 1956 1249 2022 est
1276 1951 1431 2040 taberna,
1458 1944 1507 2021 ad
1528 1949 1722 2041 praelatam
1746 1950 1808 2021 vil·

130 2080 132 2084 ’
258 2074 326 2144 lam
354 2047 717 2164 Trojanowicze
753 2073 951 2162 pertinens,
992 2073 1027 2142 in
1056 2076 1168 2142 strata
1193 2071 1348 2161 putha,
1373 2069 1499 2153 „eundo
1532 2070 1569 2141 in
1595 2069 1807 2147 Szstlralam

258 2195 334 2283 sita,
361 2192 484 2265 vocata
510 2193 737 2283 Kuthlow,
764 2193 895 2264 hahens
923 2213 1026 2283 agros
1053 2192 1229 2282 speciales.
1273 2190 1368 2262 Item-
1388 2190 1424 2263 in
1450 2190 1604 2262 vicinatu
1630 2190 1807 2282 praefatae

257 2315 424 2387 tabernae
451 2320 532 2386 sunt
549 2315 637 2385 certi
655 2315 732 2404 agri
749 2313 853 2413 villae
875 2312 1051 2404 praefatae
1078 2312 1458 2403 Troyanowicze,
1483 2311 1529 2383 de
1556 2311 1683 2402 quibus
1701 2312 1806 2384 omni·

257 2436 322 2506 bus
349 2437 429 2506 sine·
452 2435 679 2506 diminutione
706 2435 854 2506 solvitur
881 2440 917 2506 et
943 2433 1147 2507 conducitur
1174 2432 1308 2505 decima
1332 2432 1558 2524 manipularis
1576 2436 1613 2504 et
1631 2433 1805 2523 canapalis

258 2577 322 2645 pro
349 2556 481 2627 vicaria
506 2554 725 2646 praebendae
752 2554 999 2645 Gracoriensis,
1028 2574 1124 2646 quae·
1141 2558 1293 2626 vomunt
1312 2553 1621 2643 Racziberewska,
1648 2558 1686 2624 et
1710 2553 1805 2625 valer

258 2677 332 2748 eius
360 2677 565 2749 aestimatur
590 2676 635 2746 ad
663 2682 741 2749 ecto
767 2696 911 2747 mareas.
942 2677 1031 2747 ltem
1058 2681 1120 2750 est
1139 2675 1189 2748 ibi
1214 2674 1396 2764 praedium
1422 2675 1561 2745 unicum
1586 2673 1740 2764 regium,
1766 2673 1806 2745 de

258 2799 355 2869 euius
382 2799 476 2889 agris
504 2798 650 2870 soluitur
678 2796 811 2868 decima
828 2796 1054 2887 manipularis
1077 2794 1141 2887 pro
1160 2794 1263 2867 altari
1282 2793 1401 2867 Sancti
1418 2793 1590 2868 Vladislai
1607 2794 1644 2865 in
1662 2795 1807 2867 ecclesia

257 2916 488 3009 Craeoriensi,
516 2923 553 2991 ct
578 2918 678 2992 valor
705 2918 779 2989 eius
806 2918 1013 2989 aestimatur
1039 2917 1085 2988 ad
1112 2922 1262 3009 quatuor
1287 2937 1432 2988 marcas.

361 3039 729 3130 Pnzrnrsnawrczn,
766 3039 850 3111 villa
885 3039 949 3111 sub
976 3039 1143 3128 parochia
1177 3036 1220 3111 de
1247 3035 1557 3128 Gyebolthow
1585 3039 1673 3129 sita,
1712 3038 1806 3110 euius

258 3161 380 3232 haeres
408 3159 601 3233 Stanislaus
628 3159 938 3251 Oraczowsky
974 3158 1018 3231 de
1043 3159 1167 3235 armis·
1187 3158 1482 3251 Srzenyawa,
1517 3160 1639 3232 etalii
1665 3159 1806 3248 nobiles,

256 3282 293 3352 in
320 3288 498 3371 quaeunt
525 3280 703 3353 duodecim
730 3261 917 3370 hortulani,
943 3281 1112 3353 habentes
1140 3300 1243 3369 agros
1261 3260 1438 3371 speciales,
1465 3280 1549 3353 item
1577 3279 1666 3383 duae
1693 3282 1807 3352 taher-

257 3422 332 3490 nae,
359 3402 527 3474 habentes
555 3423 659 3493 agros
686 3402 792 3473 eliam
820 3399 997 3491 speciales,
1024 3398 1068 3471 de
1095 3399 1220 3489 quibus
1247 3400 1406 3472 omnibus
1433 3407 1470 3473 et
1495 3401 1671 3473 nonnullis
1698 3401 1807 3492 pecie-

257 3523 322 3592 hus
349 3541 511 3612 agrorum
545 3507 831 3611 amethonalium,
868 3522 928 3612 qui
958 3524 1127 3592 vocantur
1152 3517 1261 3615 eloy,
1297 3540 1359 3592 seu
1376 3517 1623 3618 przymparlcy,
1653 3522 1806 3594 solvitur

258 3644 391 3714 decima
417 3644 643 3735 manipularis
671 3648 706 3714 et
724 3664 787 3733 per
806 3642 891 3714 duas
918 3643 1096 3714 iuncturas
1124 3641 1301 3732 canapalis
1328 3641 1478 3713 vicariae
1501 3642 1545 3715 ad
1566 3642 1807 3734 praebendam,

183 3788 186 3795 ¹
258 3784 346 3854 quae
375 3769 520 3836 vocatur
545 3764 828 3854 Raciborewsha,
855 3764 1035 3853 spectanti,
1063 3768 1099 3834 et
1116 3762 1214 3834 valor
1241 3763 1315 3834 eius
1341 3763 1549 3834 aestimatur
1565 3764 1609 3834 ad
1627 3770 1702 3836 tres
1719 3785 1807 3837 mar·

258 3906 325 3956 cas.
352 3885 439 3956 Item
467 3890 548 3956 suut
573 3885 623 3956 ihi
650 3884 717 3957 duo
744 3885 899 3976 praedia·
914 3883 1100 3974 militaria3
1126 3884 1210 3955 item
1237 3882 1345 3975 aliqui
1372 3883 1464 3956 lanei
1491 3885 1739 3975 cmethonales,
1765 3885 1805 3957 de

257 4006 382 4095 quihus
410 4005 544 4077 decima
570 4007 674 4077 datur
692 4006 857 4078 eeclesiae
884 4011 920 4077 et
946 4005 1094 4095 plebane
1122 4006 1159 4075 in
1187 4002 1505 4103 Giebolthom,
1532 4008 1805 4098 exceptisprae·

255 4126 336 4198 latis
363 4127 534 4217 peciebus,
563 4127 648 4199 alias
675 4123 776 4222 nimy,
804 4126 847 4198 de
875 4127 999 4216 quihus
1027 4125 1219 4196 decimatur
1245 4146 1309 4214 pre
1336 4125 1477 4197 vicaria
1494 4126 1662 4217 praefata

359 4246 557 4338 Owoznar,
583 4249 668 4320 villa
685 4249 749 4319 sub
767 4247 935 4337 parochia
961 4246 1003 4342 de
1031 4244 1340 4338 Gyebolthow
1365 4248 1444 4338 sita,
1472 4254 1640 4338 quantum
1658 4248 1702 4321 ad
1720 4249 1806 4321 mili·

256 4374 311 4439 tes
347 4369 383 4437 in
410 4388 452 4438 ea
478 4368 689 4457 residentes,
726 4371 891 4459 quantum
927 4388 1009 4439 vero
1046 4366 1091 4461 ad
1117 4367 1348 4458 emethones,
1371 4369 1524 4460 pertinet
1557 4369 1602 4440 ad
1628 4371 1805 4442 eeclesiam

257 4488 490 4578 parochialem
517 4489 554 4559 in
589 4489 862 4580 Kerzhyew,
900 4487 1031 4579 inqua
1065 4494 1147 4560 sunt
1182 4487 1361 4560 haeredes.
1384 4488 1546 4563 Hanko
1581 4495 1619 4562 et
1646 4489 1804 4582 Weye·

258 4609 416 4680 wodka
442 4609 485 4680 de
513 4608 613 4681 domo
639 4607 895 4701 Ostoyapin
924 4631 991 4700 qua
1018 4614 1099 4712 sunt
1125 4630 1186 4681 sex
1212 4610 1305 4681 lanei
1332 4610 1584 4701 emethenales,
1613 4611 1696 4683 item
1726 4631 1805 4702 qua·

258 4735 349 4827 tuor.
365 4731 601 4819 hortulaniae,
637 4731 806 4803 habentes
830 4751 955 4820 agros3
990 4730 1074 4801 item
1101 4750 1260 4822 dampna,
1287 4731 1332 4802 ad
1353 4710 1428 4804 duo
1455 4731 1569 4804 stadia
1594 4734 1804 4822 aestimatus

257 4851 359 4922 villae
396 4851 530 4923 vicinae
566 4852 727 4923 videlicet
762 4850 1191 4943 Przyhislawycze,
1228 4872 1250 4921 a
1285 4852 1368 4923 villa
1403 4851 1623 4945 Ouezary
1663 4860 1805 4945 propter

257 4971 529 5043 interfectionem
557 4973 721 5063 mulieris,
748 4974 784 5044 in
803 4972 925 5044 eodem
949 4992 1070 5061 campe
1089 4972 1231 5061 occisae,
1259 4971 1466 5064 abstractus
1491 4973 1536 5045 de
1555 4975 1681 5065 quihus
1699 4974 1804 5048 omni·

256 5093 321 5162 hus
348 5091 496 5163 solvitur
523 5097 558 5162 et
585 5091 788 5165 conducitur
814 5091 946 5163 decima
965 5091 1192 5183 manipularis
1210 5098 1247 5163 et
1264 5095 1441 5184 canapalis
1468 5115 1532 5186 pro
1559 5095 1690 5167 vicaria
1707 5116 1804 5186 prae

257 5211 389 5282 hendae
417 5210 664 5304 Craeoviensis,
693 5234 780 5302 quae
799 5219 943 5285 vocatur
961 5212 1213 5302 Krzeslawslra,
1240 5219 1276 5285 el
1303 5215 1403 5286 valor
1429 5217 1503 5287 eius
1530 5216 1739 5288 aestimatur
1763 5214 1805 5288 ad

257 5330 344 5401 duas
370 5351 514 5402 marcas.
541 5332 628 5403 Item
656 5339 738 5403 sunl
756 5334 805 5404 ihi
823 5333 891 5405 duo
918 5334 1063 5423 praedia
1080 5334 1255 5425 militaria,
1282 5334 1468 5426 dequibus
1491 5337 1682 5410 decimatur
1699 5336 1805 5409 eccle·

257 5451 328 5522 siae
356 5451 390 5522 in
419 5449 740 5544 Gyeholthow,
768 5457 803 5525 et
829 5454 927 5526 valer
953 5454 1027 5526 eius
1056 5455 1260 5527 aestimatur
1286 5456 1330 5527 ad
1357 5456 1443 5530 duas
1469 5476 1614 5529 marcas.

941 5574 1132 5647 Seuerou.

361 5692 464 5784 Villa,
491 5695 623 5766 hahens
649 5694 884 5784 parochialem
912 5694 1091 5767 ecelesiam
1118 5697 1267 5787 ligneam
1295 5698 1331 5768 in
1358 5718 1405 5788 se,
1434 5698 1580 5771 Sanctae
1598 5697 1806 5772 catherinae

258 5814 383 5904 virgini
410 5815 583 5905 gloriosae
611 5815 773 5903 dicatam,
801 5815 897 5886 cuius
928 5817 1097 5889 haeredes
1124 5816 1280 5908 Spylhek
1306 5817 1484 5892 lohannes
1511 5825 1547 5892 et
1572 5802 1743 5911 lacobus,
1770 5823 1805 5893 in

258 5954 325 6023 qua
350 5940 433 6006 sunt
457 5935 583 6026 viginti
610 5933 702 6006 lanei
729 5936 981 6027 emethonales,
1018 5930 1101 6008 item
1128 5959 1207 6008 una·
1223 5940 1388 6030 taberna,
1415 5940 1546 6013 hahens
1573 5961 1695 6032 agros,
1721 5943 1805 6014 itern

257 6054 482 6144 hortulaniae,
509 6057 591 6127 item
609 6057 680 6127 tria
696 6057 902 6148 molendina,
930 6059 1095 6130 habentia
1121 6079 1233 6149 agros,
1261 6059 1447 6151 dequibus
1474 6062 1632 6134 omnibus
1659 6062 1807 6136 solvitur

257 6179 294 6244 et
320 6173 523 6245 conducitur
548 6175 681 6247 decima
707 6177 932 6268 manipularis
960 6199 1023 6269 pro
1050 6180 1293 6251 mansionariis
1320 6180 1618 6273 (lraeeriensibus,
1645 6189 1682 6255 et
1707 6185 1805 6257 valor

257 6296 332 6366 eius
359 6294 565 6366 aestimatur
591 6296 636 6367 ad
663 6297 857 6387 quindecim
885 6319 1029 6370 marcas.
1065 6298 1153 6369 ltem
1180 6306 1261 6372 sunt
1286 6301 1336 6373 ibi
1364 6307 1512 6393 quatuor
1538 6303 1683 6395 praedia
1707 6305 1805 6378 nobi·

256 6416 350 6505 lium,
378 6416 421 6486 de
448 6436 593 6506 quorum
621 6417 715 6507 agris
744 6417 892 6489 solvitur
918 6420 1051 6491 decima
1069 6420 1295 6511 manipularis
1322 6402 1486 6497 eeclesiae
1512 6425 1549 6496 in
1576 6423 1804 6517 Sanspow.

129 6574 134 6583 =
255 6536 345 6611 Item
373 6538 571 6611 emethones
598 6537 738 6611 solvunt
763 6538 910 6629 plebano
938 6540 1100 6634 carchae,
1127 6543 1170 6614 de
1189 6542 1343 6635 quolibet
1360 6544 1461 6620 laneo
1488 6565 1593 6620 unam
1608 6566 1805 6621 mensuram
