4200 8342
1625 1627 1699 1702 229

150 1832 378 1906 scholastriae
405 1832 655 1904 Oracoviensis.
698 1834 786 1904 Item
813 1837 868 1906 est
894 1835 944 1906 ibi
970 1834 1132 1907 scoltetia
1158 1835 1290 1907 hahens
1318 1835 1445 1924 laneos;
1472 1836 1555 1908 item
1582 1835 1700 1926 pleha

151 1975 216 2027 nus
243 1959 280 2026 et
306 1953 453 2026 ecclesia
479 1954 588 2026 habet
614 1954 664 2025 ibi
690 1975 793 2045 agros
820 1954 949 2028 liberos
975 1961 1012 2028 et
1038 1962 1150 2048 prata,
1177 1978 1240 2048 pro
1268 1978 1331 2028 suo
1358 1957 1501 2046 praedio
1529 1963 1566 2028 et
1583 1977 1700 2029 neces-

151 2077 266 2150 sitate.

254 2197 461 2287 Pononszn
488 2197 572 2268 villa
598 2197 663 2268 sub
689 2197 857 2288 parochia
882 2197 926 2268 de
951 2197 1126 2270 Zathor
1153 2199 1234 2288 sita,
1262 2200 1359 2272 cuius
1385 2200 1509 2272 haeres
1536 2201 1701 2273 Nicolaus

151 2317 511 2412 Myschhowsky
538 2319 581 2390 de
609 2318 710 2390 domo
737 2318 1040 2408 Accipitrum.
1068 2319 1108 2390 ln
1136 2340 1204 2410 qua
1231 2325 1313 2392 sunt
1339 2321 1430 2392 lanei
1457 2322 1703 2413 cmcthonalcs‚
1749 2400 1751 2404 ,

151 2439 196 2512 do
227 2441 354 2531 quibus
389 2440 549 2512 omnibus
584 2439 733 2530 solvitur
768 2440 901 2511 decima
935 2441 1162 2532 manipularis
1198 2433 1427 2514 scholastriae
1462 2440 1704 2532 Gracoviensi3

154 2561 251 2634 cuius
287 2561 393 2633 etiam
428 2560 606 2651 perceptio
642 2561 678 2632 in
705 2561 891 2652 manipulis
917 2583 939 2632 a
964 2561 1172 2635 scholastria
1198 2562 1375 2634 abstracta
1401 2567 1472 2654 est,
1508 2565 1545 2634 et
1570 2563 1704 2636 incolae

151 2681 246 2754 illam
272 2681 338 2753 soli
364 2682 578 2773 percipiunt,
606 2688 643 2754 et
669 2682 867 2754 summatim
894 2682 1034 2756 solvunt
1069 2704 1134 2774 pro
1161 2684 1221 2755 illa
1247 2684 1455 2756 scholastico
1482 2683 1703 2759 Gracoviensi

151 2807 225 2876 tres
250 2822 385 2875 marcas
411 2802 562 2876 latorum
589 2823 802 2895 grossorum
828 2804 913 2876 item
939 2804 1170 2897 hortulauiae,
1196 2806 1281 2878 item
1299 2807 1474 2897 tabernae,
1501 2807 1585 2878 item
1603 2825 1704 2898 prae·

255 3045 604 3137 Tnznnrnuczrozn,
631 3046 713 3117 villa
739 3047 804 3119 sub
831 3047 997 3137 parochia
1022 3047 1067 3120 de
1092 3047 1270 3123 Zathor
1296 3050 1382 3139 sita,
1410 3049 1507 3122 cuius
1535 3047 1703 3124 haeredes

150 3167 259 3242 ¹huces
284 3168 539 3240 Zathorienses.
566 3167 607 3240 In
634 3173 808 3259 quaeunt
833 3168 926 3240 lanei
953 3169 1197 3261 cmcthonales,
1224 3171 1267 3242 do
1286 3171 1411 3262 quibus
1429 3171 1578 3244 solvitur
1593 3173 1704 3244 mani·

150 3289 284 3382 pulcris
310 3288 443 3362 decima
469 3288 697 3362 scholastriae
724 3288 965 3380 Gracoviensi3
991 3291 1090 3382 cuius
1118 3293 1224 3366 etiam
1251 3293 1427 3384 perceptio
1453 3293 1490 3365 in
1516 3293 1703 3386 manipulis

153 3411 333 3484 abstracta
359 3417 415 3484 est
441 3432 463 3482 a
488 3412 714 3502 scholastria,
746 3417 786 3484 'et
811 3412 945 3484 incolae
972 3412 1067 3484 illam
1093 3415 1307 3506 percipiunt,
1343 3419 1379 3486 ot
1405 3415 1545 3487 solvunt
1570 3435 1635 3506 pro
1662 3435 1704 3486 ea

155 3534 352 3606 summatim
379 3532 584 3604 scholastico
612 3531 833 3605 Crocoviensi
858 3555 962 3605 unam
989 3555 1067 3606 cum
1093 3533 1236 3608 dimidia
1262 3555 1414 3608 marcam
1439 3536 1591 3609 latorum
1609 3557 1707 3628 gros·

151 3675 268 3728 sorum
294 3653 532 3744 Pragensium3
557 3653 643 3726 item
668 3655 844 3745 tabernae,
871 3656 955 3728 item
981 3655 1170 3747 hortulani,
1197 3657 1282 3729 item
1308 3657 1488 3749 praedium
1507 3712 1514 3728 .
1534 3712 1541 3728 .
1561 3712 1596 3730 ..

252 3775 498 3866 Sznronrczn,
512 3775 596 3847 uilla
621 3777 686 3848 sub
704 3778 869 3868 parochia
895 3775 939 3849 dc
963 3777 1140 3851 Zathor
1166 3779 1248 3870 sita,
1276 3780 1373 3852 euius
1398 3779 1568 3853 haeredes
1595 3779 1699 3852 Nico-

151 3899 228 3972 lous
253 3897 577 3989 Szaschorsky
603 3897 646 3970 de
665 3898 767 3970 domo
792 3897 1044 3972 Fossorum
1071 3899 1302 3973 etJohannes
1320 3901 1516 3974 Ratlwan
1542 3901 1706 3976 dedomo

151 4019 493 4094 Radwanorum.
533 4020 574 4091 In
593 4039 662 4110 qua
687 4024 770 4092 sunt
786 4019 879 4092 lanei
905 4020 1157 4111 cmcthonales,
1184 4020 1370 4112 dequibus
1397 4022 1547 4094 solvitur
1572 4023 1705 4095 tlecirm

151 4140 376 4232 manipularis
411 4161 476 4232 pro
511 4141 720 4213 scholastria
755 4138 997 4230 cracoviensi3
1037 4140 1100 4214 secl
1135 4142 1209 4216 eius
1244 4144 1422 4234 perceptio
1459 4145 1495 4216 in
1530 4144 1706 4234 manipulo
1857 4205 1859 4210 .

152 4263 329 4336 abstracta
355 4268 411 4334 est
462 4283 484 4334 a
510 4263 735 4352 scholastria,
761 4268 799 4334 et
824 4263 957 4335 incolae
983 4262 1079 4334 illam
1105 4264 1321 4355 percipiunt,
1348 4264 1555 4356 solvuntque
1581 4285 1646 4358 pro
1665 4285 1707 4337 ea

149 4385 346 4460 summatim
373 4383 580 4456 scholastico
602 4383 823 4458 cracoviensi
850 4405 955 4457 unam
973 4404 1050 4456 cum
1067 4384 1182 4458 media
1209 4405 1360 4459 marcam
1386 4387 1536 4460 latorum
1563 4391 1702 4478 grosso-

151 4525 230 4580 rum
253 4505 499 4598 Pragensium;
525 4506 609 4578 item
634 4508 790 4598 taberna,
817 4507 901 4579 item
926 4507 1157 4599 hortulauiae,
1184 4508 1267 4580 item
1294 4508 1475 4599 praedium

259 4628 494 4718 Lrasnown,
522 4628 605 4700 villa
630 4630 696 4700 sub
713 4628 881 4719 parochia
906 4629 949 4700 de
967 4629 1142 4702 Zathor
1169 4631 1256 4721 sita,
1283 4631 1381 4704 cuius
1407 4631 1532 4704 haeres
1557 4629 1708 4704 Michael

153 4749 184 4823 L
193 4750 499 4844 yaszkowsky
526 4749 570 4822 dc
597 4748 811 4841 Cornycz.
850 4751 891 4822 In
910 4771 979 4842 qua
1005 4757 1088 4824 sunt
1114 4752 1205 4823 lanei
1233 4753 1484 4843 cmcthonalcs‚
1512 4752 1555 4825 de
1583 4753 1707 4844 quibus

154 4872 314 4958 mnibus
341 4871 489 4943 solvitur
522 4872 657 4943 decima
682 4872 908 4963 manipularis
944 4872 1169 4945 scholastriae
1206 4870 1446 4945 Oracoviensi:
1474 4875 1576 4945 huius
1603 4874 1707 4944 etiam

151 4991 329 5086 perceptio
355 4993 392 5064 in
418 4993 602 5084 manipulis
630 4994 808 5066 abstracta
834 4999 906 5084 est,
932 4998 968 5066 et
993 4994 1128 5066 hrcolao
1155 4994 1223 5066 sibl
1249 4994 1343 5066 illam
1371 4994 1516 5086 quilibet
1541 4993 1584 5066 (le
1611 4993 1706 5086 agris

152 5115 226 5188 stris
251 5115 466 5206 percipiunt,
502 5119 539 5186 et
574 5115 712 5187 solvunt
747 5115 943 5187 summatim
978 5135 1042 5206 pro
1080 5136 1122 5188 ea
1157 5136 1262 5188 unum
1297 5115 1467 5189 fertonem
1504 5113 1708 5190 scholastico

152 5233 374 5312 Oraooviensi
400 5237 551 5311 latorum
576 5257 776 5330 grossorum
803 5237 1038 5330 Progensium.

780 5481 1085 5556 Sarranowmzn.

257 5603 352 5676 Villa
376 5604 510 5679 habens
534 5604 571 5676 in
590 5624 628 5676 se
645 5605 878 5696 parochialem
904 5605 1103 5695 ecclesiam,
1130 5605 1278 5678 Sanctae
1305 5604 1514 5679 Gatherinac
1544 5607 1706 5696 dicatam,

155 5726 252 5799 cuius
279 5727 476 5817 proprietas
502 5727 548 5798 acl
566 5727 672 5799 duces
697 5727 944 5799 Zathorienses
970 5727 1133 5818 pertinet.
1173 5727 1213 5798 In
1233 5749 1302 5820 qua
1329 5734 1412 5800 sunt
1437 5728 1528 5799 lanai
1556 5727 1708 5799 ematho-

155 5847 262 5938 nales,
289 5848 476 5939 dequibus
504 5848 652 5922 solvitur
678 5848 811 5920 decima
836 5848 1062 5940 manipularis
1090 5849 1319 5922 scholastriae
1346 5846 1587 5938 cracoviensi3
1613 5848 1710 5919 cuius

155 5969 335 6060 perceptio
371 5969 408 6041 in
444 5970 628 6060 manipulis
660 5990 681 6040 a
716 5969 921 6042 scholastria
955 5971 1133 6042 abstracta
1167 5975 1239 6059 est,
1275 5973 1312 6040 et
1346 5968 1478 6040 incolae
1514 5968 1609 6040 illam
1644 5969 1710 6043 soli

154 6089 302 6183 quilibet
336 6090 380 6163 de
406 6111 491 6182 agro
517 6111 580 6163 suo
606 6091 817 6182 percipiunt,
853 6096 890 6163 et
915 6091 1056 6164 solvunt
1092 6090 1287 6162 summatim
1322 6110 1387 6180 pro
1414 6088 1474 6160 illa
1501 6090 1708 6165 scholastico

158 6215 237 6290 otto
268 6231 404 6285 marcas
439 6213 590 6286 latorum
615 6231 816 6303 grossorum
842 6211 1088 6304 Progensium:
1119 6211 1203 6282 item
1230 6210 1377 6284 taberna
1403 6231 1490 6303 nna,
1517 6211 1601 6283 item
1628 6214 1709 6286 hor-

155 6331 311 6406 tulaniae
346 6334 436 6407 (luae
470 6333 516 6407 ad
541 6334 792 6428 proprietatem
828 6331 968 6426 plebani
1002 6332 1236 6426 pertinentes,
1272 6333 1358 6406 item
1393 6332 1590 6425 praedium3
1626 6335 1710 6407 item

155 6451 302 6530 ccclesia
336 6461 373 6528 et
397 6456 567 6547 plebanus
602 6455 710 6534 habet
725 6453 793 6532 =ibi
828 6453 989 6550 proprios
1023 6473 1128 6552 agros
1163 6459 1201 6528 et
1226 6460 1346 6555 prata,
1382 6473 1447 6555 pro
1479 6475 1543 6535 suo
1573 6475 1639 6535 usu
1675 6462 1711 6534 et

158 6575 378 6656 measa.
