4200 8342
1756 1634 1826 1707 119

381 1828 643 1924 Branczrozn,
670 1835 753 1907 villa
779 1837 843 1908 sub
871 1839 1036 1926 parochia
1062 1839 1105 1910 de
1129 1835 1252 1912 Gdow
1279 1840 1365 1930 sita,
1393 1839 1489 1912 cuius
1516 1839 1685 1912 haeredes
1713 1839 1827 1914 Stani-

277 1952 372 2025 slaus
399 1953 718 2027 Marschowslr
727 1980 750 2047 y
786 1957 911 2027 nobilis
937 1959 980 2028 de
1009 1960 1113 2029 annis
1141 1959 1394 2050 Polukoza,
1430 1967 1466 2032 at
1492 1962 1711 2052 praepositus
1750 1982 1827 2033 cum

276 2081 450 2146 conventu
485 2077 689 2148 monasterii
725 2076 889 2167 Corporis
925 2077 1056 2149 Christi
1083 2068 1139 2151 de'
1153 2079 1415 2152 Cas-iniria.
1438 2056 1491 2151 'In
1508 2102 1587 2178 'qua
1622 2088 1703 2153 snnt
1738 2083 1829 2153 lanei

277 2195 531 2285 cnetbonales,
557 2196 724 2301 tabernae
750 2204 841 2287 trae,
869 2198 912 2269 de
931 2199 1054 2289 quibus
1073 2201 1230 2271 omnibus
1250 2201 1397 2272 soluitur
1414 2207 1450 2272 et
1468 2202 1670 2273 conducitur
1696 2203 1829 2274 decima

254 2315 507 2405 ‘manipularis
534 2322 571 2388 et
596 2317 773 2408 canapalis
808 2338 871 2408 pro
904 2319 1057 2391 ‚ecclesia
1079 2324 1115 2390 et
1140 2320 1287 2409 plebano
1314 2320 1350 2390 in
1378 2318 1523 2411 Gxdow,
1558 2328 1595 2393 et
1621 2322 1720 2393 valor
1755 2324 1829 2394 eius

277 2436 555 2510 aestimaturad
574 2458 642 2511 ‘sex
668 2458 810 2510 marcas.
855 2439 943 2511 Item
972 2438 1178 2512 columbatio
1206 2442 1371 2513 ecclesiae
1398 2443 1433 2513 in
1462 2440 1599 2513 Gdon
1625 2443 1830 2514 aestimatur

278 2557 324 2628 ad
352 2558 504 2648 quinque
530 2579 665 2631 marcas
693 2566 729 2630 et
754 2560 857 2631 ultra.

382 2675 575 2768 Ouurczs,
609 2679 694 2755 uilla
729 2680 793 2751 sub
819 2681 986 2770 parochia
1002 2742 1004 2746 ,
1020 2681 1064 2752 (11
1100 2679 1244 2752 Gdoui.
1288 2682 1328 2753 ln
1356 2703 1424 2773 qua
1460 2689 1542 2754 sunt
1577 2682 1702 2773 viginti
1736 2683 1828 2755 lanei

279 2798 537 2888 cmetbonales,
569 2800 764 2890 dequibus
792 2800 924 2873 decima
949 2800 1174 2891 manipularis
1199 2788 1308 2873 'datur
1333 2823 1397 2892 pro
1425 2803 1570 2874 ecclesia
1596 2805 1632 2873 in
1657 2804 1830 2875 Dzelra-
1876 2781 1879 2789 ⁵

279 2919 468 2997 nowicze.
503 2920 591 2991 Item
617 2926 670 2991 ost
687 2921 736 2993 ibi
754 2942 871 2992 nuum
886 2920 1067 3010 praedium
1102 2921 1232 2992 domiui
1258 2922 1393 2995 Nicolai
1420 2922 1634 3013 Gzaslaw,
1663 2924 1705 2995 de
1734 2926 1829 2995 cuius

279 3040 374 3129 agris
400 3038 592 3110 decimatur
626 3040 760 3113 decima
793 3041 1019 3131 manipularis
1055 3042 1201 3131 plebano
1229 3048 1264 3113 et
1290 3044 1454 3114 ecclesiae
1490 3045 1526 3114 in
1554 3042 1697 3134 Gdow,
1733 3045 1829 3115 cuins

279 3159 379 3231 valor
404 3160 612 3241 aestimatur
637 3161 682 3232 ad
709 3181 812 3233 unam
837 3164 1000 3241 marcam.
1062 3165 1092 3254 j
1175 3197 1180 3207 ·
1479 3190 1483 3241 ς

312 3356 316 3363 ,
383 3280 690 3373 Κ111111111111,
725 3282 807 3364 uilla
833 3283 898 3355 sub
924 3282 1090 3372 parochia
1124 3283 1168 3354 de
1194 3279 1338 3373 Gdou,
1374 3284 1471 3355 cuius
1496 3283 1625 3355 haeres·
1653 3284 1830 3357 Jobannes

280 3400 593 3493 Stadniczsky
621 3402 791 3477 dedomo
819 3408 855 3474 et
881 3404 985 3474 armis
1012 3404 1262 3494 Druszyua
1289 3405 1328 3474 In
1356 3425 1424 3494 qua
1450 3411 1532 3475 sunt
1558 3405 1649 3476 lanei
1676 3407 1829 3477 cmetho·

282 3522 398 3610 caleo,
426 3523 620 3613 dequibus
648 3523 796 3595 soluitur
822 3523 956 3595 decima
980 3524 1205 3615 manipularis
1232 3544 1296 3613 pro
1323 3523 1464 3596 mcoriis
1498 3523 1664 3595 ecclesiae
1690 3525 1830 3595 maioris

281 3641 529 3724 cracoviensis.
555 3644 641 3715 Item
661 3650 716 3715 est
734 3645 782 3717 ibi
800 3665 904 3715 unum
924 3645 1103 3734 praedium
1123 3645 1291 3734 militare,
1309 3643 1352 3715 de
1371 3664 1438 3734 quo
1456 3643 1648 3715 decimatur
1666 3644 1830 3715 ecclesiae

281 3764 315 3834 in
341 3744 489 3855 (idon,
517 3765 614 3836 cuius
641 3764 739 3837 valor
766 3766 969 3837 aestimatur
996 3766 1041 3836 ad
1066 3786 1169 3836 unam
1197 3785 1356 3844 maroam.

883 3910 894 3931 -·
927 3887 1175 3959 Brmruuacaa.
1241 3956 1243 3961 .

383 4005 496 4096 Villa,
531 4006 662 4079 babens'
699 4008 733 4077 in
769 4029 806 4081 se
842 4007 1020 4079 ecclesiam
1055 4006 1288 4096 parochialem
1323 4005 1473 4099 ligneam
1515 4005 1642 4079 Sancto
1676 4005 1829 4076 Maltino

281 4125 449 4217 dicatam,
477 4129 574 4200 cuius
600 4130 797 4230 proprietas
813 4135 860 4199 ⁴et
885 4130 1144 4218 iuspatronatus
1171 4127 1215 4198 ad
1241 4128 1505 4198 monasterinm·¹
1525 4125 1642 4197 Sancti
1678 4127 1829 4230 Spiritus

281 4249 315 4319 iu
352 4247 582 4321 Oracovia
626 4250 786 4339 pertinet.
835 4250 875 4321 In
912 4271 980 4341 qua
1015 4254 1096 4322 suut
1140 4245 1409 4338 quatuordecim·
1444 4247 1534 4317 lanei
1580 4247 1831 4337 cmetbonales,

280 4368 363 4440 item
400 4377 455 4440 est
489 4371 538 4441 ibi
573 4392 644 4456 una
677 4372 827 4442 taberna
860 4372 992 4442 habens
1029 4384 1146 4460 agnou,
1183 4370 1265 4441 item
1293 4368 1382 4439 duae
1399 4417 1401 4421 ψ
1417 4368 1654 4458 hortulaniae,
1679 4368 1724 4439 Ι(11
1752 4369 1828 4459 qui·

281 4489 346 4560 bus
383 4490 541 4561 omnibus
577 4492 725 4563 solvitur
758 4497 795 4562 et
830 4492 1039 4573 conducitur¹
1066 4492 1201 4562 decima
1239 4490 1464 4581 manipularis
1500 4496 1535 4560 et
1565 4489 1741 4581 canapalis
1768 4509 1831 4581 pro

283 4610 387 4681 altari
421 4609 569 4683 Sanctae
604 4611 851 4703 Margaretlrae
885 4613 922 4683 in
958 4613 1104 4683 ecclesia
1139 4613 1262 4684 maiori
1296 4588 1654 4683 cracoviensis‘iteu
1691 4616 1745 4681 est
1780 4610 1830 4679 ibi

282 4753 386 4802 unum
413 4732 594 4822 praedium
629 4733 843 4824 episcopale,
871 4733 921 4804 de
950 4733 1176 4823 ,111111111τί1-
1194 4733 1386 4804 decimatur
1421 4732 1586 4804 ecclesiae
1605 4738 1659 4803 'et
1684 4731 1832 4820 plebano

282 4853 317 4924 in
342 4852 687 4954 Byszku'pycze.
722 4854 886 4926 Item-ibi
914 4854 1059 4926 ecclesia
1085 4860 1121 4925 et
1146 4854 1313 4943 plebanus
1342 4854 1456 4924 -habet
1480 4853 1642 4942 proprios
1669 4871 1771 4940 agros
1799 4856 1834 4921 et

282 4978 403 5062 prata,
430 4993 493 5063 pro
520 4995 582 5046 suo
610 4996 675 5046 usu
701 4982 738 5045 et
764 4971 980 5046 necessitate]

385 5094 558 5185 Zaoaow,
584 5095 668 5166 villa
694 5096 757 5166 sub
785 5096 951 5186 parochia
986 5095 1029 5166 de
1057 5095 1390 5186 Byszlrupycze
1419 5094 1503 5183 sita,
1540 5094 1636 5164 ouius
1663 5093 1831 5164 haeredes
1909 5170 1911 5174 ,

285 5213 477 5287 Stauislaus
504 5216 787 5307 Zborowslcy
824 5216 867 5287 de
894 5217 999 5287 armis
1027 5212 1243 5307 (iornyca.
1287 5215 1326 5284 In
1355 5235 1424 5305 qua
1450 5221 1533 5285 sunt
1568 5220 1716 5304 quatuor
1741 5215 1833 5285 lanei

284 5337 533 5426 emetlronales,
560 5338 644 5409 itern
670 5343 743 5408 tros
769 5336 1004 5427 bertalamius,
1040 5337 1124 5407 item
1150 5356 1221 5406 una
1246 5315 1410 5425 taberna,
1447 5335 1489 5405 de
1523 5336 1648 5425 quibus
1675 5336 1833 5407 omnibus

285 5458 431 5530 solvitur
458 5463 494 5528 et
520 5458 723 5529 conducitur
758 5458 890 5536 decima
915 5458 1140 5548 manipularis
1168 5463 1205 5528 et
1230 5457 1405 5546 canapalis
1441 5456 1652 5546 monasterio
1689 5455 1833 5527 Sanctae

286 5578 404 5651 Crucis
420 5579 615 5668 hospitalis
641 5579 677 5649 in
705 5578 948 5669 Oracovia,
984 5579 1082 5649 cuins
1109 5578 1208 5648 valor
1239 5578 1444 5648 aestimatur
1470 5578 1643 5648 adunam
1677 5597 1834 5664 marcam,

286 5698 469 5789 aliquando
495 5699 663 5770 adduas.
707 5699 796 5770 ltem
831 5706 885 5771 est
909 5699 960 5771 ibi
988 5720 1092 5769 unum
1128 5698 1308 5789 praedium
1343 5699 1510 5788 militare,
1547 5698 1590 5769 de
1618 5718 1685 5789 quo
1723 5696 1833 5766 eidem

285 5820 494 5891 monasterio
521 5818 667 5893 Sanctae
694 5818 815 5895 crucis
841 5821 878 5890 in
904 5819 1131 5892 Gracouia
1158 5820 1381 5891 decimatur.-

289 5968 293 6017 ;
388 5939 592 6031 Suaowur,
616 5941 711 6019 ,villa
737 5941 801 6013 sub
828 5942 994 6030 parochia
1020 5942 1064 6013 de
1090 5941 1423 6031 Byszkupycze
1454 5940 1546 6027 sita,
1581 5938 1678 6009 cuius
1710 5930 1834 6011 haeres

286 6060 477 6135 Stanislaus
503 6060 787 6154 Zborowslry
813 6062 999 6153 praefatus.
1031 6063 1072 6132 In
1100 6084 1168 6151 qua
1194 6084 1262 6133 non
1283 6067 1364 6131 sunt
1389 6059 1499 6148 lanei,
1527 6059 1588 6132 sed
1614 6059 1834 6131 hortulaniao

286 6182 452 6256 babentes
488 6188 606 6259 certas
629 6204 792 6273 agrorum
827 6184 960 6273 pecies,
988 6183 1031 6254 de
1060 6183 1184 6273 quibus
1212 6181 1370 6252 omnibus
1397 6180 1543 6251 solvitur
1569 6186 1605 6250 et
1632 6181 1835 6252 conducitur
1932 6184 1942 6205 ’

287 6302 417 6375 decima
444 6324 508 6393 pro
534 6300 745 6376 monasterio
781 6304 962 6392 hospitalis
998 6303 1144 6374 Sanctae
1181 6301 1301 6372 Crucis
1329 6301 1364 6371 in
1392 6301 1637 6392 Cracovia,
1674 6308 1709 6371 et
1737 6301 1835 6372 valor

287 6425 421 6497 eiusad
441 6446 543 6496 unam
570 6445 719 6497 marcam
745 6425 956 6496 aestimatur.
983 6426 1071 6494 Item
1098 6425 1246 6495 taberna
1273 6443 1359 6513 una,
1386 6444 1475 6514 quae
1493 6428 1714 6512 computatur
1740 6422 1833 6493 inter
