4200 8342
265 1602 337 1675 144

156 1876 172 1905 ,
259 1809 451 1900 Nydzycz
462 1825 501 1900 a,
527 1806 696 1881 habentes
712 1796 827 1900 ¹agros7
847 1804 1033 1901 dequibus
1052 1805 1211 1882 omnibus
1230 1806 1378 1882 solvitur
1396 1814 1433 1881 et
1448 1803 1658 1881 conducitur
1679 1802 1807 1881 decima

257 1931 481 2021 manipularis
517 1937 554 2002 et
581 1931 754 2021 canapalis
790 1951 853 2022 pro
881 1932 1041 2022 episcopo
1070 1930 1307 2022 caduniensi,
1343 1931 1440 2002 cuius
1475 1930 1574 2003 valor
1602 1930 1805 2002 aestimatur

256 2052 302 2123 ad
336 2053 459 2142 viginti
493 2072 637 2123 marcas.
681 2051 769 2122 Item
795 2057 850 2123 est
876 2052 925 2123 ibi
951 2051 1131 2143 praedium
1167 2074 1273 2124 unum
1303 2052 1476 2143 militare,
1508 2051 1555 2143 de
1582 2051 1683 2122 cuius
1711 2051 1803 2142 angs

237 2173 405 2259 ‚dabatur
431 2172 623 2263 antiquitus
650 2171 783 2245 decima
809 2172 974 2245 ecclesiae
1000 2174 1036 2244 iu
1062 2193 1223 2263 magua
1256 2172 1531 2245 Kazimirza

361 2294 546 2384 Duuossu,
573 2293 656 2365 villa
675 2292 739 2363 sub
757 2293 924 2383 parochia
950 2293 994 2364 de
1020 2314 1182 2384 magna
1212 2292 1480 2366 Kazimirza
1505 2293 1584 2384 sita,
1612 2293 1712 2365 cuins
1729 2292 1808 2365 bae·

258 2434 315 2484 res
336 2413 514 2485 Johannes
541 2413 763 2484 Bohunde
791 2413 833 2484 de
852 2412 953 2485 domo
970 2413 1196 2505 Drnzyna.
1222 2413 1264 2484 In
1283 2435 1352 2505 qua
1368 2413 1462 2486 lanei
1480 2434 1541 2486 sex
1560 2413 1805 2505 cmethoques,

259 2536 342 2605 item
368 2534 515 2606 taberna
541 2554 619 2624 uua,
647 2534 731 2604 item
757 2534 975 2605 hortulanIae
1002 2540 1076 2605 tres
1102 2534 1272 2606 habentes
1299 2555 1412 2625 agros,
1440 2534 1637 2626 dequibus
1664 2534 1809 2607 solvitur

259 2655 392 2725 decima
417 2654 642 2744 manipularis
669 2654 831 2745 episcopo
859 2654 1090 2745 Cracoviensi,
1118 2656 1215 2727 cuius
1233 2654 1333 2727 valor
1355 2655 1560 2727 aestimatur
1587 2655 1634 2726 ad
1661 2661 1808 2746 quatuor

257 2795 401 2847 marcas
428 2775 517 2848 Item
544 2781 598 2847 est
625 2775 675 2846 ibi
701 2768 881 2865 praedium
908 2775 1078 2867 militare,
1106 2775 1148 2848 de
1176 2777 1274 2848 cuius
1301 2776 1396 2867 agris
1423 2774 1618 2849 decimatur
1644 2777 1808 2849 ecclesiae

259 2897 295 2966 in
323 2918 486 2987 magna
516 2895 791 2967 Karimirza.
1767 2988 1769 2993 Ι

361 3017 647 3108 Pussrmrscsr,
682 3018 767 3089 villa
793 3018 857 3089 sub
884 3018 1050 3108 parochia
1077 3016 1246 3090 ecclesiae
1277 3017 1320 3090 de
1346 3038 1507 3110 magna
1541 3017 1809 3090 Karimirza

260 3139 346 3229 sita,
374 3139 472 3210 cuius
499 3140 622 3210 haeres
649 3138 776 3210 Petrus
803 3139 846 3210 de
873 3139 974 3211 domo
1001 3137 1228 3230 Vulpium.
1260 3139 1313 3211 Iu
1341 3160 1410 3231 qua
1435 3145 1517 3211 sunt
1542 3139 1635 3210 lanei
1662 3159 1742 3231 sex,
1767 3136 1809 3211 de

257 3260 382 3349 quibus
409 3260 560 3331 solvitur
586 3266 623 3331 et
650 3259 854 3331 conducitur
889 3258 1023 3331 decima
1049 3257 1276 3351 manipularis
1303 3264 1339 3332 et
1365 3259 1541 3351 canapalis
1578 3260 1748 3332 ecclesiae
1773 3259 1809 3331 iu

259 3380 584 3472 Myslymycze,
613 3382 708 3453 ouius
735 3381 834 3453 valor
860 3381 1064 3453 aestimatur
1089 3380 1134 3452 ad
1161 3403 1222 3455 sex
1249 3402 1394 3453 marcas.
1438 3381 1527 3453 Item
1554 3387 1608 3452 est
1634 3381 1697 3473 ibi
1711 3401 1809 3471 prae-

259 3500 353 3573 dium
379 3500 547 3593 militare,
583 3501 666 3573 item
692 3522 781 3574 unus
808 3501 928 3573 laneus
955 3503 1199 3592 cmethcnalis‚
1237 3503 1296 3594 qui
1322 3502 1404 3575 olim
1429 3500 1497 3573 fuit
1522 3492 1731 3592 praedialis,
1766 3500 1809 3573 do

261 3619 384 3712 quibus
411 3623 558 3695 solvitur
589 3629 625 3695 et
652 3622 856 3695 conducitur
890 3623 1023 3695 decima
1049 3624 1275 3716 manipularis
1310 3642 1374 3715 pro
1401 3623 1547 3696 ecclesIa
1581 3623 1618 3694 in
1649 3641 1811 3713 magna

260 3743 537 3816 Karimirza.
1656 3811 1664 3823 .

363 3864 587 3955 Suosczow,
626 3865 710 3936 villa
737 3865 800 3937 sub
827 3864 994 3955 parochia
1024 3865 1068 3937 de
1097 3885 1259 3956 magna
1284 3864 1552 3939 Kazimirza
1588 3865 1675 3954 sita,
1713 3864 1809 3937 euius

259 3986 383 4058 haeres
410 3985 604 4069 Stauislaus
630 3985 834 4077 Liganza
860 3987 903 4057 de
931 3987 1036 4057 armis
1064 3986 1311 4059 Polukoza
1341 3986 1382 4059 In
1410 4007 1479 4077 qua
1505 3991 1587 4057 sunt
1613 3991 1692 4058 octo
1719 3985 1811 4057 huei

260 4107 502 4197 emethonales‚
530 4108 613 4178 item
641 4112 713 4179 tres
740 4108 908 4180 tabernae
934 4108 1102 4180 habentes
1130 4128 1243 4198 agros,
1270 4107 1313 4179 de
1340 4108 1465 4199 quibus
1492 4107 1640 4179 solvitur
1666 4112 1704 4178 et
1731 4126 1811 4179 con·

259 4228 397 4300 ducitur
423 4227 558 4299 decima
583 4228 812 4319 manipularis
839 4233 875 4299 et
902 4227 1077 4318 canapalis
1104 4226 1322 4319 praebendae
1341 4227 1573 4315 Oracovieusi,
1601 4247 1690 4318 quae
1708 4247 1810 4301 roca·

259 4355 317 4420 tur
344 4349 627 4441 Bossuthowska
656 4350 753 4420 cuius
779 4349 878 4420 valor
905 4349 1112 4421 aestimatur
1130 4403 1271 4421 ......

363 4471 628 4561 ὃιΛΝοῊοΖΕ,
656 4470 739 4541 villa
766 4470 831 4541 sub
857 4470 1023 4560 parochia
1055 4470 1097 4542 de
1124 4491 1284 4561 magua
1308 4470 1575 4541 KazImirza
1601 4469 1685 4560 sita,
1715 4468 1810 4542 cuins

258 4593 382 4664 haeres
410 4592 575 4665 Nicolaus
601 4592 695 4682 Rey
727 4591 769 4663 de
797 4591 903 4663 armis
930 4589 1031 4663 Oxa.
1075 4592 1117 4663 In
1144 4597 1319 4682 quaeunt
1355 4597 1504 4682 quatuor
1537 4590 1630 4662 lanei
1657 4589 1810 4662 emetha-

260 4713 365 4804 naleS,
392 4714 474 4784 item
501 4713 678 4802 tabernae,
705 4711 790 4783 item
817 4712 1012 4803 hortulani,
1039 4712 1082 4783 de
1110 4713 1233 4804 quibus
1261 4712 1420 4784 omnibus
1447 4711 1594 4784 solvitur
1620 4716 1658 4781 et
1684 4709 1811 4783 condu-

259 4835 349 4905 citur
386 4834 519 4905 decima
546 4832 771 4923 manipularis
809 4836 844 4904 et
870 4833 1046 4924 canapalis
1081 4854 1145 4924 pro
1172 4833 1403 4904 universitate
1438 4830 1678 4923 cracoviensi,
1714 4832 1811 4904 cuius

260 4957 358 5029 valor
385 4957 431 5027 ad
457 4961 608 5047 quatuor
634 4974 767 5025 marcas
795 4954 1007 5026 aestimatur.
1038 4955 1126 5026 Item
1152 4960 1207 5026 est
1233 4955 1283 5026 ibi
1309 4976 1415 5026 unum
1441 4954 1621 5045 praedium
1648 4953 1809 5043 militare

261 5079 304 5149 de
332 5078 430 5150 cuius
457 5077 552 5168 agris
579 5076 770 5148 decimatur
796 5074 961 5148 ecclesiae
988 5077 1024 5147 in
1056 5097 1218 5168 magna
1244 5074 1518 5148 KazImirza

883 5196 1198 5270 Oubzruowrczs.
1286 5226 1296 5245 ·

363 5319 459 5391 Villa
484 5320 616 5391 habeus
643 5320 680 5390 iu
707 5340 744 5389 se
772 5319 1004 5408 parochialem
1031 5319 1210 5391 ecclesiam
1235 5318 1396 5409 ligneam,
1423 5316 1627 5388 Sanctorum
1650 5313 1810 5387 Omnium

257 5442 383 5515 honori
409 5441 570 5532 dicatam,
598 5441 696 5513 cuius
723 5440 890 5510 haeredes
909 5438 1103 5512 StanIslaus
1131 5447 1167 5511 et
1193 5439 1362 5530 Sbigneus
1389 5424 1743 5527 KazImIrzsczy
1768 5433 1811 5506 de

258 5565 364 5638 armis
400 5562 560 5635 Nabra
595 5550 682 5633 alias
717 5560 944 5652 Waldori,
980 5582 1044 5653 pro
1071 5582 1141 5632 una
1166 5568 1267 5651 parte
1303 5560 1446 5649 maiori;
1469 5579 1544 5651 ,pro
1569 5557 1693 5647 =ultera
1728 5575 1810 5630 vero

257 5692 374 5779 parte,
410 5684 542 5774 Lucas,
579 5683 737 5755 Clemens
773 5688 809 5754 et
836 5680 1014 5754 Johannes
1051 5682 1094 5754 de
1121 5683 1221 5753 domo
1256 5681 1520 5770 Kolomasz,
1557 5678 1615 5769 qui
1652 5676 1813 5749 deferunt

255 5809 444 5882 babbatum
473 5826 579 5897 supra
605 5805 795 5876 babbatum
823 5811 859 5875 et
886 5825 992 5895 supra
1018 5825 1061 5875 ea
1088 5824 1233 5876 crucem.
1259 5802 1301 5873 Iu
1319 5822 1388 5892 qua
1410 5801 1494 5873 villa
1519 5805 1603 5872 sunt
1629 5797 1812 5870 duodecim

256 5930 347 6004 lanei
376 5926 629 6018 emethonales,
666 5927 749 5997 item
777 5947 837 5996 ses
864 5925 1007 6016 praedia
1042 5925 1226 6014 militaria,
1263 5944 1331 5994 una
1359 5924 1507 5996 taberna
1540 5921 1672 5993 habens
1699 5938 1813 6010 agros,

256 6055 340 6125 item
367 6050 564 6140 hortulani3
600 6050 642 6121 de
672 6049 796 6139 quibus
823 6048 982 6119 omnibus
1018 6047 1166 6118 solvitur
1192 6051 1228 6117 et
1255 6043 1460 6116 conducitur
1496 6041 1629 6113 decima
1654 6040 1812 6130 manipn-

256 6176 340 6248 laris
368 6180 404 6245 ot
432 6171 607 6263 canapalis
643 6191 707 6262 pro
736 6169 882 6240 ecclesia
909 6175 945 6239 ot
971 6169 1118 6258 plebano
1155 6167 1283 6238 ibidem
1318 6166 1354 6235 iu
1390 6162 1811 6254 Ozudzynowycze,

257 6304 292 6370 ot
319 6296 417 6370 valor
453 6294 527 6366 eius
555 6293 758 6364 aestimatur
785 6291 829 6362 ud
862 6290 1041 6362 duodecim
1073 6309 1218 6360 marcas.
1262 6287 1349 6358 Item
1374 6285 1481 6357 habet
1516 6285 1565 6356 ibi
1603 6282 1750 6355 ecclesm
1776 6286 1813 6353 et

255 6421 423 6513 plebanus
450 6416 611 6509 proprios
639 6435 742 6506 agros
770 6417 806 6485 et
832 6418 942 6505 prata
969 6434 1032 6506 pro
1061 6432 1123 6484 suo
1151 6430 1216 6482 usu
1243 6413 1279 6481 et
1305 6406 1517 6480 necessitate.
