4200 8342
290 1648 364 1723 376

289 1863 326 1931 et
359 1858 457 1931 valor
492 1856 567 1927 eius
602 1855 805 1927 aestimatur
841 1856 885 1927 ad
922 1854 1116 1946 quindecim
1151 1874 1294 1927 marcas.
1334 1856 1422 1929 Item
1457 1855 1627 1948 plebanus
1659 1854 1765 1927 habet
1790 1856 1901 1947 ilh'p

288 2000 392 2052 uuum
419 1979 557 2052 laneum
583 1977 730 2051 liberum
757 1999 821 2071 pro
847 1977 991 2069 praedio
1020 1996 1092 2067 suo,
1120 1980 1156 2048 et
1182 1983 1293 2068 prata
1344 1994 1347 2001 ·
1475 2024 1482 2039 .

391 2099 555 2189 Wonm,
583 2099 666 2171 villa
692 2099 757 2172 sub
783 2100 951 2190 parochia
976 2098 1143 2171 ecclesiae
1170 2098 1214 2170 de
1239 2098 1444 2190 Zagoscz
1471 2100 1549 2192 sita,
1578 2101 1677 2172 cuius
1705 2104 1895 2190 propri

286 2227 362 2295 etas
389 2222 434 2293 ad
460 2223 718 2295 serenissimum
744 2222 909 2295 Poloniae
934 2242 1053 2312 regern
1080 2219 1240 2311 pertinet
1267 2220 1307 2291 ln
1333 2241 1401 2312 qua
1418 2226 1499 2293 sunt
1517 2220 1636 2293 decem
1656 2226 1693 2292 et
1711 2228 1883 2313 septen,

285 2344 378 2415 lanei
404 2343 656 2434 emethoualosr,
684 2344 727 2447 de
754 2344 880 2436 quibus
915 2343 1074 2416 omuibus
1101 2342 1248 2415 soluitur
1272 2346 1311 2413 et
1337 2342 1543 2414 conducitur
1570 2342 1706 2414 decima
1733 2352 1865 2424 mani.

287 2466 419 2556 palaris
446 2470 482 2536 et
508 2465 684 2556 canapalis
710 2486 774 2557 pro
801 2466 948 2539 ecclesia
972 2466 1009 2536 in
1035 2465 1248 2556 Zagoscz,
1275 2470 1314 2537 et
1338 2464 1436 2535 valor
1462 2465 1536 2535 eius
1563 2464 1772 2536 aestimatur
1798 2476 1852 2545 ad

285 2586 482 2678 quindecim
518 2606 663 2661 marcas.
702 2587 791 2660 Item
826 2586 1007 2679 praedium
1042 2586 1177 2677 regium
1212 2606 1279 2658 non
1308 2590 1362 2657 est
1388 2586 1456 2676 ibi,
1484 2584 1568 2667 item
1596 2586 1748 2659 taberna
1774 2606 1833 2661 aua

287 2708 419 2780 habeus
445 2709 594 2799 hortum,
621 2710 704 2780 item
730 2708 948 2781 hortulaniae
975 2728 1044 2781 nou
1072 2709 1274 2798 sertitem
1301 2692 1535 2780 molendinum
1561 2728 1632 2781 uon
1661 2714 1729 2780 est.

392 2829 505 2901 Villae
542 2831 692 2921 quinque
727 2830 772 2902 ad
806 2828 986 2903 ecclesiam
1020 2830 1058 2903 iu
1085 2830 1288 2920 Zagoscz
1315 2833 1530 2921 spectantes,
1557 2829 1743 2903 uidelicet:
1768 2829 1827 2901 Za-

285 2970 433 3042 goscz,
460 2950 760 3044 Sakothnilry,
787 2951 989 3045 Wyuari,
1017 2952 1180 3044 Wolya
1206 2956 1242 3024 et
1269 2950 1588 3024 Skoroczicae.

893 3072 1231 3147 Guzrszauoaucze.
1661 3050 1675 3075 ⁸

388 3194 639 3268 Monasterium
667 3194 799 3269 ordinis
825 3196 1226 3287 praemonstratensium,
1252 3195 1384 3268 habeus
1411 3196 1447 3267 iu
1466 3214 1504 3267 se
1531 3194 1768 3286 parochialem
1786 3214 1835 3265 ec·

202 3332 205 3338 ·
289 3316 437 3409 alesiam,
465 3318 562 3391 cuias
593 3316 726 3391 tructus
753 3320 790 3391 et
815 3323 1006 3409 proventus
1031 3317 1068 3390 iu
1095 3322 1253 3408 regestro
1280 3316 1569 3390 monasteriorum
1587 3315 1838 3408 descripsimus

940 3440 995 3512 Bo
1027 3524 1031 3529 ,
1107 3460 1202 3521 σω

391 3559 486 3633 Villa
512 3560 644 3635 habens
671 3562 706 3633 iu
733 3582 771 3634 se
797 3561 1031 3653 parochialem
1086 3546 1255 3651 '*lesiam,
1284 3561 1523 3633 tautummodo
1560 3560 1841 3633 aiundamentis

288 3678 474 3773 muratam3
500 3681 689 3755 Gasimirus
715 3684 807 3755 euim
835 3682 1023 3775 secundus,
1049 3682 1215 3755 Poloniae
1243 3702 1319 3771 rex,
1355 3679 1525 3755 fabricare
1552 3683 1647 3754 illam
1675 3682 1841 3755 iniciare

235 3882 253 3899 .,
285 3788 362 3895 rat,
389 3804 450 3877 sed
468 3809 580 3877 morte
604 3812 814 3897 praeventus
832 3806 975 3898 reliquit
990 3804 1242 3897 imperfectam3
1271 3804 1396 3875 Sancto
1414 3802 1666 3895 christophoro
1694 3808 1842 3898 martyri

233 3908 237 3913 ¹
271 3924 456 4018 ,.dleatam,
491 3928 589 4001 cuius
624 3927 859 4020 adpraesens
892 3928 1061 4019 plebanus
1097 3927 1283 4018 presbyter
1310 3978 1451 3996 ......
1478 3925 1518 3997 Iu
1546 3914 1613 4017 qua
1641 3916 1726 3999 suut
1753 3926 1841 3998 lanei

288 4050 537 4141 amethouales,
577 4048 771 4142 dequibus
799 4050 957 4123 omuibus
984 4050 1133 4122 solvitur
1163 4053 1199 4121 ot
1226 4046 1429 4119 conducitur
1455 4047 1588 4120 decima
1614 4048 1842 4140 manipularis

286 4176 323 4243 ct
348 4172 524 4264 eanapalis
559 4194 623 4264 pro
650 4172 849 4264 praebenda
874 4172 995 4245 Sancti
1021 4172 1157 4244 Nicolai
1193 4171 1229 4242 iu
1256 4169 1445 4242 Wislicia
1481 4169 1675 4243 collationis
1705 4170 1841 4261 regalis,

289 4312 378 4383 quae
412 4295 611 4385 praebenda
637 4295 790 4386 capellae
817 4296 964 4369 Sanctae
991 4294 1174 4367 Trinitatis
1200 4293 1236 4364 in
1268 4291 1413 4364 ecclesia
1448 4292 1572 4365 maiori
1598 4292 1840 4366 cracoviensis

287 4415 429 4505 reginae
455 4416 620 4507 Zophiae,
647 4418 877 4508 incorporata,
905 4422 941 4489 et
966 4417 1065 4489 valor
1092 4416 1244 4487 eiusdem
1272 4414 1424 4486 decimae
1452 4414 1655 4487 aestimatur
1682 4416 1729 4487 ad
1756 4468 1841 4485 ....

287 4556 430 4611 marcas.
479 4538 646 4611 Plcbania
683 4544 797 4611 autem
834 4539 940 4611 babet
975 4540 1038 4611 hos
1075 4542 1277 4630 proventus:
1314 4536 1483 4628 imprimis
1518 4536 1623 4609 habet
1659 4538 1839 4630 praedium

286 4660 470 4750 optimum,
507 4661 599 4752 quod
635 4661 718 4734 colit
753 4663 895 4753 proprio
922 4665 1058 4751 aratro,
1103 4660 1200 4733 cuius
1237 4660 1312 4751 agri
1349 4658 1576 4730 aestimantur
1611 4658 1657 4731 ad
1694 4666 1840 4752 quatuor
1916 4694 1920 4701 ·

285 4780 406 4855 laneos
433 4804 509 4854 eum
536 4782 668 4873 medi03
695 4785 777 4856 item
804 4784 911 4856 habet
938 4784 1007 4854 tria
1024 4786 1126 4874 prata
1153 4783 1257 4872 bona,
1284 4782 1368 4853 item
1395 4780 1502 4853 habet
1527 4800 1630 4853 unam
1649 4782 1839 4871 tabernam,
1915 4848 1920 4857 .

286 4904 472 4979 habentem
499 4926 620 4997 agree,
659 4907 717 4997 qui
744 4905 920 4978 decimant
954 4904 1130 4996 manipulo
1167 4904 1349 4995 plebauiae
1384 4907 1420 4973 et
1449 4902 1554 4975 solvit
1588 4902 1739 4993 plebano
1775 4924 1838 4995 pro

133 5092 141 5110 ,
286 5046 391 5099 censu
427 5028 514 5100 duas
550 5027 705 5119 marcas,
739 5029 822 5100 item
858 5028 965 5099 habet
990 5024 1225 5099 hortulaniam
1260 5026 1296 5097 in
1329 5026 1448 5098 eadem
1475 5026 1573 5115 villa,
1611 5046 1702 5116 quae
1738 5026 1837 5097 solvit

285 5168 391 5221 naum
427 5149 595 5222 fertonem
631 5174 694 5242 pro
731 5171 843 5240 cerusa,
871 5155 906 5221 et
941 5148 1079 5221 laborat
1108 5168 1218 5219 ,unam
1254 5148 1345 5219 diem
1382 5148 1417 5219 iu
1454 5148 1647 5239 septimana
1683 5146 1836 5238 pedestri

287 5268 425 5359 labore,
461 5273 544 5341 item
572 5273 677 5344 habet
713 5273 899 5363 piscinam3
934 5272 1018 5343 item
1055 5276 1107 5341 ost
1134 5270 1170 5339 iu
1198 5266 1317 5340 cadem
1354 5268 1437 5341 villa
1472 5268 1569 5341 curia
1595 5274 1632 5341 et
1658 5268 1838 5360 praedium

287 5390 421 5480 regalo,
458 5391 501 5462 do
527 5393 624 5465 curius
660 5396 754 5483 agris
781 5395 928 5467 solvitur
966 5392 1099 5464 decima
1135 5392 1358 5482 manipadaris
1390 5412 1454 5482 pro
1482 5391 1601 5464 eadem
1630 5390 1780 5464 ecclesia
1806 5389 1838 5461 in

286 5508 557 5602 Boguczicze,
586 5518 622 5584 ct
648 5513 746 5587 ualor
771 5515 845 5586 eius
873 5515 1078 5586 aestimatur
1104 5513 1147 5585 ad
1176 5517 1324 5603 quatuor
1349 5532 1492 5585 marcas.

390 5628 688 5723 Gnocnowrsaa,
715 5620 798 5706 villa
816 5638 880 5707 sub
899 5635 1065 5726 parochia
1082 5634 1125 5706 dc
1144 5634 1396 5725 Boguczicze
1416 5635 1494 5724 sita,
1521 5631 1565 5705 ad
1583 5632 1841 5707 serenissimum

285 5754 451 5827 Poloniae
478 5776 594 5847 regem
621 5758 808 5847 pertinens.
847 5758 886 5828 lu
907 5778 975 5848 qua
993 5760 1075 5828 suant
1101 5756 1192 5829 lanei
1220 5756 1464 5845 emethonaloS,
1491 5754 1680 5846 dequibus
1708 5754 1840 5827 decima

286 5878 478 5967 pecunialis
505 5879 651 5951 soluitur
677 5901 742 5970 pro
769 5880 912 5951 ecclesia
939 5877 1131 5970 parochiali
1158 5879 1193 5949 in
1216 5876 1470 5968 Boguczicze
1496 5875 1540 5948 de
1558 5875 1717 5967 quolibet
1742 5876 1841 5949 laneo
1885 5908 1910 5917 -

285 6018 350 6089 per
375 6008 454 6073 octo
481 6023 639 6093 grossos,
669 6007 705 6074 et
732 6002 941 6092 proueniunt
969 6055 1083 6071 .....
1093 6024 1103 6092 ;
1129 6000 1255 6092 siquis
1283 6004 1399 6073 autem
1427 6018 1530 6090 agros
1558 5998 1719 6072 desertos
1746 5996 1841 6089 colit,

285 6120 369 6193 dare
395 6128 537 6195 tenetur
555 6124 720 6196 decimam
739 6123 987 6215 manipularem
1016 6142 1079 6213 pro
1099 6122 1245 6194 ecclesia
1271 6122 1306 6192 in
1326 6120 1590 6211 Bogucrticze,
1618 6118 1662 6191 de
1681 6120 1840 6193 omuibus

285 6244 480 6335 frumentis,
508 6264 596 6334 quae
623 6243 854 6317 seminaverit.
898 6245 984 6316 Item
1013 6244 1190 6335 praedium
1218 6265 1287 6315 non
1315 6248 1369 6315 est.
1396 6244 1431 6314 in
1458 6242 1578 6315 eadem
1605 6240 1705 6333 villa,
1732 6262 1842 6334 neque

172 6452 176 6459 ι
284 6368 447 6457 taberna,
475 6386 586 6457 neque
613 6364 848 6457 hortulaniae,
876 6387 987 6459 nequo
1014 6366 1257 6438 molendinum.
1308 6452 1311 6457 Ι

780 6506 783 6511 ·
824 6486 1263 6581 ΙΒίΑιευᾏιννοῑονηοκις.
1312 6484 1325 6501 ”

390 6604 485 6679 viru
518 6610 649 6683 nisena
684 6609 798 6685 inm
819 6584 1067 6703 munuca
1081 6594 1443 6725 *messene-ffle
1468 6606 1549 6681 noo
1574 6610 1771 6701 mucan,
1808 6608 1842 6681 a
