4200 8342
311 1276 503 1413 dequibus
534 1306 684 1383 soluitur
717 1314 755 1381 el
779 1308 985 1383 conducitur
1019 1306 1154 1383 decim
1181 1310 1405 1402 manipularis
1432 1317 1468 1383 et
1494 1310 1669 1403 oauapalis
1695 1312 1857 1405 episcopo

310 1426 550 1523 Grrcoriensi·
564 1432 666 1505 cuius
689 1430 789 1503 valor
813 1432 1020 1504 assumatur
1045 1433 1089 1505 ad
1119 1486 1126 1505 .
1153 1489 1161 1503 .
1188 1488 1196 1503 .

913 1796 1064 1868 Oznunr
1091 1795 1257 1869 Poruou.

406 1916 503 1990 Villa
528 1917 661 1991 habens
687 1918 724 1990 in
750 1938 789 1989 se
814 1919 1048 2008 parochialem
1070 1918 1248 1990 ecclesiam
1268 1918 1427 2008 ligneam,
1445 1916 1570 1989 Sancto
1590 1918 1745 1991 Martino
1764 1919 1857 1991 dica-

280 2040 378 2135 lapm,
401 2041 502 2112 cuius
519 2040 643 2113 haeres
660 2039 787 2113 Petrus
805 2040 1075 2131 Rytbersky
1102 2041 1144 2112 de
1163 2041 1268 2112 armis
1287 2040 1603 2131 Bippennium.
1631 2040 1669 2111 ln
1690 2062 1758 2131 qua
1775 2048 1856 2113 sunt

271 2154 390 2231 lanei
410 2162 657 2251 cmelhonales,
684 2163 768 2234 ilem
794 2164 970 2253 tabernac,
999 2163 1081 2233 item
1109 2162 1293 2253 lrortnlani,
1319 2162 1363 2233 dc
1390 2162 1515 2252 quibus
1534 2164 1693 2234 omnibus
1711 2163 1858 2234 solvitur

268 2288 318 2353 et
336 2283 560 2356 conducitur
573 2282 708 2355 decima
725 2280 951 2374 manipularis
970 2290 1006 2355 el
1024 2284 1200 2374 cainopolis
1218 2306 1282 2375 pro
1301 2285 1502 2375 episcopatu
1516 2283 1746 2375 Cracovicnsi,
1758 2286 1858 2356 cuins
1969 2262 1978 2277 ’

263 2404 400 2477 valor
428 2404 474 2476 ad
501 2410 651 2497 quatuor
676 2426 813 2478 nrarcas
839 2407 1063 2494 aestimatum
1091 2406 1173 2477 ilem
1201 2410 1256 2476 est
1283 2405 1330 2476 ibi
1358 2426 1461 2476 ununn
1489 2407 1669 2495 praedium
1696 2406 1857 2495 militare,

260 2524 338 2597 do·
362 2526 473 2597 euius
499 2528 594 2617 agris
620 2528 769 2599 solvitur
796 2526 927 2599 decima
953 2528 1180 2617 manipularis
1207 2548 1270 2617 pro
1297 2528 1443 2599 ecelesia
1470 2534 1505 2599 et
1531 2528 1605 2599 cius
1624 2528 1771 2618 plebano
1791 2530 1856 2601 ibi-

257 2646 378 2719 dcm
414 2648 455 2720 in
482 2647 660 2739 Gnarny
695 2648 896 2737 Potholr,
922 2650 1019 2719 euius
1047 2648 1143 2719 valor
1171 2649 1374 2719 aestimatur
1401 2648 1445 2719 ad
1472 2654 1545 2720 tres
1572 2647 1744 2739 fertorres;
1773 2652 1856 2721 item

254 2770 472 2859 plebanus
497 2770 605 2841 habet
631 2770 766 2841 ratione
791 2790 887 2863 ossep
913 2769 1092 2841 duodecim
1112 2789 1291 2840 mensuras
1310 2768 1457 2860 siliginis
1475 2777 1511 2841 et
1528 2792 1657 2842 avenae
1676 2771 1719 2843 de
1737 2770 1856 2844 eadem

259 2890 405 2977 villa,
444 2891 525 2961 item
552 2891 659 2963 babet
684 2892 830 2962 ecclesia
855 2896 892 2961 et
917 2892 1085 2983 plebanus
1112 2892 1239 2961 ibidem
1266 2893 1426 2981 proprios
1453 2913 1556 2981 agros
1583 2897 1620 2964 et
1646 2898 1766 2983 prata,
1792 2914 1857 2985 pro

260 3034 358 3085 suo
390 3034 460 3085 usu
486 3020 522 3083 el
548 3014 764 3084 necessitate.

964 3134 1200 3207 anowsraro.

303 3258 311 3287 ¹
406 3254 504 3328 Villa
529 3256 662 3327 habens
688 3257 724 3326 in
752 3276 789 3327 se
815 3256 1047 3345 parochialem
1076 3257 1255 3329 ecelesiam
1282 3256 1440 3345 ligneam,
1468 3254 1614 3327 Sanctae
1632 3255 1767 3329 Mariae
1786 3258 1857 3331 Na-

270 3378 436 3451 tivimti
462 3377 623 3466 dicatam,
649 3378 747 3449 cuius
774 3378 898 3449 haeres
925 3377 1101 3466 lvyernek
1129 3377 1378 3467 (labansky
1406 3378 1448 3447 dc
1463 3379 1582 3448 'armis
1599 3376 1623 3448 J
1633 3398 1789 3469 anyna.
1815 3381 1856 3451 Iu

275 3520 370 3591 qua
396 3504 480 3571 sunl
505 3498 598 3569 lanei
618 3500 868 3589 -cmelhonales
896 3502 978 3570 item
1007 3520 1076 3570 nna
1103 3499 1259 3588 taberna,
1287 3500 1369 3569 item
1397 3498 1616 3569 hortulaniae
1636 3507 1794 3589 quatuor,
1813 3501 1856 3572 de

283 3622 430 3712 quibus
456 3641 520 3710 pro
547 3642 618 3693 nna
643 3628 744 3711 parte
772 3622 894 3692 maiori
932 3621 1080 3693 solvil-ur
1106 3620 1239 3693 decima
1265 3619 1491 3709 manipularis
1518 3626 1554 3691 et
1581 3622 1755 3710 carrapulis
1783 3622 1855 3711 ple-

283 3742 393 3815 bano
421 3743 496 3813 eius
523 3742 558 3813 in
586 3742 839 3832 Jazowsko,
868 3748 904 3813 el
930 3742 1028 3813 valor
1055 3743 1130 3814 eius
1156 3742 1361 3813 aestirnatnr
1380 3742 1424 3811 ad
1443 3748 1593 3831 quatuor
1608 3762 1762 3830 marcas3
1790 3764 1853 3832 pro

286 3864 414 3937 altem
437 3884 522 3935 vcro
548 3871 649 3953 parte
676 3865 809 3955 maiori,
838 3864 985 3937 solvitur
1011 3865 1173 3954 episcopo
1201 3862 1431 3953 cracoviensi,
1459 3863 1556 3933 errius
1576 3862 1673 3935 ralor
1691 3864 1853 3934 aestima·

291 3991 360 4059 tur·
394 3984 442 4061 ad
467 3984 555 4056 duas
581 4006 734 4057 marens:
769 3986 851 4057 ilem
880 3992 936 4057 est
960 3985 1008 4057 ibi
1035 3981 1215 4075 praedium
1242 4004 1367 4074 ununr,
1394 3985 1437 4056 de
1464 3986 1561 4056 cuius
1589 3986 1682 4075 agris
1709 3985 1856 4057 solvitur

298 4106 437 4179 decima
462 4106 690 4197 manipularis
715 4108 882 4179 ecclcsiae
899 4128 984 4179 snae
1000 4112 1038 4179 el
1055 4107 1204 4199 plebano
1222 4106 1314 4179 eius:
1343 4107 1425 4177 item
1444 4107 1611 4198 plebanus
1628 4108 1736 4179 habel
1753 4128 1856 4179 unam
1878 4202 1882 4208 Ι

299 4229 503 4319 tabernam,
529 4228 590 4301 sed
625 4248 717 4303 nuuc
750 4229 931 4303 desorata
956 4234 1037 4319 cst-3.
1066 4228 1149 4301 luen
1176 4229 1282 4299 habel
1309 4227 1475 4317 plebanus
1502 4229 1662 4317 proprios
1690 4249 1792 4317 agros
1819 4236 1856 4299 et

300 4356 421 4441 prata,
448 4370 512 4439 pro
539 4370 602 4421 suo
629 4370 695 4423 usu
721 4356 757 4421 cl
783 4352 1009 4440 necessitarem
1035 4347 1116 4421 item
1143 4349 1250 4421 habet
1276 4349 1442 4438 plebanus
1470 4349 1634 4421 solarium
1663 4369 1806 4420 ovorum
1833 4370 1854 4419 a

301 4471 460 4561 quolibet
486 4471 667 4545 cmelhone
694 4473 856 4564 quinque,
883 4474 966 4545 ilem
994 4472 1075 4543 dnm
1104 4471 1229 4560 aliquis
1257 4472 1392 4542 errretho
1421 4475 1551 4541 nractal
1576 4490 1727 4560 porcum,
1755 4477 1850 4541 tenc·

301 4598 361 4665 tor
385 4592 537 4684 plebano
571 4594 656 4666 dare
690 4614 796 4667 unam
831 4594 1062 4665 mandibulam
1100 4592 1186 4663 alias
1213 4588 1360 4661 caelosea
1388 4613 1410 4662 a
1437 4591 1591 4681 quolibet
1617 4610 1743 4681 porco;
1770 4592 1853 4663 item

304 4713 443 4788 solvont
477 4716 545 4788 sibi
571 4736 635 4806 per
660 4721 734 4788 tres
759 4737 869 4807 panes
895 4715 1051 4808 quolibet
1077 4734 1185 4805 anno,
1212 4717 1353 4803 praeter
1380 4712 1612 4802 offertorium
1640 4712 1721 4784 itam
1749 4714 1855 4785 habel

304 4836 529 4929 offertorium,
555 4838 639 4909 ilem
666 4837 954 4911 columhutioncm
981 4837 1095 4910 habet.

377 4982 387 4989 ··
959 4958 1197 5031 Pnzrssown.

405 5078 503 5151 Villa
527 5080 661 5152 habens
688 5081 723 5151 in
751 5101 789 5152 sc
815 5081 995 5153 ecclesiam
1022 5079 1256 5171 parochialem
1276 5076 1434 5168 ligneam,
1453 5078 1581 5150 Sancto
1600 5078 1743 5149 Nicolao
1761 5080 1855 5150 dica-

301 5206 382 5293 tam,
408 5202 511 5275 cuius
536 5202 707 5273 haerodes
732 5202 937 5273 biarcissius
963 5207 1000 5272 el
1027 5201 1279 5292 Wyrzbiantha
1306 5202 1349 5281 dc
1376 5201 1478 5272 domo
1505 5201 1525 5271 l
1537 5220 1692 5292 arryna.
1722 5200 1758 5269 ln
1787 5222 1855 5290 qua

296 5330 380 5403 aunt
406 5323 502 5395 lanei
528 5324 779 5413 cmetlronalcs,
806 5324 849 5395 de
877 5324 1004 5414 qruibus
1030 5323 1178 5395 solvitur
1206 5322 1338 5393 decima
1366 5322 1555 5411 pecuniolis
1583 5321 1744 5409 episcopo
1771 5320 1854 5391 Gra-

287 5444 454 5521 murensi
481 5443 525 5515 dc
551 5444 707 5535 quellibet
732 5444 833 5517 laneo
860 5466 923 5537 por
950 5500 958 5515 .
986 5500 993 5515 .
1021 5500 1028 5514 .
1058 5445 1142 5515 ltern
1170 5448 1251 5515 sunt
1278 5444 1324 5513 ibi
1353 5443 1421 5513 dno
1449 5441 1601 5532 praedia
1619 5441 1793 5532 militaria,
1811 5442 1854 5513 de

281 5580 449 5657 (pamm
473 5566 580 5656 agris,
607 5566 754 5638 solvitur
782 5566 916 5638 decima
940 5566 1167 5656 manipularis
1185 5564 1349 5635 ecclcsiae
1368 5566 1404 5632 oi
1421 5563 1495 5632 eins
1514 5561 1660 5652 plebano
1680 5562 1714 5632 in
1736 5562 1855 5654 Przy-

271 5690 502 5777 Rabona,
529 5687 628 5761 cuius
662 5688 761 5759 valor
787 5688 831 5757 ad
859 5708 919 5757 sex
947 5708 1082 5757 mareas
1110 5686 1331 5770 aestimatum
1368 5682 1449 5753 item
1478 5684 1584 5753 habet
1611 5683 1659 5753 ibi
1684 5683 1854 5773 plebanus

264 5820 325 5883 et
346 5808 511 5881 ecclesia
536 5810 698 5899 proprios
725 5830 829 5899 agros
856 5817 892 5879 et
920 5814 1029 5898 prata,
1058 5829 1121 5897 pro
1150 5828 1212 5877 suo
1241 5828 1305 5876 usu
1332 5813 1367 5876 et
1394 5807 1611 5877 necessitate.

404 5928 599 6023 Sruourn,
624 5930 708 6001 villa
734 5931 799 6002 sub
825 5929 991 6020 parocbia
1017 5928 1061 5997 de
1088 5926 1376 6017 Podgrodze,
1403 5928 1500 5999 cuius
1527 5928 1650 5997 haeres
1676 5925 1854 5998 Jobannes

255 6040 562 6143 Siron-saka·
589 6050 633 6124 de
661 6052 763 6124 domo
788 6051 813 6124 J
821 6072 980 6144 anyna
1005 6050 1046 6123 In
1074 6070 1143 6140 qua
1172 6054 1253 6122 sunt
1279 6047 1370 6119 lanei
1396 6048 1640 6138 emethonules,
1667 6047 1854 6138 dequibus
