4200 8342
290 1626 363 1702 268

289 1840 362 1910 siae
389 1836 566 1928 praefatae
594 1837 629 1908 in
656 1833 873 1927 Gnoynik
900 1835 992 1908 unici
1020 1833 1205 1908 collatores
1233 1840 1269 1906 et
1294 1833 1443 1926 patroni.
1470 1831 1510 1906 In
1530 1854 1599 1926 qua
1616 1839 1699 1907 sunt
1717 1831 1843 1924 viginti
1916 1827 1918 1831 ’

289 1966 438 2050 quatuor
464 1960 554 2030 lanei
581 1958 824 2048 cmethonales,
852 1958 936 2030 item
963 1958 1039 2047 agri
1068 1958 1274 2048 praediales,
1301 1978 1388 2047 quos
1406 1976 1448 2028 ex
1468 1956 1743 2028 ametbonalibus
1761 1957 1844 2042 hae·

289 2081 389 2152 redes
425 2086 672 2154 converterunt
699 2081 735 2152 in
761 2078 976 2171 praediales,
1013 2079 1218 2172 dequibus
1254 2079 1413 2150 omuibus
1449 2083 1520 2149 tam
1558 2077 1842 2165 cmethonalibus,

290 2222 393 2292 quarn
419 2202 672 2291 praedialibuS,
708 2201 857 2273 solvitur
883 2208 920 2271 et
946 2200 1152 2272 conducitur
1187 2201 1320 2271 decima
1352 2199 1578 2290 manipularis
1604 2205 1642 2271 et
1667 2200 1843 2290 campalis

289 2344 354 2413 pro
382 2324 532 2413 capitulo
559 2323 789 2412 Gracovieusi,
816 2329 852 2394 et
879 2322 977 2393 valor
1002 2324 1078 2394 eius
1104 2323 1308 2394 aestimatur
1334 2322 1378 2393 ad
1402 2322 1518 2393 decern
1538 2327 1575 2393 et
1592 2326 1671 2392 octo
1698 2341 1843 2409 marcas,

290 2446 475 2535 aliquando
511 2445 555 2515 ad
583 2445 726 2535 viginti,
763 2431 845 2516 item
881 2444 1026 2515 ecclesia
1062 2442 1220 2534 praefata
1255 2444 1362 2516 habet
1396 2444 1457 2546 -ibi‘
1480 2463 1583 2534 agros
1619 2443 1780 2533 proprios
1807 2450 1844 2513 et

290 2572 401 2657 prata,
428 2588 492 2656 pro
519 2587 582 2638 suo
608 2587 673 2637 usn
700 2573 737 2638 et
763 2566 981 2651 necessitate.

318 2680 324 2688 ’
952 2685 1193 2759 Sczaannow.

395 2807 490 2881 Villa
516 2810 648 2882 habens
676 2809 710 2879 in
737 2829 774 2880 se
801 2808 1034 2898 parochialem
1061 2809 1251 2897 ecclesiam,
1278 2805 1426 2880 Sanctae
1454 2805 1589 2878 Mariae
1615 2805 1844 2898 Magdalenae

292 2938 329 3004 et
354 2932 463 3002 Beato
498 2931 671 3003 Stauislao
707 2930 854 3020 martyri
887 2930 1039 3020 glorioso
1075 2929 1245 3020 dicatam,
1281 2949 1383 3019 quam
1420 2928 1629 3000 venerabilis
1665 2927 1843 3002 Johannes

291 3054 527 3143 Dlugosch
562 3053 679 3125 senior
714 3052 899 3123 canonicus
926 3050 1184 3143 Gracoriensis,
1219 3050 1301 3122 dum
1340 3056 1433 3122 esset
1458 3049 1583 3140 lignea,
1610 3051 1690 3130 nilis
1720 3056 1757 3121 et
1783 3049 1843 3120 de·

292 3181 420 3264 specta,
447 3180 483 3243 et
500 3196 568 3245 non
588 3173 707 3246 valens
733 3194 793 3243 sex
817 3173 967 3263 scothos,
987 3193 1008 3241 a
1025 3172 1147 3262 primis
1173 3169 1406 3243 fundamentis
1433 3171 1589 3262 inicians,
1616 3177 1715 3242 cocto
1732 3170 1843 3244 latere

291 3317 360 3366 una
388 3317 465 3366 cum
492 3302 595 3386 tecto,
622 3295 658 3365 in
686 3295 845 3366 omnibus
872 3294 945 3366 suis
972 3295 1141 3384 partibus
1168 3293 1274 3365 choro
1301 3294 1475 3383 videlicet,
1503 3293 1672 3383 sacristia,
1700 3311 1844 3382 corpore

292 3424 329 3488 et
355 3418 492 3506 porticu
519 3415 784 3506 testitudinavit,
811 3423 847 3487 et
874 3393 1117 3486 coemeterium
1144 3415 1218 3485 eius
1245 3415 1355 3486 latere
1382 3414 1621 3504 circumduxit
1648 3415 1745 3502 cuius
1762 3413 1845 3484 hae-

292 3557 351 3610 res
378 3537 526 3628 Spithko
552 3536 870 3627 Melsthinsky
896 3536 940 3608 de
967 3536 1069 3608 domo
1097 3535 1297 3626 Lelywa,
1333 3538 1429 3608 cuins
1456 3537 1625 3627 plebanus
1651 3535 1843 3618 Stanislaus

293 3655 447 3728 Zabka
474 3658 600 3730 nobilis
627 3657 799 3758 dedomo
825 3656 1012 3748 Prussy.
1039 3657 1127 3728 Item
1155 3655 1301 3729 ecclesia
1328 3656 1487 3747 praefata
1513 3653 1621 3728 habet
1642 3677 1746 3747 agros
1764 3677 1844 3746 pro·

293 3779 389 3870 prios
416 3785 452 3850 et
479 3784 598 3869 prata,
625 3799 779 3869 proauo
805 3779 967 3870 praedio,
1000 3779 1036 3849 in
1065 3768 1133 3870 qua
1160 3785 1241 3849 sunt
1267 3777 1335 3850 duo
1362 3780 1455 3850 lanei
1481 3776 1734 3867 cmethonales,
1761 3779 1844 3850 item

172 3895 197 3924 '⁴
293 3921 363 3972 una
389 3900 537 3972 taberna
562 3900 695 3972 habeus
722 3907 843 3991 agros,
872 3901 915 3973 de
942 3900 1068 3992 quibus
1095 3901 1254 3972 omnibus
1281 3899 1429 3972 solvitur
1455 3901 1589 3973 decima
1615 3899 1843 4002 manipularis

293 4021 460 4093 ccclesiae
486 4022 523 4091 in
549 4019 837 4112 Sozepanon.
864 4021 1094 4094 Beatissimus
1121 4022 1291 4112 siquidem
1319 4021 1422 4095 villae
1448 4019 1631 4114 praefatae.
1650 4042 1694 4094 ex
1720 4040 1845 4110 paren·

292 4143 386 4215 tibus
412 4144 484 4214 suis
512 4142 769 4233 Woyslano
804 4147 841 4215 et
875 4143 1085 4233 Benigna
1119 4149 1226 4232 ortus,
1252 4143 1476 4234 genitusque,
1503 4142 1613 4214 natali
1639 4159 1702 4214 suo
1730 4144 1843 4214 vicum

292 4264 388 4335 illum
416 4265 622 4336 nobilitavit
665 4264 824 4354 Iniquum
851 4266 971 4354 itaque
997 4265 1148 4337 ducebat
1184 4264 1360 4356 praefatus
1385 4264 1564 4337 lohannes
1590 4263 1844 4362 Dlugosch,

293 4391 333 4456 ut
359 4385 455 4455 locus
481 4385 556 4476 ipse
583 4404 659 4456 curn
687 4387 838 4456 omnium
874 4383 1078 4475 polonorum
1114 4384 1282 4457 dedecore
1309 4392 1346 4457 et
1372 4384 1531 4477 infamia,
1557 4379 1710 4477 pir'ridis
1732 4391 1769 4457 et
1785 4385 1844 4456 de·

294 4507 422 4596 spectis
448 4506 553 4596 lignis
579 4505 679 4595 foret,
706 4506 992 4597 quemadmodum
1018 4508 1120 4580 annis
1146 4508 1307 4579 tricentis
1333 4506 1408 4597 fuit,
1436 4508 1480 4579 de
1506 4513 1645 4580 caetero
1672 4506 1844 4579 deforma·

293 4632 362 4716 tus3
389 4629 610 4700 abstersurus
637 4627 755 4718 itaque
782 4648 995 4701 commanem
1022 4629 1228 4719 polonorum
1255 4630 1405 4701 omnium
1433 4629 1657 4719 ignominiam
1674 4633 1729 4700 tot
1746 4629 1846 4700 annis

294 4749 496 4839 toleratam,
523 4756 560 4821 et
587 4750 735 4841 martyri
768 4749 1018 4840 gloriosissimo
1046 4749 1222 4823 Stanislao
1249 4751 1285 4821 in
1313 4749 1388 4822 vico
1424 4749 1582 4841 praefato
1609 4749 1729 4824 aedem
1757 4750 1845 4822 late·

293 4871 409 4943 ritiam
437 4872 641 4962 constmxit,
668 4877 704 4943 et
729 4871 932 4961 polonorum
959 4892 1070 4962 genus
1096 4872 1305 4963 arituperio
1331 4873 1427 4962 longi
1452 4872 1620 4962 temporis
1647 4871 1844 4960 vindicavit,

231 4975 236 4984 ’
294 4998 332 5066 ct
356 4992 475 5065 locum.
494 4992 607 5086 ipsum
633 4993 744 5084 magis
771 4993 942 5076 celebrem
968 4994 1149 5086 magisque
1175 4995 1315 5085 cultum,
1341 4994 1465 5066 maiori
1487 4993 1672 5066 devotione
1691 4999 1726 5066 et
1740 4992 1846 5064 affec-

293 5115 388 5185 tione
415 5136 436 5184 a
462 5115 600 5205 populis
626 5114 933 5208 frequentandam,
969 5116 1094 5188 murali
1120 5115 1254 5191 fabrica
1283 5119 1443 5187 omatum
1470 5114 1632 5187 reddidit
1676 5115 1716 5186 ln
1744 5133 1847 5205 quem

295 5241 331 5305 et
358 5236 498 5324 caliceS,
526 5241 688 5326 ornatus,
726 5258 870 5329 cappas,
905 5243 1111 5329 caeteraque
1138 5238 1266 5310 cunilia
1291 5237 1529 5309 ecclesiastica
1543 5275 1552 5294 ··
1565 5255 1628 5326 pro
1655 5255 1719 5306 suo
1745 5256 1846 5326 posse

295 5358 476 5447 congessit.
520 5356 735 5449 conscripsit
761 5360 902 5449 insuper
938 5360 1102 5451 martyris
1137 5359 1285 5450 praefati
1314 5359 1420 5431 vitam
1456 5359 1523 5429 etsi
1548 5358 1639 5450 stylo
1666 5357 1781 5428 ieiuno
1808 5364 1845 5427 et

296 5478 404 5567 arido,
432 5478 645 5569 aliquantum
672 5486 789 5552 tamen
817 5481 981 5552 crassiori
1007 5489 1045 5552 et
1071 5487 1234 5554 extenso:
1261 5481 1442 5553 ecclesiam
1471 5501 1608 5571 quoquc
1633 5479 1751 5552 Sancti
1778 5478 1847 5548 Mi-

295 5600 425 5674 chaelis
444 5600 494 5672 ,de
521 5600 717 5691 Rupella
742 5603 779 5673 in
806 5601 1058 5675 casimiria
1084 5602 1253 5677 fratribus
1279 5602 1458 5676 heremitis
1486 5602 1589 5675 Beati
1616 5599 1715 5674 Pauli
1742 5601 1846 5692 primi

294 5715 484 5796 heremitae
498 5725 660 5796 obtinuit
686 5724 844 5815 conferri,
872 5731 909 5796 et
930 5726 971 5812 ip
998 5726 1233 5798 coenobialem
1261 5725 1383 5815 creari,
1411 5730 1451 5797 nt
1476 5724 1615 5796 assidue
1641 5723 1678 5795 in
1701 5723 1762 5794 illa
1788 5743 1847 5793 res

294 5843 432 5918 diuinae
459 5867 522 5936 per
547 5846 694 5937 fratrea,
707 5846 829 5918 'horae
857 5867 993 5938 quoque
1020 5853 1221 5930 nocturnae,
1236 5852 1274 5918 et
1300 5846 1445 5918 diurnae
1472 5839 1705 5936 explerentur,
1732 5842 1847 5916 ferens

294 5967 447 6056 moleste,
474 5969 567 6058 quod
594 5968 740 6048 ecclesia
766 5975 837 6040 tam
865 5968 1011 6056 insignis
1038 5968 1205 6059 martyris
1232 5967 1430 6040 Beatissimi
1457 5967 1641 6039 nobilitata
1668 5966 1846 6058 martyrio,

295 6089 433 6159 nonnisi
460 6091 505 6160 ab
532 6109 601 6162 uno
628 6090 819 6181 sacerdote,
845 6111 914 6161 non
933 6087 1080 6178 singulis
1107 6089 1237 6179 diebus,
1265 6089 1326 6161 sed
1342 6088 1584 6180 interpollatis,
1610 6087 1847 6178 truncatisque

295 6207 514 6280 officiaretur.
542 6209 652 6299 Quam
680 6213 785 6282 etiam
811 6231 875 6301 pro
902 6209 1050 6282 fratrum
1077 6214 1262 6301 augmento
1289 6217 1325 6281 et
1351 6211 1593 6300 subsistentia,
1620 6209 1847 6300 amplioribus

295 6329 507 6421 introitibus,
534 6321 694 6402 censibus
722 6339 758 6403 et
784 6334 878 6423 agris
905 6333 1072 6422 coemptis
1099 6333 1297 6423 insignivit,
1325 6333 1564 6423 pergratiam
1590 6330 1848 6404 clementissimi

293 6446 384 6539 Dei,
424 6453 491 6522 riri
530 6451 631 6524 Beati
671 6451 852 6526 Stauislai.
876 6454 988 6528 solum
1026 6455 1167 6545 natale,
1220 6453 1353 6528 fabrica
1392 6453 1535 6526 muralis
1574 6453 1697 6526 lateris
1736 6453 1848 6524 locum

294 6571 468 6658 passionis
490 6575 717 6647 anachoretis
741 6575 943 6667 insigniens,
968 6575 1081 6654 vitam
1106 6595 1242 6671 quoquc
1267 6575 1440 6666 passionis
1466 6574 1580 6648 literis
1599 6630 1607 6647 .
1625 6627 1660 6647 ..
1687 6569 1848 6647 Taberna
