<?xml version="1.0" encoding="UTF-8"?>
<!DOCTYPE html PUBLIC "-//W3C//DTD XHTML 1.0 Transitional//EN"
    "http://www.w3.org/TR/xhtml1/DTD/xhtml1-transitional.dtd">
<html xmlns="http://www.w3.org/1999/xhtml" xml:lang="en" lang="en">
 <head>
  <title>
</title>
<meta http-equiv="Content-Type" content="text/html;charset=utf-8" />
  <meta name='ocr-system' content='tesseract 3.04.00' />
  <meta name='ocr-capabilities' content='ocr_page ocr_carea ocr_par ocr_line ocrx_word'/>
</head>
<body>
  <div class='ocr_page' id='page_1' title='image "./joannisdugoszse01dugoog_0186.png"; bbox 0 0 4200 8342; ppageno 0'>
   <div class='ocr_carea' id='block_1_1' title="bbox 269 1644 341 1718">
    <p class='ocr_par' dir='ltr' id='par_1_1' title="bbox 269 1644 341 1718">
     <span class='ocr_line' id='line_1_1' title="bbox 269 1644 341 1718; baseline -0.028 0"><span class='ocrx_word' id='word_1_1' title='bbox 269 1644 341 1718; x_wconf 79' lang='lat'>160</span> 
     </span>
    </p>
   </div>
   <div class='ocr_carea' id='block_1_2' title="bbox 158 1847 1838 4093">
    <p class='ocr_par' dir='ltr' id='par_1_2' title="bbox 158 1847 1838 4093">
     <span class='ocr_line' id='line_1_2' title="bbox 263 1847 1807 1942; baseline 0 -21"><span class='ocrx_word' id='word_1_2' title='bbox 263 1850 483 1922; x_wconf 88' lang='lat' dir='ltr'>hortulaniac</span> <span class='ocrx_word' id='word_1_3' title='bbox 510 1851 614 1923; x_wconf 90' lang='lat' dir='ltr'>etiam</span> <span class='ocrx_word' id='word_1_4' title='bbox 632 1851 810 1941; x_wconf 89' lang='lat' dir='ltr'>antiquae,</span> <span class='ocrx_word' id='word_1_5' title='bbox 837 1856 873 1923; x_wconf 89' lang='lat' dir='ltr'>et</span> <span class='ocrx_word' id='word_1_6' title='bbox 890 1847 960 1922; x_wconf 85' lang='lat' dir='ltr'>una</span> <span class='ocrx_word' id='word_1_7' title='bbox 976 1851 1124 1925; x_wconf 81' lang='lat' dir='ltr'><strong>taberna</strong></span> <span class='ocrx_word' id='word_1_8' title='bbox 1142 1850 1223 1922; x_wconf 91' lang='lat' dir='ltr'>olim</span> <span class='ocrx_word' id='word_1_9' title='bbox 1241 1849 1419 1941; x_wconf 89' lang='lat' dir='ltr'>militaris,</span> <span class='ocrx_word' id='word_1_10' title='bbox 1433 1848 1489 1922; x_wconf 91' lang='lat' dir='ltr'>de</span> <span class='ocrx_word' id='word_1_11' title='bbox 1508 1849 1635 1942; x_wconf 91' lang='lat' dir='ltr'>qnibns</span> <span class='ocrx_word' id='word_1_12' title='bbox 1654 1849 1807 1921; x_wconf 85' lang='lat' dir='ltr'>omnibus</span> 
     </span>
     <span class='ocr_line' id='line_1_3' title="bbox 264 1970 1809 2063; baseline -0.001 -21"><span class='ocrx_word' id='word_1_13' title='bbox 264 1972 427 2042; x_wconf 90' lang='lat' dir='ltr'>ecclesiae</span> <span class='ocrx_word' id='word_1_14' title='bbox 453 1970 601 2043; x_wconf 88' lang='lat' dir='ltr'>solvitur</span> <span class='ocrx_word' id='word_1_15' title='bbox 627 1972 663 2042; x_wconf 90' lang='lat' dir='ltr'>in</span> <span class='ocrx_word' id='word_1_16' title='bbox 689 1972 946 2063; x_wconf 84' lang='lat' dir='ltr'>Igolomya‚</span> <span class='ocrx_word' id='word_1_17' title='bbox 973 1977 1010 2043; x_wconf 91' lang='lat' dir='ltr'>et</span> <span class='ocrx_word' id='word_1_18' title='bbox 1035 1972 1134 2044; x_wconf 85' lang='lat' dir='ltr'>valor</span> <span class='ocrx_word' id='word_1_19' title='bbox 1160 1973 1236 2042; x_wconf 92' lang='lat' dir='ltr'>eius</span> <span class='ocrx_word' id='word_1_20' title='bbox 1262 1972 1466 2043; x_wconf 88' lang='lat' dir='ltr'>aestimatur</span> <span class='ocrx_word' id='word_1_21' title='bbox 1491 1970 1537 2042; x_wconf 94' lang='lat' dir='ltr'>ad</span> <span class='ocrx_word' id='word_1_22' title='bbox 1552 1976 1643 2042; x_wconf 88' lang='lat' dir='ltr'>-octo</span> <span class='ocrx_word' id='word_1_23' title='bbox 1670 1988 1809 2042; x_wconf 83' lang='lat' dir='ltr'>marces</span> 
     </span>
     <span class='ocr_line' id='line_1_4' title="bbox 264 2089 1810 2184; baseline 0 -23"><span class='ocrx_word' id='word_1_24' title='bbox 264 2090 353 2162; x_wconf 90' lang='lat' dir='ltr'>Item</span> <span class='ocrx_word' id='word_1_25' title='bbox 380 2097 435 2164; x_wconf 89' lang='lat' dir='ltr'>est</span> <span class='ocrx_word' id='word_1_26' title='bbox 460 2091 510 2163; x_wconf 91' lang='lat' dir='ltr'>ibi</span> <span class='ocrx_word' id='word_1_27' title='bbox 536 2094 642 2163; x_wconf 89' lang='lat' dir='ltr'>anum</span> <span class='ocrx_word' id='word_1_28' title='bbox 667 2093 846 2183; x_wconf 84' lang='lat' dir='ltr'><strong>praedium</strong></span> <span class='ocrx_word' id='word_1_29' title='bbox 874 2092 1088 2182; x_wconf 82' lang='lat' dir='ltr'>coenobiale,</span> <span class='ocrx_word' id='word_1_30' title='bbox 1114 2091 1158 2164; x_wconf 93' lang='lat' dir='ltr'>dc</span> <span class='ocrx_word' id='word_1_31' title='bbox 1176 2112 1244 2184; x_wconf 88' lang='lat' dir='ltr'>qno</span> <span class='ocrx_word' id='word_1_32' title='bbox 1270 2111 1339 2163; x_wconf 93' lang='lat' dir='ltr'>uon</span> <span class='ocrx_word' id='word_1_33' title='bbox 1366 2091 1452 2164; x_wconf 73' lang='lat' dir='ltr'>sol·</span> <span class='ocrx_word' id='word_1_34' title='bbox 1539 2090 1644 2162; x_wconf 91' lang='lat' dir='ltr'>alicui</span> <span class='ocrx_word' id='word_1_35' title='bbox 1672 2089 1810 2181; x_wconf 74' lang='lat' dir='ltr'>decima</span> 
     </span>
     <span class='ocr_line' id='line_1_5' title="bbox 265 2210 1718 2309; baseline 0.003 -26"><span class='ocrx_word' id='word_1_36' title='bbox 265 2211 327 2283; x_wconf 91' lang='lat' dir='ltr'>sed</span> <span class='ocrx_word' id='word_1_37' title='bbox 354 2213 556 2309; x_wconf 84' lang='lat' dir='ltr'>coenobium</span> <span class='ocrx_word' id='word_1_38' title='bbox 582 2213 694 2304; x_wconf 84' lang='lat' dir='ltr'>ipsam</span> <span class='ocrx_word' id='word_1_39' title='bbox 718 2233 783 2304; x_wconf 89' lang='lat' dir='ltr'>pro</span> <span class='ocrx_word' id='word_1_40' title='bbox 810 2233 847 2284; x_wconf 90' lang='lat' dir='ltr'>se</span> <span class='ocrx_word' id='word_1_41' title='bbox 873 2213 1031 2303; x_wconf 83' lang='lat' dir='ltr'>percipit.</span> <span class='ocrx_word' id='word_1_42' title='bbox 1377 2210 1382 2265; x_wconf 80' lang='grc' dir='ltr'>ἶ</span> <span class='ocrx_word' id='word_1_43' title='bbox 1429 2238 1431 2243; x_wconf 95' lang='grc'><strong><em>·</em></strong></span> <span class='ocrx_word' id='word_1_44' title='bbox 1484 2230 1518 2287; x_wconf 68' lang='lat'>4·</span> <span class='ocrx_word' id='word_1_45' title='bbox 1655 2250 1657 2255; x_wconf 35' lang='lat' dir='ltr'>v</span> <span class='ocrx_word' id='word_1_46' title='bbox 1716 2244 1718 2253; x_wconf 94' lang='lat'>·</span> 
     </span>
     <span class='ocr_line' id='line_1_6' title="bbox 369 2330 1838 2424; baseline 0.005 -20"><span class='ocrx_word' id='word_1_47' title='bbox 369 2330 533 2424; x_wconf 75' lang='lat' dir='ltr'>smum,</span> <span class='ocrx_word' id='word_1_48' title='bbox 559 2332 644 2404; x_wconf 87' lang='lat' dir='ltr'>villa</span> <span class='ocrx_word' id='word_1_49' title='bbox 662 2333 727 2405; x_wconf 90' lang='lat' dir='ltr'>sub</span> <span class='ocrx_word' id='word_1_50' title='bbox 742 2332 920 2423; x_wconf 88' lang='lat' dir='ltr'>parochia</span> <span class='ocrx_word' id='word_1_51' title='bbox 946 2333 989 2403; x_wconf 93' lang='lat' dir='ltr'>de</span> <span class='ocrx_word' id='word_1_52' title='bbox 1015 2332 1255 2424; x_wconf 85' lang='lat' dir='ltr'>lgolomya</span> <span class='ocrx_word' id='word_1_53' title='bbox 1281 2333 1363 2423; x_wconf 88' lang='lat' dir='ltr'>sita,</span> <span class='ocrx_word' id='word_1_54' title='bbox 1388 2330 1487 2405; x_wconf 88' lang='lat' dir='ltr'>cuius</span> <span class='ocrx_word' id='word_1_55' title='bbox 1512 2331 1685 2406; x_wconf 88' lang='lat' dir='ltr'>haeredes</span> <span class='ocrx_word' id='word_1_56' title='bbox 1711 2330 1838 2411; x_wconf 8' lang='lat' dir='ltr'>Nicon</span> 
     </span>
     <span class='ocr_line' id='line_1_7' title="bbox 263 2451 1813 2546; baseline -0.001 -23"><span class='ocrx_word' id='word_1_57' title='bbox 263 2453 339 2523; x_wconf 87' lang='lat' dir='ltr'>laus</span> <span class='ocrx_word' id='word_1_58' title='bbox 365 2451 651 2546; x_wconf 80' lang='lat' dir='ltr'>Polanowalcy‚</span> <span class='ocrx_word' id='word_1_59' title='bbox 683 2451 809 2525; x_wconf 88' lang='lat' dir='ltr'>Petrus</span> <span class='ocrx_word' id='word_1_60' title='bbox 836 2452 1092 2527; x_wconf 71' lang='lat' dir='ltr'>cruminans</span> <span class='ocrx_word' id='word_1_61' title='bbox 1118 2451 1321 2545; x_wconf 84' lang='lat' dir='ltr'>Sarbsczy</span> <span class='ocrx_word' id='word_1_62' title='bbox 1346 2457 1383 2525; x_wconf 90' lang='lat' dir='ltr'>et</span> <span class='ocrx_word' id='word_1_63' title='bbox 1407 2452 1538 2525; x_wconf 89' lang='lat' dir='ltr'>Petrus·</span> <span class='ocrx_word' id='word_1_64' title='bbox 1569 2451 1813 2544; x_wconf 80' lang='lat' dir='ltr'>Slupowsky</span> 
     </span>
     <span class='ocr_line' id='line_1_8' title="bbox 264 2571 1812 2666; baseline 0.001 -23"><span class='ocrx_word' id='word_1_65' title='bbox 264 2573 306 2644; x_wconf 92' lang='lat' dir='ltr'>de</span> <span class='ocrx_word' id='word_1_66' title='bbox 325 2573 430 2644; x_wconf 91' lang='lat' dir='ltr'>armis</span> <span class='ocrx_word' id='word_1_67' title='bbox 456 2573 745 2664; x_wconf 87' lang='lat' dir='ltr'>Bippennium‚</span> <span class='ocrx_word' id='word_1_68' title='bbox 772 2574 939 2646; x_wconf 89' lang='lat' dir='ltr'>babentes</span> <span class='ocrx_word' id='word_1_69' title='bbox 959 2579 1108 2665; x_wconf 87' lang='lat' dir='ltr'>quatuor</span> <span class='ocrx_word' id='word_1_70' title='bbox 1125 2573 1287 2666; x_wconf 85' lang='lat' dir='ltr'>praedia,</span> <span class='ocrx_word' id='word_1_71' title='bbox 1314 2575 1398 2645; x_wconf 85' lang='lat' dir='ltr'>item</span> <span class='ocrx_word' id='word_1_72' title='bbox 1417 2573 1568 2665; x_wconf 87' lang='lat' dir='ltr'>quinque</span> <span class='ocrx_word' id='word_1_73' title='bbox 1593 2571 1812 2645; x_wconf 86' lang='lat' dir='ltr'>hortulanias</span> 
     </span>
     <span class='ocr_line' id='line_1_9' title="bbox 263 2675 1813 2786; baseline 0.001 -22"><span class='ocrx_word' id='word_1_74' title='bbox 263 2692 431 2766; x_wconf 83' lang='lat' dir='ltr'>habentes</span> <span class='ocrx_word' id='word_1_75' title='bbox 458 2715 574 2786; x_wconf 77' lang='lat' dir='ltr'>agros,</span> <span class='ocrx_word' id='word_1_76' title='bbox 602 2694 788 2785; x_wconf 88' lang='lat' dir='ltr'>dequibus</span> <span class='ocrx_word' id='word_1_77' title='bbox 815 2695 972 2767; x_wconf 90' lang='lat' dir='ltr'>omnibus</span> <span class='ocrx_word' id='word_1_78' title='bbox 999 2695 1148 2766; x_wconf 80' lang='lat' dir='ltr'>solvitur</span> <span class='ocrx_word' id='word_1_79' title='bbox 1174 2694 1307 2767; x_wconf 92' lang='lat' dir='ltr'>decima</span> <span class='ocrx_word' id='word_1_80' title='bbox 1332 2693 1559 2784; x_wconf 77' lang='lat' dir='ltr'>manipuluris</span> <span class='ocrx_word' id='word_1_81' title='bbox 1584 2713 1650 2785; x_wconf 90' lang='lat' dir='ltr'>pro</span> <span class='ocrx_word' id='word_1_82' title='bbox 1669 2675 1813 2765; x_wconf 83' lang='lat' dir='ltr'>ecclesia</span> 
     </span>
     <span class='ocr_line' id='line_1_10' title="bbox 263 2812 1812 2906; baseline 0 -21"><span class='ocrx_word' id='word_1_83' title='bbox 263 2818 300 2886; x_wconf 93' lang='lat' dir='ltr'>et</span> <span class='ocrx_word' id='word_1_84' title='bbox 316 2814 463 2906; x_wconf 90' lang='lat' dir='ltr'>plebano</span> <span class='ocrx_word' id='word_1_85' title='bbox 490 2816 527 2886; x_wconf 93' lang='lat' dir='ltr'>iu</span> <span class='ocrx_word' id='word_1_86' title='bbox 552 2815 804 2906; x_wconf 83' lang='lat' dir='ltr'>Igolomya‚</span> <span class='ocrx_word' id='word_1_87' title='bbox 832 2820 869 2886; x_wconf 91' lang='lat' dir='ltr'>et</span> <span class='ocrx_word' id='word_1_88' title='bbox 894 2812 993 2887; x_wconf 86' lang='lat' dir='ltr'>valor</span> <span class='ocrx_word' id='word_1_89' title='bbox 1018 2814 1093 2886; x_wconf 90' lang='lat' dir='ltr'>eius</span> <span class='ocrx_word' id='word_1_90' title='bbox 1120 2813 1306 2887; x_wconf 88' lang='lat' dir='ltr'>addecem</span> <span class='ocrx_word' id='word_1_91' title='bbox 1331 2819 1368 2887; x_wconf 95' lang='lat' dir='ltr'>et</span> <span class='ocrx_word' id='word_1_92' title='bbox 1384 2819 1519 2905; x_wconf 78' lang='lat' dir='ltr'>septem</span> <span class='ocrx_word' id='word_1_93' title='bbox 1543 2834 1681 2885; x_wconf 84' lang='lat' dir='ltr'>marcas</span> <span class='ocrx_word' id='word_1_94' title='bbox 1707 2812 1812 2885; x_wconf 86' lang='lat' dir='ltr'>aesti-</span> 
     </span>
     <span class='ocr_line' id='line_1_11' title="bbox 262 2928 1812 3030; baseline 0.001 -25"><span class='ocrx_word' id='word_1_95' title='bbox 262 2940 386 3007; x_wconf 90' lang='lat' dir='ltr'>matur.</span> <span class='ocrx_word' id='word_1_96' title='bbox 422 2936 509 3007; x_wconf 83' lang='lat' dir='ltr'>Item</span> <span class='ocrx_word' id='word_1_97' title='bbox 527 2941 610 3007; x_wconf 88' lang='lat' dir='ltr'>sunt</span> <span class='ocrx_word' id='word_1_98' title='bbox 627 2935 676 3006; x_wconf 94' lang='lat' dir='ltr'>ibi</span> <span class='ocrx_word' id='word_1_99' title='bbox 703 2934 770 3007; x_wconf 89' lang='lat' dir='ltr'>duo</span> <span class='ocrx_word' id='word_1_100' title='bbox 787 2934 879 3030; x_wconf 81' lang='lat' dir='ltr'>lanei</span> <span class='ocrx_word' id='word_1_101' title='bbox 898 2935 1150 3025; x_wconf 87' lang='lat' dir='ltr'>cmethonales,</span> <span class='ocrx_word' id='word_1_102' title='bbox 1178 2934 1221 3007; x_wconf 91' lang='lat' dir='ltr'>de</span> <span class='ocrx_word' id='word_1_103' title='bbox 1240 2936 1364 3025; x_wconf 91' lang='lat' dir='ltr'>quibus</span> <span class='ocrx_word' id='word_1_104' title='bbox 1386 2936 1535 3008; x_wconf 87' lang='lat' dir='ltr'>solvitur</span> <span class='ocrx_word' id='word_1_105' title='bbox 1552 2941 1589 3007; x_wconf 90' lang='lat' dir='ltr'>et</span> <span class='ocrx_word' id='word_1_106' title='bbox 1603 2928 1812 3008; x_wconf 71' lang='lat' dir='ltr'>conducitur</span> 
     </span>
     <span class='ocr_line' id='line_1_12' title="bbox 263 3054 1811 3145; baseline 0.001 -19"><span class='ocrx_word' id='word_1_107' title='bbox 263 3054 396 3126; x_wconf 87' lang='lat' dir='ltr'>decima</span> <span class='ocrx_word' id='word_1_108' title='bbox 421 3055 646 3145; x_wconf 85' lang='lat' dir='ltr'>manipularis</span> <span class='ocrx_word' id='word_1_109' title='bbox 673 3059 708 3125; x_wconf 91' lang='lat' dir='ltr'>et</span> <span class='ocrx_word' id='word_1_110' title='bbox 725 3055 900 3144; x_wconf 90' lang='lat' dir='ltr'>canapalis</span> <span class='ocrx_word' id='word_1_111' title='bbox 927 3076 991 3145; x_wconf 92' lang='lat' dir='ltr'>pro</span> <span class='ocrx_word' id='word_1_112' title='bbox 1010 3055 1220 3128; x_wconf 88' lang='lat' dir='ltr'>monasterio</span> <span class='ocrx_word' id='word_1_113' title='bbox 1246 3057 1283 3129; x_wconf 93' lang='lat' dir='ltr'>in</span> <span class='ocrx_word' id='word_1_114' title='bbox 1302 3055 1490 3129; x_wconf 85' lang='lat' dir='ltr'>Brzesko&#39;</span> <span class='ocrx_word' id='word_1_115' title='bbox 1507 3057 1595 3128; x_wconf 88' lang='lat' dir='ltr'>alias</span> <span class='ocrx_word' id='word_1_116' title='bbox 1621 3057 1660 3128; x_wconf 93' lang='lat' dir='ltr'>in</span> <span class='ocrx_word' id='word_1_117' title='bbox 1688 3054 1811 3128; x_wconf 75' lang='lat' dir='ltr'>cheb</span> 
     </span>
     <span class='ocr_line' id='line_1_13' title="bbox 264 3175 1668 3266; baseline -0.003 -20"><span class='ocrx_word' id='word_1_118' title='bbox 264 3176 358 3266; x_wconf 83' lang='lat' dir='ltr'>dou,</span> <span class='ocrx_word' id='word_1_119' title='bbox 384 3181 421 3247; x_wconf 91' lang='lat' dir='ltr'>et</span> <span class='ocrx_word' id='word_1_120' title='bbox 445 3176 544 3251; x_wconf 76' lang='lat' dir='ltr'>valor</span> <span class='ocrx_word' id='word_1_121' title='bbox 571 3175 644 3247; x_wconf 90' lang='lat' dir='ltr'>eius</span> <span class='ocrx_word' id='word_1_122' title='bbox 671 3175 715 3246; x_wconf 89' lang='lat' dir='ltr'>ad</span> <span class='ocrx_word' id='word_1_123' title='bbox 1666 3238 1668 3242; x_wconf 86' lang='lat'>.</span> 
     </span>
     <span class='ocr_line' id='line_1_14' title="bbox 365 3295 1811 3389; baseline -0.001 -21"><span class='ocrx_word' id='word_1_124' title='bbox 365 3295 636 3387; x_wconf 81' lang='lat' dir='ltr'>Dsoerscnow,</span> <span class='ocrx_word' id='word_1_125' title='bbox 663 3295 746 3367; x_wconf 88' lang='lat' dir='ltr'>villa</span> <span class='ocrx_word' id='word_1_126' title='bbox 772 3295 836 3368; x_wconf 88' lang='lat' dir='ltr'>sub</span> <span class='ocrx_word' id='word_1_127' title='bbox 858 3296 1024 3385; x_wconf 89' lang='lat' dir='ltr'>parochia</span> <span class='ocrx_word' id='word_1_128' title='bbox 1050 3296 1092 3369; x_wconf 92' lang='lat' dir='ltr'>de</span> <span class='ocrx_word' id='word_1_129' title='bbox 1118 3297 1357 3389; x_wconf 80' lang='lat' dir='ltr'>Igolomya</span> <span class='ocrx_word' id='word_1_130' title='bbox 1383 3299 1471 3388; x_wconf 86' lang='lat' dir='ltr'>sita,</span> <span class='ocrx_word' id='word_1_131' title='bbox 1498 3296 1596 3371; x_wconf 89' lang='lat' dir='ltr'>cuins</span> <span class='ocrx_word' id='word_1_132' title='bbox 1613 3295 1811 3388; x_wconf 85' lang='lat' dir='ltr'>proprietas</span> 
     </span>
     <span class='ocr_line' id='line_1_15' title="bbox 263 3416 1812 3512; baseline -0.001 -23"><span class='ocrx_word' id='word_1_133' title='bbox 263 3417 307 3490; x_wconf 88' lang='lat' dir='ltr'>ad</span> <span class='ocrx_word' id='word_1_134' title='bbox 324 3419 572 3490; x_wconf 88' lang='lat' dir='ltr'>monasterium</span> <span class='ocrx_word' id='word_1_135' title='bbox 591 3417 634 3489; x_wconf 92' lang='lat' dir='ltr'>de</span> <span class='ocrx_word' id='word_1_136' title='bbox 651 3417 954 3508; x_wconf 86' lang='lat' dir='ltr'>Stanyanthk</span> <span class='ocrx_word' id='word_1_137' title='bbox 963 3439 987 3508; x_wconf 88' lang='lat' dir='ltr'>y</span> <span class='ocrx_word' id='word_1_138' title='bbox 1003 3417 1166 3507; x_wconf 89' lang='lat' dir='ltr'>pertinet.</span> <span class='ocrx_word' id='word_1_139' title='bbox 1196 3416 1237 3488; x_wconf 95' lang='lat' dir='ltr'>In</span> <span class='ocrx_word' id='word_1_140' title='bbox 1256 3439 1324 3509; x_wconf 89' lang='lat' dir='ltr'>qua</span> <span class='ocrx_word' id='word_1_141' title='bbox 1341 3425 1424 3491; x_wconf 90' lang='lat' dir='ltr'>sunt</span> <span class='ocrx_word' id='word_1_142' title='bbox 1441 3417 1702 3512; x_wconf 88' lang='lat' dir='ltr'>quatuordecim</span> <span class='ocrx_word' id='word_1_143' title='bbox 1720 3416 1812 3488; x_wconf 89' lang='lat' dir='ltr'>lanei</span> 
     </span>
     <span class='ocr_line' id='line_1_16' title="bbox 263 3535 1812 3628; baseline -0.001 -19"><span class='ocrx_word' id='word_1_144' title='bbox 263 3535 514 3628; x_wconf 82' lang='lat' dir='ltr'>emethonales,</span> <span class='ocrx_word' id='word_1_145' title='bbox 549 3537 632 3609; x_wconf 93' lang='lat' dir='ltr'>item</span> <span class='ocrx_word' id='word_1_146' title='bbox 667 3537 886 3609; x_wconf 89' lang='lat' dir='ltr'>hortulaniac</span> <span class='ocrx_word' id='word_1_147' title='bbox 921 3542 1073 3628; x_wconf 87' lang='lat' dir='ltr'>septem,</span> <span class='ocrx_word' id='word_1_148' title='bbox 1108 3537 1290 3609; x_wconf 87' lang='lat' dir='ltr'>tabernae·</span> <span class='ocrx_word' id='word_1_149' title='bbox 1308 3536 1397 3609; x_wconf 92' lang='lat' dir='ltr'>duae</span> <span class='ocrx_word' id='word_1_150' title='bbox 1423 3539 1591 3610; x_wconf 88' lang='lat' dir='ltr'>habentes</span> <span class='ocrx_word' id='word_1_151' title='bbox 1618 3558 1742 3628; x_wconf 82' lang='lat' dir='ltr'>agros,</span> <span class='ocrx_word' id='word_1_152' title='bbox 1769 3536 1812 3609; x_wconf 91' lang='lat' dir='ltr'>de</span> 
     </span>
     <span class='ocr_line' id='line_1_17' title="bbox 263 3635 1812 3750; baseline -0.001 -20"><span class='ocrx_word' id='word_1_153' title='bbox 263 3660 387 3749; x_wconf 90' lang='lat' dir='ltr'>quibus</span> <span class='ocrx_word' id='word_1_154' title='bbox 405 3659 571 3730; x_wconf 91' lang='lat' dir='ltr'>omnibus</span> <span class='ocrx_word' id='word_1_155' title='bbox 598 3658 744 3730; x_wconf 90' lang='lat' dir='ltr'>solvitur</span> <span class='ocrx_word' id='word_1_156' title='bbox 779 3665 815 3729; x_wconf 89' lang='lat' dir='ltr'>et</span> <span class='ocrx_word' id='word_1_157' title='bbox 835 3657 1044 3730; x_wconf 88' lang='lat' dir='ltr'>conducitur</span> <span class='ocrx_word' id='word_1_158' title='bbox 1071 3658 1204 3730; x_wconf 89' lang='lat' dir='ltr'>decima</span> <span class='ocrx_word' id='word_1_159' title='bbox 1229 3635 1455 3748; x_wconf 85' lang='lat' dir='ltr'>manipularis</span> <span class='ocrx_word' id='word_1_160' title='bbox 1481 3665 1518 3730; x_wconf 92' lang='lat' dir='ltr'>et</span> <span class='ocrx_word' id='word_1_161' title='bbox 1544 3658 1723 3750; x_wconf 87' lang='lat' dir='ltr'>canapalis</span> <span class='ocrx_word' id='word_1_162' title='bbox 1748 3677 1812 3748; x_wconf 92' lang='lat' dir='ltr'>pro</span> 
     </span>
     <span class='ocr_line' id='line_1_18' title="bbox 262 3767 1811 3876; baseline -0.001 -25"><span class='ocrx_word' id='word_1_163' title='bbox 262 3778 580 3876; x_wconf 88' lang='lat' dir='ltr'>sanctimonialibus</span> <span class='ocrx_word' id='word_1_164' title='bbox 607 3778 643 3849; x_wconf 92' lang='lat' dir='ltr'>in</span> <span class='ocrx_word' id='word_1_165' title='bbox 670 3777 1003 3871; x_wconf 85' lang='lat' dir='ltr'>Stanyantbki‚</span> <span class='ocrx_word' id='word_1_166' title='bbox 1031 3779 1128 3850; x_wconf 92' lang='lat' dir='ltr'>cuius</span> <span class='ocrx_word' id='word_1_167' title='bbox 1155 3767 1253 3851; x_wconf 85' lang='lat' dir='ltr'>valor</span> <span class='ocrx_word' id='word_1_168' title='bbox 1288 3778 1493 3851; x_wconf 78' lang='lat' dir='ltr'>aestimatur</span> <span class='ocrx_word' id='word_1_169' title='bbox 1528 3778 1688 3850; x_wconf 92' lang='lat' dir='ltr'>ad</span> <span class='ocrx_word' id='word_1_170' title='bbox 1723 3774 1811 3849; x_wconf 83' lang='lat' dir='ltr'>Item</span> 
     </span>
     <span class='ocr_line' id='line_1_19' title="bbox 158 3896 1812 4001; baseline -0.002 -29"><span class='ocrx_word' id='word_1_171' title='bbox 158 3996 161 4001; x_wconf 91' lang='lat'>.</span> <span class='ocrx_word' id='word_1_172' title='bbox 262 3901 310 3973; x_wconf 93' lang='lat' dir='ltr'>ibi</span> <span class='ocrx_word' id='word_1_173' title='bbox 337 3920 443 3972; x_wconf 90' lang='lat' dir='ltr'>unum</span> <span class='ocrx_word' id='word_1_174' title='bbox 469 3898 649 3990; x_wconf 87' lang='lat' dir='ltr'>praedium</span> <span class='ocrx_word' id='word_1_175' title='bbox 676 3899 882 3990; x_wconf 87' lang='lat' dir='ltr'>coenobiale,</span> <span class='ocrx_word' id='word_1_176' title='bbox 910 3899 953 3971; x_wconf 91' lang='lat' dir='ltr'>de</span> <span class='ocrx_word' id='word_1_177' title='bbox 980 3918 1047 3988; x_wconf 90' lang='lat' dir='ltr'>quo</span> <span class='ocrx_word' id='word_1_178' title='bbox 1075 3898 1161 3969; x_wconf 93' lang='lat' dir='ltr'>nulli</span> <span class='ocrx_word' id='word_1_179' title='bbox 1188 3897 1354 3989; x_wconf 84' lang='lat' dir='ltr'>decimat,</span> <span class='ocrx_word' id='word_1_180' title='bbox 1381 3898 1443 3970; x_wconf 91' lang='lat' dir='ltr'>sed</span> <span class='ocrx_word' id='word_1_181' title='bbox 1468 3919 1634 3989; x_wconf 61' lang='lat' dir='ltr'>cam‘pro</span> <span class='ocrx_word' id='word_1_182' title='bbox 1653 3918 1693 3969; x_wconf 92' lang='lat' dir='ltr'>se</span> <span class='ocrx_word' id='word_1_183' title='bbox 1719 3896 1812 3971; x_wconf 88' lang='lat' dir='ltr'>tollit</span> 
     </span>
     <span class='ocr_line' id='line_1_20' title="bbox 263 4019 1433 4093; baseline -0.003 0"><span class='ocrx_word' id='word_1_184' title='bbox 263 4026 299 4093; x_wconf 91' lang='lat' dir='ltr'>et</span> <span class='ocrx_word' id='word_1_185' title='bbox 325 4021 361 4093; x_wconf 91' lang='lat' dir='ltr'>in</span> <span class='ocrx_word' id='word_1_186' title='bbox 387 4021 551 4093; x_wconf 86' lang='lat' dir='ltr'>horream</span> <span class='ocrx_word' id='word_1_187' title='bbox 577 4040 677 4093; x_wconf 88' lang='lat' dir='ltr'>suum</span> <span class='ocrx_word' id='word_1_188' title='bbox 704 4019 808 4092; x_wconf 87' lang='lat' dir='ltr'>ducit.</span> <span class='ocrx_word' id='word_1_189' title='bbox 1430 4042 1433 4047; x_wconf 92' lang='lat'><em>·</em></span> 
     </span>
    </p>
   </div>
   <div class='ocr_carea' id='block_1_3' title="bbox 755 4279 1315 4411">
    <p class='ocr_par' dir='ltr' id='par_1_3' title="bbox 755 4279 1315 4411">
     <span class='ocr_line' id='line_1_21' title="bbox 755 4279 1315 4411; baseline 0.002 -49"><span class='ocrx_word' id='word_1_190' title='bbox 755 4279 997 4411; x_wconf 62' lang='lat' dir='ltr'>Reaebenda</span> <span class='ocrx_word' id='word_1_191' title='bbox 1031 4283 1071 4364; x_wconf 88' lang='lat' dir='ltr'>in</span> <span class='ocrx_word' id='word_1_192' title='bbox 1106 4281 1315 4389; x_wconf 79' lang='lat' dir='ltr'>lpolornye</span> 
     </span>
    </p>
   </div>
   <div class='ocr_carea' id='block_1_4' title="bbox 186 4500 1844 6673">
    <p class='ocr_par' dir='ltr' id='par_1_4' title="bbox 186 4500 1811 5562">
     <span class='ocr_line' id='line_1_22' title="bbox 261 4500 1810 4595; baseline -0.002 -17"><span class='ocrx_word' id='word_1_193' title='bbox 261 4505 368 4578; x_wconf 88' lang='lat' dir='ltr'>habet</span> <span class='ocrx_word' id='word_1_194' title='bbox 402 4524 466 4594; x_wconf 89' lang='lat' dir='ltr'>pro</span> <span class='ocrx_word' id='word_1_195' title='bbox 499 4501 606 4576; x_wconf 85' lang='lat' dir='ltr'>fundo</span> <span class='ocrx_word' id='word_1_196' title='bbox 627 4502 728 4575; x_wconf 87' lang='lat' dir='ltr'>-duas</span> <span class='ocrx_word' id='word_1_197' title='bbox 763 4502 927 4575; x_wconf 86' lang='lat' dir='ltr'>tabernas</span> <span class='ocrx_word' id='word_1_198' title='bbox 963 4502 1092 4576; x_wconf 88' lang='lat' dir='ltr'>ibidem</span> <span class='ocrx_word' id='word_1_199' title='bbox 1127 4503 1163 4574; x_wconf 95' lang='lat' dir='ltr'>in</span> <span class='ocrx_word' id='word_1_200' title='bbox 1197 4502 1455 4595; x_wconf 82' lang='lat' dir='ltr'>Igolomya,</span> <span class='ocrx_word' id='word_1_201' title='bbox 1499 4507 1536 4573; x_wconf 93' lang='lat' dir='ltr'>et</span> <span class='ocrx_word' id='word_1_202' title='bbox 1570 4500 1614 4574; x_wconf 90' lang='lat' dir='ltr'>de</span> <span class='ocrx_word' id='word_1_203' title='bbox 1655 4500 1810 4594; x_wconf 84' lang='lat' dir='ltr'>qualibet</span> 
     </span>
     <span class='ocr_line' id='line_1_23' title="bbox 262 4623 1811 4715; baseline -0.005 -15"><span class='ocrx_word' id='word_1_204' title='bbox 262 4626 328 4700; x_wconf 89' lang='lat' dir='ltr'>sibi</span> <span class='ocrx_word' id='word_1_205' title='bbox 356 4625 538 4697; x_wconf 87' lang='lat' dir='ltr'>solvuntur</span> <span class='ocrx_word' id='word_1_206' title='bbox 564 4625 652 4695; x_wconf 88' lang='lat' dir='ltr'>duae</span> <span class='ocrx_word' id='word_1_207' title='bbox 678 4644 850 4713; x_wconf 88' lang='lat' dir='ltr'>marcac,·</span> <span class='ocrx_word' id='word_1_208' title='bbox 871 4624 913 4695; x_wconf 94' lang='lat' dir='ltr'>de</span> <span class='ocrx_word' id='word_1_209' title='bbox 940 4625 1067 4715; x_wconf 89' lang='lat' dir='ltr'>quibus</span> <span class='ocrx_word' id='word_1_210' title='bbox 1102 4624 1207 4696; x_wconf 82' lang='lat' dir='ltr'>solvit</span> <span class='ocrx_word' id='word_1_211' title='bbox 1240 4624 1387 4696; x_wconf 89' lang='lat' dir='ltr'>mediam</span> <span class='ocrx_word' id='word_1_212' title='bbox 1421 4644 1573 4695; x_wconf 84' lang='lat' dir='ltr'>marcam</span> <span class='ocrx_word' id='word_1_213' title='bbox 1608 4625 1751 4696; x_wconf 82' lang='lat' dir='ltr'>vicarlis</span> <span class='ocrx_word' id='word_1_214' title='bbox 1776 4623 1811 4694; x_wconf 94' lang='lat' dir='ltr'>in</span> 
     </span>
     <span class='ocr_line' id='line_1_24' title="bbox 261 4745 1810 4839; baseline -0.002 -19"><span class='ocrx_word' id='word_1_215' title='bbox 261 4748 486 4839; x_wconf 84' lang='lat' dir='ltr'>Igolomya,</span> <span class='ocrx_word' id='word_1_216' title='bbox 515 4747 573 4835; x_wconf 88' lang='lat' dir='ltr'>qui</span> <span class='ocrx_word' id='word_1_217' title='bbox 591 4751 699 4835; x_wconf 83' lang='lat' dir='ltr'>agunt</span> <span class='ocrx_word' id='word_1_218' title='bbox 717 4766 781 4835; x_wconf 92' lang='lat' dir='ltr'>pro</span> <span class='ocrx_word' id='word_1_219' title='bbox 801 4746 1011 4836; x_wconf 85' lang='lat' dir='ltr'>quibuslibet</span> <span class='ocrx_word' id='word_1_220' title='bbox 1029 4751 1179 4836; x_wconf 90' lang='lat' dir='ltr'>quatuor</span> <span class='ocrx_word' id='word_1_221' title='bbox 1205 4745 1420 4835; x_wconf 89' lang='lat' dir='ltr'>temporibus</span> <span class='ocrx_word' id='word_1_222' title='bbox 1448 4749 1586 4817; x_wconf 84' lang='lat' dir='ltr'>cantum</span> <span class='ocrx_word' id='word_1_223' title='bbox 1613 4745 1810 4836; x_wconf 76' lang='lat' dir='ltr'>uigiliarum</span> 
     </span>
     <span class='ocr_line' id='line_1_25' title="bbox 186 4863 1809 4957; baseline -0.002 -17"><span class='ocrx_word' id='word_1_224' title='bbox 186 4913 187 4916; x_wconf 59' lang='lat'><em>=</em></span> <span class='ocrx_word' id='word_1_225' title='bbox 261 4873 297 4940; x_wconf 89' lang='lat' dir='ltr'>et</span> <span class='ocrx_word' id='word_1_226' title='bbox 323 4888 427 4939; x_wconf 88' lang='lat' dir='ltr'>unam</span> <span class='ocrx_word' id='word_1_227' title='bbox 453 4866 592 4938; x_wconf 86' lang='lat' dir='ltr'>missam</span> <span class='ocrx_word' id='word_1_228' title='bbox 619 4868 655 4938; x_wconf 92' lang='lat' dir='ltr'>in</span> <span class='ocrx_word' id='word_1_229' title='bbox 682 4870 804 4956; x_wconf 85' lang='lat' dir='ltr'>cantu,</span> <span class='ocrx_word' id='word_1_230' title='bbox 839 4887 903 4956; x_wconf 85' lang='lat' dir='ltr'>pro</span> <span class='ocrx_word' id='word_1_231' title='bbox 938 4865 1182 4957; x_wconf 75' lang='lat' dir='ltr'>fundatoribus</span> <span class='ocrx_word' id='word_1_232' title='bbox 1209 4870 1245 4936; x_wconf 91' lang='lat' dir='ltr'>et</span> <span class='ocrx_word' id='word_1_233' title='bbox 1270 4863 1546 4937; x_wconf 84' lang='lat' dir='ltr'>benefactoribus</span> <span class='ocrx_word' id='word_1_234' title='bbox 1581 4864 1749 4937; x_wconf 90' lang='lat' dir='ltr'>ecclesiae</span> <span class='ocrx_word' id='word_1_235' title='bbox 1774 4866 1809 4936; x_wconf 94' lang='lat' dir='ltr'>in</span> 
     </span>
     <span class='ocr_line' id='line_1_26' title="bbox 260 4984 1808 5080; baseline -0.003 -19"><span class='ocrx_word' id='word_1_236' title='bbox 260 4989 513 5080; x_wconf 78' lang='lat' dir='ltr'>Igolomya:</span> <span class='ocrx_word' id='word_1_237' title='bbox 548 4988 630 5058; x_wconf 88' lang='lat' dir='ltr'>item</span> <span class='ocrx_word' id='word_1_238' title='bbox 657 4988 763 5059; x_wconf 85' lang='lat' dir='ltr'>habet</span> <span class='ocrx_word' id='word_1_239' title='bbox 789 4987 1074 5077; x_wconf 86' lang='lat' dir='ltr'>praebendarius¹</span> <span class='ocrx_word' id='word_1_240' title='bbox 1099 4987 1237 5058; x_wconf 90' lang='lat' dir='ltr'>domum</span> <span class='ocrx_word' id='word_1_241' title='bbox 1268 4987 1394 5058; x_wconf 93' lang='lat' dir='ltr'>bonam</span> <span class='ocrx_word' id='word_1_242' title='bbox 1421 5006 1486 5076; x_wconf 87' lang='lat' dir='ltr'>pro</span> <span class='ocrx_word' id='word_1_243' title='bbox 1512 5004 1576 5058; x_wconf 88' lang='lat' dir='ltr'>sua</span> <span class='ocrx_word' id='word_1_244' title='bbox 1600 4984 1808 5076; x_wconf 83' lang='lat' dir='ltr'>praebenda,</span> 
     </span>
     <span class='ocr_line' id='line_1_27' title="bbox 259 5106 1808 5202; baseline -0.002 -20"><span class='ocrx_word' id='word_1_245' title='bbox 259 5114 343 5182; x_wconf 91' lang='lat' dir='ltr'>item</span> <span class='ocrx_word' id='word_1_246' title='bbox 370 5110 478 5181; x_wconf 90' lang='lat' dir='ltr'>habet</span> <span class='ocrx_word' id='word_1_247' title='bbox 504 5108 672 5180; x_wconf 85' lang='lat' dir='ltr'>decimam</span> <span class='ocrx_word' id='word_1_248' title='bbox 697 5107 909 5198; x_wconf 87' lang='lat' dir='ltr'>praedialem</span> <span class='ocrx_word' id='word_1_249' title='bbox 928 5109 964 5179; x_wconf 92' lang='lat' dir='ltr'>in</span> <span class='ocrx_word' id='word_1_250' title='bbox 983 5106 1208 5199; x_wconf 85' lang='lat' dir='ltr'>Gleuyecz‚</span> <span class='ocrx_word' id='word_1_251' title='bbox 1236 5108 1333 5179; x_wconf 90' lang='lat' dir='ltr'>cuius</span> <span class='ocrx_word' id='word_1_252' title='bbox 1350 5107 1449 5202; x_wconf 84' lang='lat' dir='ltr'>valor</span> <span class='ocrx_word' id='word_1_253' title='bbox 1466 5106 1511 5179; x_wconf 90' lang='lat' dir='ltr'>ad</span> <span class='ocrx_word' id='word_1_254' title='bbox 1529 5127 1631 5178; x_wconf 89' lang='lat' dir='ltr'>unam</span> <span class='ocrx_word' id='word_1_255' title='bbox 1656 5126 1808 5179; x_wconf 86' lang='lat' dir='ltr'>marcam</span> 
     </span>
     <span class='ocr_line' id='line_1_28' title="bbox 259 5229 1808 5319; baseline -0.003 -16"><span class='ocrx_word' id='word_1_256' title='bbox 259 5231 481 5303; x_wconf 88' lang='lat' dir='ltr'>aestimatur:</span> <span class='ocrx_word' id='word_1_257' title='bbox 516 5231 599 5299; x_wconf 86' lang='lat' dir='ltr'>item</span> <span class='ocrx_word' id='word_1_258' title='bbox 625 5233 721 5300; x_wconf 90' lang='lat' dir='ltr'>tenet</span> <span class='ocrx_word' id='word_1_259' title='bbox 754 5229 921 5300; x_wconf 86' lang='lat' dir='ltr'>vicarium</span> <span class='ocrx_word' id='word_1_260' title='bbox 957 5230 992 5299; x_wconf 95' lang='lat' dir='ltr'>in</span> <span class='ocrx_word' id='word_1_261' title='bbox 1019 5229 1257 5319; x_wconf 83' lang='lat' dir='ltr'>Igolomya</span> <span class='ocrx_word' id='word_1_262' title='bbox 1290 5233 1435 5319; x_wconf 84' lang='lat' dir='ltr'>propter</span> <span class='ocrx_word' id='word_1_263' title='bbox 1468 5229 1682 5308; x_wconf 85' lang='lat' dir='ltr'>tenuitatem.</span> <span class='ocrx_word' id='word_1_264' title='bbox 1709 5246 1808 5319; x_wconf 88' lang='lat' dir='ltr'>prae-</span> 
     </span>
     <span class='ocr_line' id='line_1_29' title="bbox 258 5346 1809 5441; baseline -0.003 -18"><span class='ocrx_word' id='word_1_265' title='bbox 258 5351 409 5441; x_wconf 85' lang='lat' dir='ltr'>bendae,</span> <span class='ocrx_word' id='word_1_266' title='bbox 437 5355 473 5420; x_wconf 89' lang='lat' dir='ltr'>et</span> <span class='ocrx_word' id='word_1_267' title='bbox 499 5349 666 5439; x_wconf 87' lang='lat' dir='ltr'>plebanus</span> <span class='ocrx_word' id='word_1_268' title='bbox 690 5349 793 5420; x_wconf 88' lang='lat' dir='ltr'>solvit</span> <span class='ocrx_word' id='word_1_269' title='bbox 812 5349 878 5421; x_wconf 93' lang='lat' dir='ltr'>sibi</span> <span class='ocrx_word' id='word_1_270' title='bbox 897 5350 983 5420; x_wconf 89' lang='lat' dir='ltr'>duas</span> <span class='ocrx_word' id='word_1_271' title='bbox 1000 5347 1240 5421; x_wconf 89' lang='lat' dir='ltr'>tantummodo</span> <span class='ocrx_word' id='word_1_272' title='bbox 1259 5369 1413 5440; x_wconf 85' lang='lat' dir='ltr'>marcas,</span> <span class='ocrx_word' id='word_1_273' title='bbox 1439 5349 1518 5421; x_wconf 89' lang='lat' dir='ltr'>aliis</span> <span class='ocrx_word' id='word_1_274' title='bbox 1536 5354 1651 5421; x_wconf 88' lang='lat' dir='ltr'>autem</span> <span class='ocrx_word' id='word_1_275' title='bbox 1668 5346 1809 5421; x_wconf 80' lang='lat' dir='ltr'>vicariis</span> 
     </span>
     <span class='ocr_line' id='line_1_30' title="bbox 259 5473 1482 5562; baseline -0.004 -17"><span class='ocrx_word' id='word_1_276' title='bbox 259 5473 363 5545; x_wconf 89' lang='lat' dir='ltr'>solvit</span> <span class='ocrx_word' id='word_1_277' title='bbox 389 5493 453 5562; x_wconf 92' lang='lat' dir='ltr'>per</span> <span class='ocrx_word' id='word_1_278' title='bbox 486 5475 634 5562; x_wconf 86' lang='lat' dir='ltr'>quatuor</span> <span class='ocrx_word' id='word_1_279' title='bbox 660 5490 805 5542; x_wconf 88' lang='lat' dir='ltr'>marcas.</span> <span class='ocrx_word' id='word_1_280' title='bbox 918 5490 921 5496; x_wconf 88' lang='lat'>·</span> <span class='ocrx_word' id='word_1_281' title='bbox 1348 5524 1351 5529; x_wconf 88' lang='lat'>.</span> <span class='ocrx_word' id='word_1_282' title='bbox 1479 5496 1482 5500; x_wconf 94' lang='lat'>·</span> 
     </span>
    </p>

    <p class='ocr_par' dir='ltr' id='par_1_5' title="bbox 256 5589 1844 6673">
     <span class='ocr_line' id='line_1_31' title="bbox 363 5589 1810 5683; baseline 0 -19"><span class='ocrx_word' id='word_1_283' title='bbox 363 5592 561 5664; x_wconf 86' lang='lat' dir='ltr'>Notandum</span> <span class='ocrx_word' id='word_1_284' title='bbox 590 5595 703 5664; x_wconf 88' lang='lat' dir='ltr'>autem</span> <span class='ocrx_word' id='word_1_285' title='bbox 731 5591 823 5681; x_wconf 92' lang='lat' dir='ltr'>quod</span> <span class='ocrx_word' id='word_1_286' title='bbox 850 5590 1029 5671; x_wconf 85' lang='lat' dir='ltr'>ecclesiam</span> <span class='ocrx_word' id='word_1_287' title='bbox 1056 5589 1246 5682; x_wconf 86' lang='lat' dir='ltr'>praelatam</span> <span class='ocrx_word' id='word_1_288' title='bbox 1272 5590 1309 5662; x_wconf 93' lang='lat' dir='ltr'>in</span> <span class='ocrx_word' id='word_1_289' title='bbox 1334 5590 1586 5683; x_wconf 81' lang='lat' dir='ltr'>Igolomya,</span> <span class='ocrx_word' id='word_1_290' title='bbox 1612 5609 1690 5663; x_wconf 92' lang='lat' dir='ltr'>cum</span> <span class='ocrx_word' id='word_1_291' title='bbox 1717 5595 1810 5664; x_wconf 87' lang='lat' dir='ltr'>esset</span> 
     </span>
     <span class='ocr_line' id='line_1_32' title="bbox 258 5711 1810 5814; baseline -0.002 -26"><span class='ocrx_word' id='word_1_292' title='bbox 258 5719 373 5806; x_wconf 86' lang='lat' dir='ltr'>lignea</span> <span class='ocrx_word' id='word_1_293' title='bbox 386 5714 604 5805; x_wconf 87' lang='lat' dir='ltr'>aprimordio</span> <span class='ocrx_word' id='word_1_294' title='bbox 617 5734 702 5784; x_wconf 87' lang='lat' dir='ltr'>suae</span> <span class='ocrx_word' id='word_1_295' title='bbox 711 5712 931 5802; x_wconf 85' lang='lat' dir='ltr'>fundationis,</span> <span class='ocrx_word' id='word_1_296' title='bbox 945 5733 1049 5785; x_wconf 86' lang='lat' dir='ltr'>senex</span> <span class='ocrx_word' id='word_1_297' title='bbox 1063 5718 1100 5784; x_wconf 91' lang='lat' dir='ltr'>et</span> <span class='ocrx_word' id='word_1_298' title='bbox 1107 5713 1258 5803; x_wconf 86' lang='lat' dir='ltr'>putrida,</span> <span class='ocrx_word' id='word_1_299' title='bbox 1268 5712 1434 5802; x_wconf 81' lang='lat' dir='ltr'>magister</span> <span class='ocrx_word' id='word_1_300' title='bbox 1450 5711 1810 5814; x_wconf 85' lang='lat' dir='ltr'>Szwantlroszlaus</span> 
     </span>
     <span class='ocr_line' id='line_1_33' title="bbox 258 5831 1810 5926; baseline -0.003 -17"><span class='ocrx_word' id='word_1_301' title='bbox 258 5837 477 5909; x_wconf 88' lang='lat' dir='ltr'>decretorum</span> <span class='ocrx_word' id='word_1_302' title='bbox 504 5835 633 5926; x_wconf 90' lang='lat' dir='ltr'>docter,</span> <span class='ocrx_word' id='word_1_303' title='bbox 661 5840 744 5905; x_wconf 92' lang='lat' dir='ltr'>tunc</span> <span class='ocrx_word' id='word_1_304' title='bbox 771 5834 844 5906; x_wconf 90' lang='lat' dir='ltr'>eius</span> <span class='ocrx_word' id='word_1_305' title='bbox 871 5834 1047 5924; x_wconf 75' lang='lat' dir='ltr'>plebanus</span> <span class='ocrx_word' id='word_1_306' title='bbox 1076 5833 1201 5905; x_wconf 92' lang='lat' dir='ltr'>nobilis</span> <span class='ocrx_word' id='word_1_307' title='bbox 1228 5838 1268 5903; x_wconf 89' lang='lat' dir='ltr'>ut</span> <span class='ocrx_word' id='word_1_308' title='bbox 1292 5831 1404 5904; x_wconf 84' lang='lat' dir='ltr'>fertur</span> <span class='ocrx_word' id='word_1_309' title='bbox 1429 5851 1556 5923; x_wconf 83' lang='lat' dir='ltr'>genere</span> <span class='ocrx_word' id='word_1_310' title='bbox 1582 5831 1747 5905; x_wconf 90' lang='lat' dir='ltr'>dedomo</span> <span class='ocrx_word' id='word_1_311' title='bbox 1773 5839 1810 5904; x_wconf 91' lang='lat' dir='ltr'>et</span> 
     </span>
     <span class='ocr_line' id='line_1_34' title="bbox 257 5952 1810 6050; baseline -0.004 -19"><span class='ocrx_word' id='word_1_312' title='bbox 257 5959 391 6031; x_wconf 86' lang='lat' dir='ltr'>familia</span> <span class='ocrx_word' id='word_1_313' title='bbox 417 5958 600 6050; x_wconf 83' lang='lat' dir='ltr'>Prussy‚</span> <span class='ocrx_word' id='word_1_314' title='bbox 628 5957 740 6047; x_wconf 87' lang='lat' dir='ltr'>ipsam</span> <span class='ocrx_word' id='word_1_315' title='bbox 767 5977 858 6027; x_wconf 91' lang='lat' dir='ltr'>anno</span> <span class='ocrx_word' id='word_1_316' title='bbox 884 5954 1024 6027; x_wconf 89' lang='lat' dir='ltr'>Domini</span> <span class='ocrx_word' id='word_1_317' title='bbox 1055 5955 1152 6026; x_wconf 87' lang='lat'>1385</span> <span class='ocrx_word' id='word_1_318' title='bbox 1167 5975 1280 6025; x_wconf 13' lang='lat' dir='ltr'>&#39;muro</span> <span class='ocrx_word' id='word_1_319' title='bbox 1307 5953 1424 6025; x_wconf 87' lang='lat' dir='ltr'>coctili</span> <span class='ocrx_word' id='word_1_320' title='bbox 1449 5952 1643 6043; x_wconf 70' lang='lat' dir='ltr'>fabricavit</span> <span class='ocrx_word' id='word_1_321' title='bbox 1670 5958 1709 6026; x_wconf 89' lang='lat' dir='ltr'>et</span> <span class='ocrx_word' id='word_1_322' title='bbox 1733 5953 1810 6045; x_wconf 87' lang='lat' dir='ltr'>plu-</span> 
     </span>
     <span class='ocr_line' id='line_1_35' title="bbox 257 6074 1810 6168; baseline -0.006 -14"><span class='ocrx_word' id='word_1_323' title='bbox 257 6083 356 6154; x_wconf 87' lang='lat' dir='ltr'>ribus</span> <span class='ocrx_word' id='word_1_324' title='bbox 384 6080 591 6151; x_wconf 89' lang='lat' dir='ltr'>ornamentis</span> <span class='ocrx_word' id='word_1_325' title='bbox 627 6079 771 6167; x_wconf 84' lang='lat' dir='ltr'>extulit,</span> <span class='ocrx_word' id='word_1_326' title='bbox 808 6077 1006 6168; x_wconf 87' lang='lat' dir='ltr'>opulentam</span> <span class='ocrx_word' id='word_1_327' title='bbox 1041 6074 1234 6147; x_wconf 89' lang='lat' dir='ltr'>mercedem</span> <span class='ocrx_word' id='word_1_328' title='bbox 1261 6096 1282 6145; x_wconf 93' lang='lat' dir='ltr'>a</span> <span class='ocrx_word' id='word_1_329' title='bbox 1308 6074 1469 6149; x_wconf 91' lang='lat' dir='ltr'>clementi</span> <span class='ocrx_word' id='word_1_330' title='bbox 1494 6074 1568 6147; x_wconf 90' lang='lat' dir='ltr'>Deo</span> <span class='ocrx_word' id='word_1_331' title='bbox 1595 6080 1810 6166; x_wconf 87' lang='lat' dir='ltr'>recepturus.</span> 
     </span>
     <span class='ocr_line' id='line_1_36' title="bbox 257 6195 1810 6293; baseline -0.003 -19"><span class='ocrx_word' id='word_1_332' title='bbox 257 6205 323 6293; x_wconf 81' lang='lat' dir='ltr'>Qui</span> <span class='ocrx_word' id='word_1_333' title='bbox 351 6205 463 6272; x_wconf 90' lang='lat' dir='ltr'>morte</span> <span class='ocrx_word' id='word_1_334' title='bbox 489 6222 557 6272; x_wconf 90' lang='lat' dir='ltr'>non</span> <span class='ocrx_word' id='word_1_335' title='bbox 583 6199 720 6290; x_wconf 81' lang='lat' dir='ltr'>uulgari</span> <span class='ocrx_word' id='word_1_336' title='bbox 748 6198 919 6287; x_wconf 76' lang='lat' dir='ltr'>concidit3</span> <span class='ocrx_word' id='word_1_337' title='bbox 944 6197 1025 6274; x_wconf 89' lang='lat' dir='ltr'>dum</span> <span class='ocrx_word' id='word_1_338' title='bbox 1053 6197 1144 6267; x_wconf 90' lang='lat' dir='ltr'>enim</span> <span class='ocrx_word' id='word_1_339' title='bbox 1171 6196 1216 6269; x_wconf 87' lang='lat' dir='ltr'>ad</span> <span class='ocrx_word' id='word_1_340' title='bbox 1239 6197 1381 6269; x_wconf 89' lang='lat' dir='ltr'>senilem</span> <span class='ocrx_word' id='word_1_341' title='bbox 1408 6201 1557 6269; x_wconf 81' lang='lat' dir='ltr'>aetatem</span> <span class='ocrx_word' id='word_1_342' title='bbox 1582 6195 1810 6288; x_wconf 74' lang='lat' dir='ltr'>pervenisset,</span> 
     </span>
     <span class='ocr_line' id='line_1_37' title="bbox 256 6316 1809 6413; baseline -0.003 -17"><span class='ocrx_word' id='word_1_343' title='bbox 256 6331 293 6398; x_wconf 89' lang='lat' dir='ltr'>et</span> <span class='ocrx_word' id='word_1_344' title='bbox 319 6323 500 6413; x_wconf 82' lang='lat' dir='ltr'>caliginem</span> <span class='ocrx_word' id='word_1_345' title='bbox 527 6322 729 6393; x_wconf 86' lang='lat' dir='ltr'>incurrisset</span> <span class='ocrx_word' id='word_1_346' title='bbox 755 6321 941 6410; x_wconf 89' lang='lat' dir='ltr'>oculorum,</span> <span class='ocrx_word' id='word_1_347' title='bbox 969 6317 1113 6390; x_wconf 84' lang='lat' dir='ltr'>sedebat</span> <span class='ocrx_word' id='word_1_348' title='bbox 1139 6317 1175 6389; x_wconf 92' lang='lat' dir='ltr'>in</span> <span class='ocrx_word' id='word_1_349' title='bbox 1203 6316 1354 6394; x_wconf 86' lang='lat' dir='ltr'>stabella</span> <span class='ocrx_word' id='word_1_350' title='bbox 1379 6316 1538 6407; x_wconf 87' lang='lat' dir='ltr'>privata,</span> <span class='ocrx_word' id='word_1_351' title='bbox 1564 6317 1667 6406; x_wconf 80' lang='lat' dir='ltr'>solue,</span> <span class='ocrx_word' id='word_1_352' title='bbox 1694 6316 1809 6391; x_wconf 83' lang='lat' dir='ltr'>nullos</span> 
     </span>
     <span class='ocr_line' id='line_1_38' title="bbox 256 6431 1808 6533; baseline -0.006 -13"><span class='ocrx_word' id='word_1_353' title='bbox 256 6449 389 6520; x_wconf 88' lang='lat' dir='ltr'>habens</span> <span class='ocrx_word' id='word_1_354' title='bbox 416 6465 530 6516; x_wconf 90' lang='lat' dir='ltr'>secum</span> <span class='ocrx_word' id='word_1_355' title='bbox 557 6442 762 6533; x_wconf 76' lang='lat' dir='ltr'>lanriliares,</span> <span class='ocrx_word' id='word_1_356' title='bbox 799 6448 835 6513; x_wconf 92' lang='lat' dir='ltr'>et</span> <span class='ocrx_word' id='word_1_357' title='bbox 861 6441 1000 6514; x_wconf 91' lang='lat' dir='ltr'>interim</span> <span class='ocrx_word' id='word_1_358' title='bbox 1029 6439 1214 6510; x_wconf 89' lang='lat' dir='ltr'>casualiter</span> <span class='ocrx_word' id='word_1_359' title='bbox 1240 6438 1383 6530; x_wconf 82' lang='lat' dir='ltr'>accidit,</span> <span class='ocrx_word' id='word_1_360' title='bbox 1418 6439 1473 6509; x_wconf 84' lang='lat' dir='ltr'>vir</span> <span class='ocrx_word' id='word_1_361' title='bbox 1500 6431 1629 6509; x_wconf 87' lang='lat' dir='ltr'>delirus</span> <span class='ocrx_word' id='word_1_362' title='bbox 1656 6438 1808 6530; x_wconf 86' lang='lat' dir='ltr'>quidam,</span> 
     </span>
     <span class='ocr_line' id='line_1_39' title="bbox 256 6544 1844 6673; baseline -0.006 -31"><span class='ocrx_word' id='word_1_363' title='bbox 256 6569 315 6673; x_wconf 83' lang='lat' dir='ltr'>qui</span> <span class='ocrx_word' id='word_1_364' title='bbox 343 6567 550 6641; x_wconf 88' lang='lat' dir='ltr'>dementiam</span> <span class='ocrx_word' id='word_1_365' title='bbox 576 6564 782 6657; x_wconf 72' lang='lat' dir='ltr'>incurrerat</span> <span class='ocrx_word' id='word_1_366' title='bbox 811 6563 868 6655; x_wconf 90' lang='lat' dir='ltr'>qni</span> <span class='ocrx_word' id='word_1_367' title='bbox 894 6560 1012 6634; x_wconf 83' lang='lat' dir='ltr'>lurore</span> <span class='ocrx_word' id='word_1_368' title='bbox 1038 6559 1202 6652; x_wconf 86' lang='lat' dir='ltr'>repletus,</span> <span class='ocrx_word' id='word_1_369' title='bbox 1229 6564 1369 6651; x_wconf 90' lang='lat' dir='ltr'>arrepto</span> <span class='ocrx_word' id='word_1_370' title='bbox 1388 6556 1525 6649; x_wconf 86' lang='lat' dir='ltr'>viatico,</span> <span class='ocrx_word' id='word_1_371' title='bbox 1553 6557 1611 6652; x_wconf 92' lang='lat' dir='ltr'>qni</span> <span class='ocrx_word' id='word_1_372' title='bbox 1630 6560 1665 6630; x_wconf 91' lang='lat' dir='ltr'>in</span> <span class='ocrx_word' id='word_1_373' title='bbox 1685 6578 1807 6633; x_wconf 81' lang='lat' dir='ltr'>mensa</span> <span class='ocrx_word' id='word_1_374' title='bbox 1837 6544 1844 6551; x_wconf 65' lang='grc'><strong><em>’</em></strong></span> 
     </span>
    </p>
   </div>
   <div class='ocr_carea' id='block_1_5' title="bbox 0 0 2104 8342">
    <p class='ocr_par' dir='ltr' id='par_1_6' title="bbox 0 0 2104 8342">
     <span class='ocr_line' id='line_1_40' title="bbox 0 0 2104 8342; baseline 0 0"><span class='ocrx_word' id='word_1_375' title='bbox 0 0 2104 8342; x_wconf 95' lang='lat' dir='ltr'> </span> 
     </span>
    </p>
   </div>
  </div>
 </body>
</html>
