4200 8342
1740 1649 1812 1723 165

365 1855 485 1946 Knar,
511 1855 595 1928 villa
621 1854 686 1926 sub
713 1853 880 1946 parocbia
905 1853 948 1927 de
975 1853 1350 1947 Nyepolomycze
1377 1853 1465 1944 sita,
1492 1854 1589 1927 cuius
1615 1855 1811 1945 proprietas

262 1978 308 2050 ad
334 1977 591 2050 serenissimum
619 1974 784 2049 Poloniae
811 1997 930 2066 regem
965 1976 1127 2066 pertinet.
1171 1975 1211 2047 In
1239 1979 1413 2064 quaeunt
1447 1974 1537 2046 lanei
1565 1978 1812 2069 cmetbonales‚

264 2099 305 2171 de
333 2099 460 2191 quibam
486 2098 634 2171 solvitur
661 2103 697 2169 et
723 2097 927 2169 conducitur
953 2097 1086 2168 decima
1112 2095 1336 2185 manipularis
1371 2116 1435 2185 pro
1462 2098 1661 2186 praebenda
1687 2098 1811 2171 Greco-

263 2221 385 2311 uiensi,
413 2226 674 2311 quaereretur
692 2272 806 2290 .....
826 2209 1049 2292 cuius'valor
1075 2217 1280 2290 aestimatur
1306 2216 1351 2289 ad
1378 2217 1527 2291 sedecim
1553 2239 1696 2292 marcas.
1723 2221 1812 2292 Item

264 2364 330 2416 non
359 2347 415 2414 est
440 2341 491 2413 ibi
515 2340 705 2434 praedium.

365 2460 608 2551 Permanere,
643 2459 727 2532 villa
753 2459 818 2531 snb
845 2458 1010 2550 parocbia
1036 2459 1157 2531 eadem
1182 2457 1227 2530 de
1253 2457 1624 2550 Nyepolomyoze
1650 2461 1726 2532 sita.
1769 2462 1810 2533 ln

261 2604 327 2675 qna
355 2588 438 2655 sunt
462 2582 554 2663 lanei
581 2580 824 2671 cmetbonales,
852 2580 895 2653 de
922 2580 1047 2670 quibus
1076 2580 1223 2652 solvitur
1250 2584 1286 2652 at
1312 2578 1516 2652 conducitur
1543 2580 1677 2653 decima
1701 2583 1811 2655 mani-

259 2705 392 2796 pularis
419 2683 463 2775 et.
481 2702 658 2794 canendis
684 2722 749 2794 pro
768 2757 775 2772 .
794 2758 801 2772 .
821 2755 855 2773 ..
881 2701 969 2805 ltem
996 2723 1065 2774 non
1093 2707 1148 2773 est
1174 2701 1224 2773 ibi
1250 2700 1440 2791 praedium.

363 2808 536 2897 W'rnaun
561 2823 759 2914 Poeninae,
786 2822 868 2896 villa
886 2824 921 2894 in
941 2844 1009 2914 qua
1028 2829 1087 2895 ⁴est
1112 2822 1321 2913 parochialis
1347 2822 1494 2895 ecelesia
1520 2829 1666 2915 murata,
1684 2824 1810 2898 Sancto

261 2943 532 3017 Bartholomaeo
550 2943 675 3033 dicata,
703 2943 802 3014 cuius·
817 2944 940 3014 haeres
966 2942 1317 3034 Melscbtinsky
1349 2942 1391 3015 de
1419 2943 1524 3014 armis
1551 2943 1743 3034 Lelywa.
1770 2946 1810 3017 ln

259 3086 329 3158 qua
356 3071 439 3138 sunt
464 3065 558 3137 lanei
583 3064 827 3154 meibomius,
855 3064 898 3136 de
925 3065 1049 3155 quibus
1077 3065 1225 3136 solvitur
1251 3069 1288 3136 et
1315 3063 1519 3136 conducitur
1545 3064 1679 3136 decima
1700 3066 1810 3137 mani-

259 3187 391 3278 pularis
410 3192 447 3259 et
464 3186 638 3277 canapalia
659 3206 725 3277 pro
743 3186 888 3258 ecclesia
913 3186 949 3257 in
977 3185 1010 3256 N
1018 3186 1362 3277 yepolomycze,
1390 3186 1486 3259 cuius
1506 3186 1604 3259 valor
1621 3187 1665 3258 ad
1684 3187 1811 3277 viginti

258 3329 393 3382 marcas
420 3309 637 3381 aestimatur.
696 3378 702 3387 .

361 3430 561 3519 Sznnnacn
588 3429 672 3502 villa
690 3429 754 3501 sub
772 3430 939 3522 parocbia
964 3428 1008 3502 de
1035 3428 1190 3502 Chelm
1216 3428 1293 3517 sita,
1321 3428 1419 3501 cuius
1436 3431 1634 3520 proprietas
1652 3431 1698 3503 ad
1716 3452 1810 3504 sere·
1921 3446 1927 3457 ·

258 3552 440 3625 nissimum
466 3550 633 3623 Poloniae
660 3572 776 3642 regem
804 3552 966 3641 pertinet.
1006 3552 1047 3622 ln
1075 3570 1144 3642 qua
1170 3555 1252 3623 sunt
1277 3550 1369 3622 lanei
1396 3552 1638 3642 cmetbonales,
1665 3551 1708 3624 de
1735 3555 1811 3644 qui-

258 3676 324 3748 bus
351 3674 499 3747 solvitur
525 3678 562 3745 et
588 3672 790 3745 conducitur
822 3673 956 3744 decima
980 3671 1208 3763 manipudaris
1235 3677 1271 3749 et
1296 3672 1471 3762 canapalis
1498 3692 1562 3764 pro
1582 3726 1695 3744 .....
1722 3675 1809 3746 item

232 3802 315 3867 -est
342 3795 391 3867 ibi
417 3792 598 3884 praedium
624 3815 730 3867 unum
756 3793 899 3886 regium,
927 3793 970 3867 de
997 3795 1094 3867 cuius
1121 3793 1215 3885 agris
1235 3793 1426 3868 decimatur
1448 3793 1612 3868 ecclesiae
1638 3795 1674 3867 in
1702 3794 1735 3866 N
1742 3815 1809 3888 ye-

261 3917 541 4009 polomycze.

893 4036 1188 4110 Gosczuaarncz.

363 4158 459 4231 Villa
492 4159 624 4232 babens
659 4158 696 4230 in
723 4177 761 4231 se
786 4158 1021 4250 parochialem
1057 4158 1236 4231 ecclesiam
1274 4153 1377 4249 quam
1402 4158 1543 4232 Vislans
1570 4158 1811 4235 cracoviensis

259 4288 342 4353 tunc
369 4281 552 4371 episcopus
579 4280 622 4350 de
649 4281 755 4353 armis
783 4281 977 4352 Zabawa
1003 4280 1140 4370 nobilis,
1167 4278 1310 4370 pulcbro
1334 4279 1449 4371 lapide
1467 4281 1600 4372 quadro
1626 4281 1810 4358 fabricauit

259 4408 294 4476 et
319 4402 449 4474 Sancto
476 4401 651 4474 dedicavit
677 4401 832 4492 ailberto,
861 4402 958 4474 cuius
985 4402 1153 4492 plebanus
1179 4421 1271 4474 nunc
1288 4401 1481 4475 Stanislaus
1509 4403 1809 4497 Swiradzslry‚

259 4525 443 4597 canonicus
470 4528 506 4595 et
533 4521 689 4595 officialis
717 4522 957 4596 Gracovienaia
985 4523 1028 4595 de
1056 4525 1162 4595 armis
1188 4523 1393 4595 Zabawa.
1420 4523 1525 4598 Cuius
1539 4526 1675 4599 baeres
1701 4527 1810 4600 Jabu-

183 4656 187 4663 '
257 4645 317 4717 bilr
345 4643 390 4716 de
416 4643 522 4716 armis
556 4641 782 4716 Pobodze.
826 4645 867 4716 In
895 4664 963 4735 qua
988 4649 1071 4716 sunt
1106 4645 1198 4716 lanei
1233 4645 1485 4738 cmetbonales‚
1522 4648 1605 4720 item
1630 4648 1810 4738 praedium

256 4786 362 4839 unum
389 4764 560 4856 militare,
595 4765 679 4837 item
713 4766 880 4837 tabernae
915 4765 1084 4837 babentes
1112 4786 1232 4856 agros,
1268 4767 1353 4838 item
1388 4767 1606 4839 hortulaniae
1642 4768 1809 4841 babentes

257 4908 369 4978 agros,
397 4886 440 4957 de
467 4887 592 4977 quibus
617 4886 776 4957 omnibus
803 4886 950 4958 solvitur
968 4893 1003 4957 et
1021 4887 1224 4958 conducitur
1251 4887 1384 4958 decima
1409 4890 1634 4979 manipularis
1653 4896 1689 4962 et
1707 4910 1809 4962 cana·

256 5009 344 5099 palia
371 5007 537 5080 ecclesiae
564 5012 602 5080 et
626 5007 779 5098 plebano
802 5010 839 5079 in
866 5006 1221 5099 Oosczyelyecz,
1247 5013 1284 5080 et
1310 5010 1409 5082 valor
1435 5011 1509 5081 eius
1536 5011 1739 5083 aestimatur
1766 5010 1810 5083 ad

255 5129 389 5220 viginti
416 5127 602 5218 aliqnando
640 5128 683 5200 ad
710 5129 858 5221 triginta
884 5149 1027 5200 marcas.
1072 5129 1160 5200 ltem
1187 5129 1294 5202 babet
1320 5130 1489 5221 plebanus
1515 5132 1551 5203 in
1578 5132 1700 5205 eadem
1726 5133 1809 5207 villa

257 5270 318 5340 pro
347 5248 430 5320 dote
457 5269 520 5320 sua
546 5249 686 5340 curiam,
714 5251 749 5320 in
770 5271 837 5340 qua
855 5251 993 5340 residet
1022 5255 1059 5322 et
1075 5270 1192 5323 aream
1220 5252 1419 5325 cumberto
1447 5253 1539 5325 circa
1556 5257 1811 5328 coemeterium.

257 5370 345 5445 llam
370 5371 477 5442 babet
503 5391 636 5461 agrum,
663 5388 768 5443 unum
795 5373 923 5443 bonum
950 5373 1088 5445 laneum
1116 5371 1298 5464 valentem,
1325 5373 1369 5446 de
1388 5396 1455 5465 quo
1473 5381 1514 5447 ut
1531 5376 1705 5450 interdum
1723 5378 1812 5450 liunt

258 5491 425 5565 ducentae
452 5511 615 5582 capenae-
629 5493 847 5585 hyemalium.
892 5493 981 5564 Item
1007 5494 1114 5566 babet
1140 5495 1319 5584 praedicta
1354 5496 1518 5588 ecclesia,
1557 5515 1619 5570 seu
1644 5499 1811 5590 plebanus

257 5613 339 5703 eiua,
367 5612 455 5685 duas
472 5613 623 5703 piscinas
649 5616 759 5687 bonas
778 5615 814 5686 in
832 5614 1050 5688 haereditate
1070 5616 1461 5710 (loazczyelyecz‚
1489 5619 1597 5692 babet
1622 5627 1660 5693 et
1684 5643 1812 5714 gayum

257 5734 291 5805 in
331 5734 550 5806 haereditate
595 5735 698 5808 uillae
734 5735 798 5808 Su
806 5736 1054 5827 yradzicze
1090 5739 1175 5810 satia
1211 5739 1362 5830 amplum
1398 5740 1440 5813 de
1467 5741 1616 5831 rubetis,
1652 5747 1812 5816 uocatum

213 5914 218 5919 .
256 5852 547 5947 Popowyecz.

361 5975 663 6068 Szwrnanmczn,
689 5978 773 6051 villa
799 5979 864 6052 snb
881 5981 1047 6070 parocbia
1074 5981 1239 6054 ecclesiae
1267 5983 1310 6054 de
1338 5981 1708 6076 Goszazyelyecz
1735 5986 1811 6076 sita,

256 6097 354 6171 cuiue
380 6097 508 6170 baares
534 6097 563 6170 P
572 6099 701 6191 pelaz
737 6100 863 6174 nobilis
888 6100 932 6173 de
960 6101 1062 6174 domo
1097 6103 1301 6176 Zabawa
1345 6102 1386 6174 ln
1413 6124 1482 6194 qua
1519 6111 1601 6177 sunt
1627 6105 1747 6179 decem
1773 6113 1809 6179 et

255 6224 331 6291 octo
358 6218 451 6290 lanei
480 6220 726 6310 emetbonales,
754 6223 837 6292 item
865 6223 1031 6294 tabernae
1059 6225 1228 6296 babentes
1256 6245 1367 6314 agros,
1395 6225 1479 6297 item
1506 6227 1725 6300 hortulaniae
1748 6229 1811 6302 ba-

254 6338 377 6413 lentes
405 6360 519 6432 agros,
547 6342 630 6413 item
656 6341 837 6432 praedium
863 6344 1024 6434 militare,
1052 6346 1096 6418 de
1123 6347 1248 6438 quibus
1275 6346 1433 6421 omnibus
1460 6348 1608 6421 solvitur
1626 6354 1662 6421 et
1683 6350 1812 6422 condu-

255 6461 344 6535 citur
361 6461 498 6533 decima
513 6463 740 6553 manipudaris
758 6470 795 6537 et
813 6467 989 6556 canapalia
1007 6486 1072 6558 pro
1086 6468 1233 6540 ecclesia
1254 6474 1291 6540 et
1303 6469 1451 6567 plebano
1468 6469 1544 6542 eius
1561 6471 1598 6542 in
1612 6470 1810 6565 (losczye-

254 6580 403 6677 lycea,
443 6587 481 6653 et
505 6582 604 6656 valor
631 6586 705 6663 eiua
734 6583 947 6665 aestimatur
972 6587 1018 6661 ad
1044 6588 1186 6685 viginti,
1222 6588 1651 6690 manaurae-triginta
1671 6606 1816 6675 mm
