<?xml version="1.0" encoding="UTF-8"?>
<!DOCTYPE html PUBLIC "-//W3C//DTD XHTML 1.0 Transitional//EN"
    "http://www.w3.org/TR/xhtml1/DTD/xhtml1-transitional.dtd">
<html xmlns="http://www.w3.org/1999/xhtml" xml:lang="en" lang="en">
 <head>
  <title>
</title>
<meta http-equiv="Content-Type" content="text/html;charset=utf-8" />
  <meta name='ocr-system' content='tesseract 3.04.00' />
  <meta name='ocr-capabilities' content='ocr_page ocr_carea ocr_par ocr_line ocrx_word'/>
</head>
<body>
  <div class='ocr_page' id='page_1' title='image "./joannisdugoszse01dugoog_0103.png"; bbox 0 0 4200 8342; ppageno 0'>
   <div class='ocr_carea' id='block_1_1' title="bbox 1814 1660 1860 1728">
    <p class='ocr_par' dir='ltr' id='par_1_1' title="bbox 1814 1660 1860 1728">
     <span class='ocr_line' id='line_1_1' title="bbox 1814 1660 1860 1728; baseline 0 0"><span class='ocrx_word' id='word_1_1' title='bbox 1814 1660 1860 1728; x_wconf 80' lang='lat'>77</span> 
     </span>
    </p>
   </div>
   <div class='ocr_carea' id='block_1_2' title="bbox 312 1862 1869 4135">
    <p class='ocr_par' dir='ltr' id='par_1_2' title="bbox 312 1862 1868 2421">
     <span class='ocr_line' id='line_1_2' title="bbox 313 1862 1865 1956; baseline 0.001 -21"><span class='ocrx_word' id='word_1_2' title='bbox 313 1862 480 1936; x_wconf 88' lang='lat' dir='ltr'>Nicolaus</span> <span class='ocrx_word' id='word_1_3' title='bbox 515 1862 719 1955; x_wconf 86' lang='lat' dir='ltr'>Slupslry</span> <span class='ocrx_word' id='word_1_4' title='bbox 755 1862 799 1933; x_wconf 91' lang='lat' dir='ltr'>de</span> <span class='ocrx_word' id='word_1_5' title='bbox 834 1864 940 1933; x_wconf 92' lang='lat' dir='ltr'>armis</span> <span class='ocrx_word' id='word_1_6' title='bbox 976 1862 1208 1955; x_wconf 91' lang='lat' dir='ltr'>Vulpium,</span> <span class='ocrx_word' id='word_1_7' title='bbox 1235 1865 1271 1933; x_wconf 93' lang='lat' dir='ltr'>in</span> <span class='ocrx_word' id='word_1_8' title='bbox 1300 1884 1377 1954; x_wconf 81' lang='lat' dir='ltr'>‚qua</span> <span class='ocrx_word' id='word_1_9' title='bbox 1403 1884 1472 1935; x_wconf 92' lang='lat' dir='ltr'>non</span> <span class='ocrx_word' id='word_1_10' title='bbox 1499 1869 1553 1934; x_wconf 89' lang='lat' dir='ltr'>est</span> <span class='ocrx_word' id='word_1_11' title='bbox 1577 1863 1777 1956; x_wconf 74' lang='lat' dir='ltr'><strong>praedium,</strong></span> <span class='ocrx_word' id='word_1_12' title='bbox 1804 1865 1865 1936; x_wconf 89' lang='lat' dir='ltr'>sed</span> 
     </span>
     <span class='ocr_line' id='line_1_3' title="bbox 313 1983 1865 2076; baseline 0.002 -20"><span class='ocrx_word' id='word_1_13' title='bbox 313 1988 463 2076; x_wconf 90' lang='lat' dir='ltr'>quatuor</span> <span class='ocrx_word' id='word_1_14' title='bbox 498 1984 590 2055; x_wconf 90' lang='lat' dir='ltr'>lauei</span> <span class='ocrx_word' id='word_1_15' title='bbox 618 1983 869 2073; x_wconf 88' lang='lat' dir='ltr'>cmetbouales,</span> <span class='ocrx_word' id='word_1_16' title='bbox 896 1983 940 2054; x_wconf 91' lang='lat' dir='ltr'>de</span> <span class='ocrx_word' id='word_1_17' title='bbox 967 1984 1092 2074; x_wconf 90' lang='lat' dir='ltr'>quibus</span> <span class='ocrx_word' id='word_1_18' title='bbox 1118 1984 1292 2075; x_wconf 80' lang='lat' dir='ltr'><strong>aliquibus</strong></span> <span class='ocrx_word' id='word_1_19' title='bbox 1319 2004 1424 2074; x_wconf 89' lang='lat' dir='ltr'>penes</span> <span class='ocrx_word' id='word_1_20' title='bbox 1452 1984 1561 2073; x_wconf 91' lang='lat' dir='ltr'>viam,</span> <span class='ocrx_word' id='word_1_21' title='bbox 1589 2005 1657 2075; x_wconf 88' lang='lat' dir='ltr'>qua</span> <span class='ocrx_word' id='word_1_22' title='bbox 1682 1983 1728 2056; x_wconf 90' lang='lat' dir='ltr'>ad</span> <span class='ocrx_word' id='word_1_23' title='bbox 1753 1985 1865 2059; x_wconf 88' lang='lat' dir='ltr'>eccle·</span> 
     </span>
     <span class='ocr_line' id='line_1_4' title="bbox 313 2103 1868 2195; baseline 0.001 -20"><span class='ocrx_word' id='word_1_24' title='bbox 313 2104 398 2177; x_wconf 88' lang='lat' dir='ltr'>siam</span> <span class='ocrx_word' id='word_1_25' title='bbox 437 2106 527 2195; x_wconf 85' lang='lat' dir='ltr'>itur,</span> <span class='ocrx_word' id='word_1_26' title='bbox 562 2104 774 2195; x_wconf 87' lang='lat' dir='ltr'>iacentibus,</span> <span class='ocrx_word' id='word_1_27' title='bbox 801 2104 993 2177; x_wconf 75' lang='lat' dir='ltr'><strong>decimatur</strong></span> <span class='ocrx_word' id='word_1_28' title='bbox 1027 2104 1265 2195; x_wconf 80' lang='lat' dir='ltr'>praebendae,</span> <span class='ocrx_word' id='word_1_29' title='bbox 1294 2125 1382 2195; x_wconf 87' lang='lat' dir='ltr'>quae</span> <span class='ocrx_word' id='word_1_30' title='bbox 1409 2103 1625 2176; x_wconf 80' lang='lat' dir='ltr'>Naazovslca</span> <span class='ocrx_word' id='word_1_31' title='bbox 1650 2103 1796 2195; x_wconf 89' lang='lat' dir='ltr'>dicitur,</span> <span class='ocrx_word' id='word_1_32' title='bbox 1824 2104 1868 2181; x_wconf 88' lang='lat' dir='ltr'>dc</span> 
     </span>
     <span class='ocr_line' id='line_1_5' title="bbox 313 2223 1868 2319; baseline 0.003 -21"><span class='ocrx_word' id='word_1_33' title='bbox 313 2226 392 2299; x_wconf 83' lang='lat' dir='ltr'>aliis</span> <span class='ocrx_word' id='word_1_34' title='bbox 419 2247 504 2299; x_wconf 90' lang='lat' dir='ltr'>vero</span> <span class='ocrx_word' id='word_1_35' title='bbox 531 2225 751 2318; x_wconf 77' lang='lat' dir='ltr'>praebendae</span> <span class='ocrx_word' id='word_1_36' title='bbox 778 2224 1008 2317; x_wconf 84' lang='lat' dir='ltr'>Gracoviensi,</span> <span class='ocrx_word' id='word_1_37' title='bbox 1035 2246 1125 2318; x_wconf 86' lang='lat' dir='ltr'>quae</span> <span class='ocrx_word' id='word_1_38' title='bbox 1151 2232 1296 2299; x_wconf 88' lang='lat' dir='ltr'>vocatur</span> <span class='ocrx_word' id='word_1_39' title='bbox 1322 2223 1578 2319; x_wconf 81' lang='lat' dir='ltr'>cosczyczska,</span> <span class='ocrx_word' id='word_1_40' title='bbox 1605 2230 1642 2298; x_wconf 89' lang='lat' dir='ltr'>et</span> <span class='ocrx_word' id='word_1_41' title='bbox 1668 2226 1742 2298; x_wconf 90' lang='lat' dir='ltr'>eius</span> <span class='ocrx_word' id='word_1_42' title='bbox 1768 2227 1868 2301; x_wconf 90' lang='lat' dir='ltr'>valor</span> 
     </span>
     <span class='ocr_line' id='line_1_6' title="bbox 312 2345 831 2421; baseline -0.004 -1"><span class='ocrx_word' id='word_1_43' title='bbox 312 2348 358 2421; x_wconf 91' lang='lat' dir='ltr'>ad</span> <span class='ocrx_word' id='word_1_44' title='bbox 385 2345 566 2421; x_wconf 84' lang='lat' dir='ltr'>duodecim</span> <span class='ocrx_word' id='word_1_45' title='bbox 592 2368 735 2419; x_wconf 86' lang='lat' dir='ltr'>marcas.</span> <span class='ocrx_word' id='word_1_46' title='bbox 828 2372 831 2377; x_wconf 93' lang='lat'>·</span> 
     </span>
    </p>

    <p class='ocr_par' dir='ltr' id='par_1_3' title="bbox 313 2467 1869 4015">
     <span class='ocr_line' id='line_1_7' title="bbox 417 2467 1867 2563; baseline 0.002 -24"><span class='ocrx_word' id='word_1_47' title='bbox 417 2468 599 2559; x_wconf 80' lang='lat' dir='ltr'>Wrunnr,</span> <span class='ocrx_word' id='word_1_48' title='bbox 625 2469 708 2540; x_wconf 91' lang='lat' dir='ltr'>villa</span> <span class='ocrx_word' id='word_1_49' title='bbox 735 2468 800 2541; x_wconf 93' lang='lat' dir='ltr'>sub</span> <span class='ocrx_word' id='word_1_50' title='bbox 825 2468 992 2563; x_wconf 85' lang='lat' dir='ltr'>parocbia</span> <span class='ocrx_word' id='word_1_51' title='bbox 1018 2468 1062 2540; x_wconf 87' lang='lat' dir='ltr'>de</span> <span class='ocrx_word' id='word_1_52' title='bbox 1088 2468 1370 2540; x_wconf 88' lang='lat' dir='ltr'>Pelcznicza</span> <span class='ocrx_word' id='word_1_53' title='bbox 1396 2467 1473 2559; x_wconf 86' lang='lat' dir='ltr'>situ,</span> <span class='ocrx_word' id='word_1_54' title='bbox 1492 2467 1590 2540; x_wconf 90' lang='lat' dir='ltr'>cuius</span> <span class='ocrx_word' id='word_1_55' title='bbox 1608 2470 1804 2560; x_wconf 84' lang='lat' dir='ltr'>proprietas</span> <span class='ocrx_word' id='word_1_56' title='bbox 1823 2471 1867 2542; x_wconf 88' lang='lat' dir='ltr'>ad</span> 
     </span>
     <span class='ocr_line' id='line_1_8' title="bbox 313 2588 1868 2683; baseline 0 -20"><span class='ocrx_word' id='word_1_57' title='bbox 313 2590 551 2682; x_wconf 88' lang='lat' dir='ltr'>episcopatum</span> <span class='ocrx_word' id='word_1_58' title='bbox 586 2588 851 2662; x_wconf 71' lang='lat' dir='ltr'>cracoviensem</span> <span class='ocrx_word' id='word_1_59' title='bbox 885 2589 1057 2679; x_wconf 82' lang='lat' dir='ltr'>pertinet,</span> <span class='ocrx_word' id='word_1_60' title='bbox 1084 2590 1119 2660; x_wconf 96' lang='lat' dir='ltr'>in</span> <span class='ocrx_word' id='word_1_61' title='bbox 1148 2610 1217 2680; x_wconf 88' lang='lat' dir='ltr'>qua</span> <span class='ocrx_word' id='word_1_62' title='bbox 1247 2595 1329 2662; x_wconf 89' lang='lat' dir='ltr'>sunt</span> <span class='ocrx_word' id='word_1_63' title='bbox 1356 2610 1478 2662; x_wconf 91' lang='lat' dir='ltr'>novem</span> <span class='ocrx_word' id='word_1_64' title='bbox 1505 2589 1597 2661; x_wconf 91' lang='lat' dir='ltr'>lanei</span> <span class='ocrx_word' id='word_1_65' title='bbox 1623 2590 1868 2683; x_wconf 88' lang='lat' dir='ltr'>cmetbouales,</span> 
     </span>
     <span class='ocr_line' id='line_1_9' title="bbox 313 2708 1867 2800; baseline 0 -17"><span class='ocrx_word' id='word_1_66' title='bbox 313 2712 396 2784; x_wconf 89' lang='lat' dir='ltr'>item</span> <span class='ocrx_word' id='word_1_67' title='bbox 423 2708 646 2782; x_wconf 90' lang='lat' dir='ltr'>hortulaniae</span> <span class='ocrx_word' id='word_1_68' title='bbox 670 2712 753 2799; x_wconf 89' lang='lat' dir='ltr'>tres,</span> <span class='ocrx_word' id='word_1_69' title='bbox 780 2709 824 2780; x_wconf 94' lang='lat' dir='ltr'>de</span> <span class='ocrx_word' id='word_1_70' title='bbox 850 2710 976 2800; x_wconf 89' lang='lat' dir='ltr'>quibus</span> <span class='ocrx_word' id='word_1_71' title='bbox 1003 2710 1163 2781; x_wconf 89' lang='lat' dir='ltr'>omnibus</span> <span class='ocrx_word' id='word_1_72' title='bbox 1190 2710 1387 2782; x_wconf 89' lang='lat' dir='ltr'>emetbones</span> <span class='ocrx_word' id='word_1_73' title='bbox 1414 2708 1518 2781; x_wconf 92' lang='lat' dir='ltr'>villae</span> <span class='ocrx_word' id='word_1_74' title='bbox 1536 2708 1712 2800; x_wconf 82' lang='lat' dir='ltr'>praelatae</span> <span class='ocrx_word' id='word_1_75' title='bbox 1730 2711 1867 2783; x_wconf 90' lang='lat' dir='ltr'>ratione</span> 
     </span>
     <span class='ocr_line' id='line_1_10' title="bbox 313 2830 1868 2922; baseline 0 -18"><span class='ocrx_word' id='word_1_76' title='bbox 313 2831 468 2904; x_wconf 80' lang='lat' dir='ltr'>decimae</span> <span class='ocrx_word' id='word_1_77' title='bbox 502 2830 746 2922; x_wconf 89' lang='lat' dir='ltr'>manipularis,</span> <span class='ocrx_word' id='word_1_78' title='bbox 774 2850 877 2922; x_wconf 87' lang='lat' dir='ltr'>quam</span> <span class='ocrx_word' id='word_1_79' title='bbox 913 2850 1052 2902; x_wconf 88' lang='lat' dir='ltr'>mensae</span> <span class='ocrx_word' id='word_1_80' title='bbox 1088 2830 1275 2922; x_wconf 88' lang='lat' dir='ltr'>episcopali</span> <span class='ocrx_word' id='word_1_81' title='bbox 1311 2830 1448 2903; x_wconf 86' lang='lat' dir='ltr'>solvere</span> <span class='ocrx_word' id='word_1_82' title='bbox 1473 2830 1701 2922; x_wconf 88' lang='lat' dir='ltr'>tenebantur,</span> <span class='ocrx_word' id='word_1_83' title='bbox 1728 2832 1868 2905; x_wconf 88' lang='lat' dir='ltr'>solvunt</span> 
     </span>
     <span class='ocr_line' id='line_1_11' title="bbox 314 2950 1869 3045; baseline -0.001 -19"><span class='ocrx_word' id='word_1_84' title='bbox 314 2954 478 3045; x_wconf 89' lang='lat' dir='ltr'>episcopo</span> <span class='ocrx_word' id='word_1_85' title='bbox 506 2950 729 3024; x_wconf 73' lang='lat' dir='ltr'>cracoviensi</span> <span class='ocrx_word' id='word_1_86' title='bbox 755 2972 819 3042; x_wconf 92' lang='lat' dir='ltr'>pro</span> <span class='ocrx_word' id='word_1_87' title='bbox 845 2955 1002 3042; x_wconf 88' lang='lat' dir='ltr'>ternpore</span> <span class='ocrx_word' id='word_1_88' title='bbox 1028 2952 1175 3043; x_wconf 86' lang='lat' dir='ltr'>triginta</span> <span class='ocrx_word' id='word_1_89' title='bbox 1200 2972 1382 3025; x_wconf 90' lang='lat' dir='ltr'>mensuras</span> <span class='ocrx_word' id='word_1_90' title='bbox 1406 2950 1526 3042; x_wconf 88' lang='lat' dir='ltr'>tritici,</span> <span class='ocrx_word' id='word_1_91' title='bbox 1548 2951 1695 3043; x_wconf 81' lang='lat' dir='ltr'>triginta</span> <span class='ocrx_word' id='word_1_92' title='bbox 1712 2952 1869 3044; x_wconf 80' lang='lat' dir='ltr'>siliginis,</span> 
     </span>
     <span class='ocr_line' id='line_1_12' title="bbox 313 3070 1868 3168; baseline 0 -23"><span class='ocrx_word' id='word_1_93' title='bbox 313 3074 462 3165; x_wconf 82' lang='lat' dir='ltr'>triginta</span> <span class='ocrx_word' id='word_1_94' title='bbox 496 3092 645 3168; x_wconf 88' lang='lat' dir='ltr'>avenae,</span> <span class='ocrx_word' id='word_1_95' title='bbox 671 3093 853 3145; x_wconf 87' lang='lat' dir='ltr'>mensurae</span> <span class='ocrx_word' id='word_1_96' title='bbox 887 3072 1184 3144; x_wconf 86' lang='lat' dir='ltr'>Scarbimiriensis</span> <span class='ocrx_word' id='word_1_97' title='bbox 1216 3071 1410 3163; x_wconf 75' lang='lat' dir='ltr'>materiae,</span> <span class='ocrx_word' id='word_1_98' title='bbox 1435 3070 1504 3167; x_wconf 74' lang='lat' dir='ltr'>iu,</span> <span class='ocrx_word' id='word_1_99' title='bbox 1532 3072 1623 3162; x_wconf 92' lang='lat' dir='ltr'>quod</span> <span class='ocrx_word' id='word_1_100' title='bbox 1651 3072 1799 3164; x_wconf 88' lang='lat' dir='ltr'>quilibet</span> <span class='ocrx_word' id='word_1_101' title='bbox 1825 3074 1868 3145; x_wconf 94' lang='lat' dir='ltr'>de</span> 
     </span>
     <span class='ocr_line' id='line_1_13' title="bbox 313 3190 1868 3286; baseline 0 -19"><span class='ocrx_word' id='word_1_102' title='bbox 313 3196 413 3267; x_wconf 87' lang='lat' dir='ltr'>laneo</span> <span class='ocrx_word' id='word_1_103' title='bbox 440 3198 581 3266; x_wconf 89' lang='lat' dir='ltr'>tenetur</span> <span class='ocrx_word' id='word_1_104' title='bbox 607 3194 692 3265; x_wconf 88' lang='lat' dir='ltr'>dare</span> <span class='ocrx_word' id='word_1_105' title='bbox 718 3199 867 3285; x_wconf 88' lang='lat' dir='ltr'>quatuor</span> <span class='ocrx_word' id='word_1_106' title='bbox 893 3193 1013 3283; x_wconf 87' lang='lat' dir='ltr'>tritici,</span> <span class='ocrx_word' id='word_1_107' title='bbox 1040 3199 1188 3285; x_wconf 89' lang='lat' dir='ltr'>quatuor</span> <span class='ocrx_word' id='word_1_108' title='bbox 1214 3190 1425 3285; x_wconf 78' lang='lat' dir='ltr'>siliginis&#39;et</span> <span class='ocrx_word' id='word_1_109' title='bbox 1451 3197 1601 3286; x_wconf 90' lang='lat' dir='ltr'>quatuor</span> <span class='ocrx_word' id='word_1_110' title='bbox 1625 3212 1755 3267; x_wconf 86' lang='lat' dir='ltr'>avenae</span> <span class='ocrx_word' id='word_1_111' title='bbox 1773 3215 1868 3267; x_wconf 90' lang='lat' dir='ltr'>men-</span> 
     </span>
     <span class='ocr_line' id='line_1_14' title="bbox 315 3313 1868 3407; baseline -0.001 -19"><span class='ocrx_word' id='word_1_112' title='bbox 315 3336 415 3389; x_wconf 89' lang='lat' dir='ltr'>suras</span> <span class='ocrx_word' id='word_1_113' title='bbox 443 3314 625 3388; x_wconf 85' lang='lat' dir='ltr'>confertas.</span> <span class='ocrx_word' id='word_1_114' title='bbox 651 3316 741 3388; x_wconf 88' lang='lat' dir='ltr'>Item</span> <span class='ocrx_word' id='word_1_115' title='bbox 766 3316 803 3387; x_wconf 93' lang='lat' dir='ltr'>in</span> <span class='ocrx_word' id='word_1_116' title='bbox 830 3314 950 3388; x_wconf 89' lang='lat' dir='ltr'>eadem</span> <span class='ocrx_word' id='word_1_117' title='bbox 977 3315 1061 3387; x_wconf 90' lang='lat' dir='ltr'>villa</span> <span class='ocrx_word' id='word_1_118' title='bbox 1087 3321 1141 3388; x_wconf 88' lang='lat' dir='ltr'>est</span> <span class='ocrx_word' id='word_1_119' title='bbox 1167 3331 1256 3387; x_wconf 88' lang='lat' dir='ltr'>unus</span> <span class='ocrx_word' id='word_1_120' title='bbox 1283 3315 1405 3387; x_wconf 89' lang='lat' dir='ltr'>laneus</span> <span class='ocrx_word' id='word_1_121' title='bbox 1430 3314 1525 3387; x_wconf 82' lang='lat' dir='ltr'>ultra</span> <span class='ocrx_word' id='word_1_122' title='bbox 1551 3313 1630 3387; x_wconf 88' lang='lat' dir='ltr'>illos</span> <span class='ocrx_word' id='word_1_123' title='bbox 1656 3335 1790 3406; x_wconf 89' lang='lat' dir='ltr'>novem,</span> <span class='ocrx_word' id='word_1_124' title='bbox 1809 3317 1868 3407; x_wconf 91' lang='lat' dir='ltr'>qui</span> 
     </span>
     <span class='ocr_line' id='line_1_15' title="bbox 314 3436 1867 3530; baseline -0.001 -20"><span class='ocrx_word' id='word_1_125' title='bbox 314 3438 442 3510; x_wconf 88' lang='lat' dir='ltr'>colitur</span> <span class='ocrx_word' id='word_1_126' title='bbox 468 3458 531 3528; x_wconf 91' lang='lat' dir='ltr'>pro</span> <span class='ocrx_word' id='word_1_127' title='bbox 558 3438 702 3528; x_wconf 88' lang='lat' dir='ltr'>praedio</span> <span class='ocrx_word' id='word_1_128' title='bbox 729 3437 917 3530; x_wconf 87' lang='lat' dir='ltr'>episcopali</span> <span class='ocrx_word' id='word_1_129' title='bbox 944 3443 981 3508; x_wconf 89' lang='lat' dir='ltr'>et</span> <span class='ocrx_word' id='word_1_130' title='bbox 1007 3436 1134 3509; x_wconf 87' lang='lat' dir='ltr'>colitur</span> <span class='ocrx_word' id='word_1_131' title='bbox 1160 3456 1224 3528; x_wconf 90' lang='lat' dir='ltr'>per</span> <span class='ocrx_word' id='word_1_132' title='bbox 1242 3437 1450 3527; x_wconf 90' lang='lat' dir='ltr'>emetbones,</span> <span class='ocrx_word' id='word_1_133' title='bbox 1468 3436 1659 3509; x_wconf 89' lang='lat' dir='ltr'>seminatur</span> <span class='ocrx_word' id='word_1_134' title='bbox 1677 3441 1713 3509; x_wconf 88' lang='lat' dir='ltr'>et</span> <span class='ocrx_word' id='word_1_135' title='bbox 1730 3436 1766 3508; x_wconf 91' lang='lat' dir='ltr'>in</span> <span class='ocrx_word' id='word_1_136' title='bbox 1784 3437 1867 3509; x_wconf 92' lang='lat' dir='ltr'>bor-</span> 
     </span>
     <span class='ocr_line' id='line_1_16' title="bbox 313 3555 1868 3653; baseline -0.001 -20"><span class='ocrx_word' id='word_1_137' title='bbox 313 3580 411 3633; x_wconf 89' lang='lat' dir='ltr'>reum</span> <span class='ocrx_word' id='word_1_138' title='bbox 437 3557 622 3650; x_wconf 88' lang='lat' dir='ltr'>inducitur,</span> <span class='ocrx_word' id='word_1_139' title='bbox 648 3557 693 3631; x_wconf 94' lang='lat' dir='ltr'>de</span> <span class='ocrx_word' id='word_1_140' title='bbox 720 3579 788 3649; x_wconf 90' lang='lat' dir='ltr'>quo</span> <span class='ocrx_word' id='word_1_141' title='bbox 814 3558 901 3630; x_wconf 90' lang='lat' dir='ltr'>nulli</span> <span class='ocrx_word' id='word_1_142' title='bbox 928 3556 1063 3653; x_wconf 73' lang='lat' dir='ltr'>decima</span> <span class='ocrx_word' id='word_1_143' title='bbox 1088 3557 1199 3648; x_wconf 89' lang='lat' dir='ltr'>datur,</span> <span class='ocrx_word' id='word_1_144' title='bbox 1226 3557 1288 3629; x_wconf 87' lang='lat' dir='ltr'>scd</span> <span class='ocrx_word' id='word_1_145' title='bbox 1315 3558 1496 3650; x_wconf 87' lang='lat' dir='ltr'>episcopus</span> <span class='ocrx_word' id='word_1_146' title='bbox 1515 3555 1754 3631; x_wconf 80' lang='lat' dir='ltr'>Gracoriensis</span> <span class='ocrx_word' id='word_1_147' title='bbox 1773 3558 1868 3631; x_wconf 90' lang='lat' dir='ltr'>solus</span> 
     </span>
     <span class='ocr_line' id='line_1_17' title="bbox 313 3678 1866 3773; baseline -0.001 -20"><span class='ocrx_word' id='word_1_148' title='bbox 313 3700 389 3753; x_wconf 90' lang='lat' dir='ltr'>eam</span> <span class='ocrx_word' id='word_1_149' title='bbox 424 3681 584 3773; x_wconf 87' lang='lat' dir='ltr'>percipit.</span> <span class='ocrx_word' id='word_1_150' title='bbox 623 3680 712 3752; x_wconf 88' lang='lat' dir='ltr'>Item</span> <span class='ocrx_word' id='word_1_151' title='bbox 747 3681 783 3751; x_wconf 93' lang='lat' dir='ltr'>in</span> <span class='ocrx_word' id='word_1_152' title='bbox 820 3678 941 3752; x_wconf 90' lang='lat' dir='ltr'>eadem</span> <span class='ocrx_word' id='word_1_153' title='bbox 975 3679 1061 3751; x_wconf 89' lang='lat' dir='ltr'>villa</span> <span class='ocrx_word' id='word_1_154' title='bbox 1086 3683 1140 3751; x_wconf 88' lang='lat' dir='ltr'>est</span> <span class='ocrx_word' id='word_1_155' title='bbox 1165 3679 1350 3771; x_wconf 78' lang='lat' dir='ltr'>scultetus,</span> <span class='ocrx_word' id='word_1_156' title='bbox 1377 3680 1437 3771; x_wconf 88' lang='lat' dir='ltr'>qui</span> <span class='ocrx_word' id='word_1_157' title='bbox 1462 3679 1571 3751; x_wconf 86' lang='lat' dir='ltr'>babet</span> <span class='ocrx_word' id='word_1_158' title='bbox 1595 3700 1702 3751; x_wconf 89' lang='lat' dir='ltr'>uuum</span> <span class='ocrx_word' id='word_1_159' title='bbox 1728 3679 1866 3751; x_wconf 87' lang='lat' dir='ltr'>laneum</span> 
     </span>
     <span class='ocr_line' id='line_1_18' title="bbox 315 3792 1869 3893; baseline -0.001 -18"><span class='ocrx_word' id='word_1_160' title='bbox 315 3824 391 3875; x_wconf 92' lang='lat' dir='ltr'>cum</span> <span class='ocrx_word' id='word_1_161' title='bbox 427 3802 541 3875; x_wconf 88' lang='lat' dir='ltr'>medio</span> <span class='ocrx_word' id='word_1_162' title='bbox 575 3802 619 3873; x_wconf 90' lang='lat' dir='ltr'>de</span> <span class='ocrx_word' id='word_1_163' title='bbox 654 3801 769 3893; x_wconf 74' lang='lat' dir='ltr'>agris,</span> <span class='ocrx_word' id='word_1_164' title='bbox 795 3802 879 3873; x_wconf 92' lang='lat' dir='ltr'>item</span> <span class='ocrx_word' id='word_1_165' title='bbox 905 3821 1010 3872; x_wconf 89' lang='lat' dir='ltr'>unam</span> <span class='ocrx_word' id='word_1_166' title='bbox 1036 3792 1236 3893; x_wconf 60' lang='lat' dir='ltr'>tabernam,</span> <span class='ocrx_word' id='word_1_167' title='bbox 1262 3798 1346 3873; x_wconf 88' lang='lat' dir='ltr'>item</span> <span class='ocrx_word' id='word_1_168' title='bbox 1372 3820 1483 3873; x_wconf 88' lang='lat' dir='ltr'>unum·</span> <span class='ocrx_word' id='word_1_169' title='bbox 1505 3800 1757 3893; x_wconf 90' lang='lat' dir='ltr'>molendinum,</span> <span class='ocrx_word' id='word_1_170' title='bbox 1785 3801 1869 3875; x_wconf 88' lang='lat' dir='ltr'>item</span> 
     </span>
     <span class='ocr_line' id='line_1_19' title="bbox 315 3921 1049 4015; baseline -0.001 -21"><span class='ocrx_word' id='word_1_171' title='bbox 315 3924 501 4015; x_wconf 90' lang='lat' dir='ltr'>piscinam,</span> <span class='ocrx_word' id='word_1_172' title='bbox 529 3922 724 4014; x_wconf 88' lang='lat' dir='ltr'>dequibus</span> <span class='ocrx_word' id='word_1_173' title='bbox 750 3921 945 3995; x_wconf 91' lang='lat' dir='ltr'>decimatur</span> <span class='ocrx_word' id='word_1_174' title='bbox 971 3977 979 3992; x_wconf 94' lang='lat'>.</span> <span class='ocrx_word' id='word_1_175' title='bbox 1006 3975 1014 3992; x_wconf 92' lang='lat'><strong>.</strong></span> <span class='ocrx_word' id='word_1_176' title='bbox 1040 3968 1049 3993; x_wconf 79' lang='grc'><strong>.</strong></span> 
     </span>
    </p>

    <p class='ocr_par' dir='ltr' id='par_1_4' title="bbox 418 4041 1869 4135">
     <span class='ocr_line' id='line_1_20' title="bbox 418 4041 1869 4135; baseline 0.003 -21"><span class='ocrx_word' id='word_1_177' title='bbox 418 4043 742 4133; x_wconf 80' lang='lat' dir='ltr'>Pnarrnuczrczs3</span> <span class='ocrx_word' id='word_1_178' title='bbox 768 4044 853 4115; x_wconf 87' lang='lat' dir='ltr'>villa</span> <span class='ocrx_word' id='word_1_179' title='bbox 888 4043 953 4116; x_wconf 87' lang='lat' dir='ltr'>sub</span> <span class='ocrx_word' id='word_1_180' title='bbox 981 4043 1147 4135; x_wconf 88' lang='lat' dir='ltr'>parocbia</span> <span class='ocrx_word' id='word_1_181' title='bbox 1169 4041 1216 4115; x_wconf 90' lang='lat' dir='ltr'>de</span> <span class='ocrx_word' id='word_1_182' title='bbox 1242 4042 1522 4114; x_wconf 87' lang='lat' dir='ltr'>Peloznioza</span> <span class='ocrx_word' id='word_1_183' title='bbox 1548 4043 1636 4134; x_wconf 86' lang='lat' dir='ltr'>sita,</span> <span class='ocrx_word' id='word_1_184' title='bbox 1663 4043 1761 4115; x_wconf 91' lang='lat' dir='ltr'>cuius</span> <span class='ocrx_word' id='word_1_185' title='bbox 1776 4062 1869 4135; x_wconf 85' lang='lat' dir='ltr'>pro·</span> 
     </span>
    </p>
   </div>
   <div class='ocr_carea' id='block_1_3' title="bbox 315 4162 1971 4258">
    <p class='ocr_par' dir='ltr' id='par_1_5' title="bbox 315 4162 1971 4258">
     <span class='ocr_line' id='line_1_21' title="bbox 315 4162 1971 4258; baseline 0.001 -20"><span class='ocrx_word' id='word_1_186' title='bbox 315 4166 448 4258; x_wconf 89' lang='lat' dir='ltr'>prietas</span> <span class='ocrx_word' id='word_1_187' title='bbox 483 4187 547 4256; x_wconf 91' lang='lat' dir='ltr'>pro</span> <span class='ocrx_word' id='word_1_188' title='bbox 582 4187 653 4237; x_wconf 90' lang='lat' dir='ltr'>una</span> <span class='ocrx_word' id='word_1_189' title='bbox 678 4171 790 4256; x_wconf 81' lang='lat' dir='ltr'>parte·</span> <span class='ocrx_word' id='word_1_190' title='bbox 806 4166 960 4256; x_wconf 85' lang='lat' dir='ltr'>pertinet</span> <span class='ocrx_word' id='word_1_191' title='bbox 987 4164 1032 4237; x_wconf 92' lang='lat' dir='ltr'>ad</span> <span class='ocrx_word' id='word_1_192' title='bbox 1059 4164 1295 4256; x_wconf 87' lang='lat' dir='ltr'>episcopatum</span> <span class='ocrx_word' id='word_1_193' title='bbox 1322 4162 1603 4255; x_wconf 81' lang='lat' dir='ltr'>cracoviensem,</span> <span class='ocrx_word' id='word_1_194' title='bbox 1630 4164 1666 4236; x_wconf 90' lang='lat' dir='ltr'>iu</span> <span class='ocrx_word' id='word_1_195' title='bbox 1693 4184 1761 4256; x_wconf 88' lang='lat' dir='ltr'>qua</span> <span class='ocrx_word' id='word_1_196' title='bbox 1789 4170 1870 4239; x_wconf 83' lang='lat' dir='ltr'>sunt</span> <span class='ocrx_word' id='word_1_197' title='bbox 1969 4162 1971 4167; x_wconf 77' lang='grc'><strong>’</strong></span> 
     </span>
    </p>
   </div>
   <div class='ocr_carea' id='block_1_4' title="bbox 256 4284 1872 5226">
    <p class='ocr_par' dir='ltr' id='par_1_6' title="bbox 256 4284 1872 5226">
     <span class='ocr_line' id='line_1_22' title="bbox 315 4284 1799 4379; baseline -0.003 -19"><span class='ocrx_word' id='word_1_198' title='bbox 315 4308 378 4360; x_wconf 85' lang='lat' dir='ltr'>sex</span> <span class='ocrx_word' id='word_1_199' title='bbox 403 4287 496 4360; x_wconf 88' lang='lat' dir='ltr'>lanei</span> <span class='ocrx_word' id='word_1_200' title='bbox 523 4286 768 4379; x_wconf 88' lang='lat' dir='ltr'>cmetbouales,</span> <span class='ocrx_word' id='word_1_201' title='bbox 794 4287 891 4359; x_wconf 79' lang='lat' dir='ltr'>item.</span> <span class='ocrx_word' id='word_1_202' title='bbox 906 4287 942 4357; x_wconf 93' lang='lat' dir='ltr'>in</span> <span class='ocrx_word' id='word_1_203' title='bbox 969 4286 1082 4358; x_wconf 89' lang='lat' dir='ltr'>altera</span> <span class='ocrx_word' id='word_1_204' title='bbox 1107 4290 1209 4377; x_wconf 88' lang='lat' dir='ltr'>parte</span> <span class='ocrx_word' id='word_1_205' title='bbox 1236 4285 1339 4358; x_wconf 89' lang='lat' dir='ltr'>villae</span> <span class='ocrx_word' id='word_1_206' title='bbox 1365 4284 1541 4377; x_wconf 82' lang='lat' dir='ltr'>praelatae</span> <span class='ocrx_word' id='word_1_207' title='bbox 1567 4286 1692 4357; x_wconf 88' lang='lat' dir='ltr'>haeres</span> <span class='ocrx_word' id='word_1_208' title='bbox 1719 4292 1799 4358; x_wconf 86' lang='lat' dir='ltr'>cst.</span> 
     </span>
     <span class='ocr_line' id='line_1_23' title="bbox 312 4406 1868 4501; baseline -0.004 -18"><span class='ocrx_word' id='word_1_209' title='bbox 312 4408 507 4495; x_wconf 72' lang='lat' dir='ltr'>Mokrslr</span> <span class='ocrx_word' id='word_1_210' title='bbox 515 4430 540 4501; x_wconf 87' lang='lat' dir='ltr'>y</span> <span class='ocrx_word' id='word_1_211' title='bbox 564 4408 609 4480; x_wconf 90' lang='lat' dir='ltr'>de</span> <span class='ocrx_word' id='word_1_212' title='bbox 635 4407 739 4481; x_wconf 90' lang='lat' dir='ltr'>domo</span> <span class='ocrx_word' id='word_1_213' title='bbox 765 4407 968 4480; x_wconf 87' lang='lat' dir='ltr'>Kozlaro</span> <span class='ocrx_word' id='word_1_214' title='bbox 977 4429 1041 4499; x_wconf 83' lang='lat' dir='ltr'>gy,</span> <span class='ocrx_word' id='word_1_215' title='bbox 1068 4408 1104 4479; x_wconf 91' lang='lat' dir='ltr'>in</span> <span class='ocrx_word' id='word_1_216' title='bbox 1132 4428 1201 4498; x_wconf 88' lang='lat' dir='ltr'>qua</span> <span class='ocrx_word' id='word_1_217' title='bbox 1226 4413 1309 4479; x_wconf 88' lang='lat' dir='ltr'>sunt</span> <span class='ocrx_word' id='word_1_218' title='bbox 1334 4406 1428 4478; x_wconf 88' lang='lat' dir='ltr'>lanei</span> <span class='ocrx_word' id='word_1_219' title='bbox 1454 4406 1699 4497; x_wconf 88' lang='lat' dir='ltr'>cmetbouales,</span> <span class='ocrx_word' id='word_1_220' title='bbox 1726 4406 1769 4478; x_wconf 90' lang='lat' dir='ltr'>de</span> <span class='ocrx_word' id='word_1_221' title='bbox 1794 4407 1868 4498; x_wconf 88' lang='lat' dir='ltr'>qui-</span> 
     </span>
     <span class='ocr_line' id='line_1_24' title="bbox 256 4510 1871 4627; baseline 0.002 -30"><span class='ocrx_word' id='word_1_222' title='bbox 256 4592 276 4627; x_wconf 29' lang='grc' dir='ltr'>Ζ.</span> <span class='ocrx_word' id='word_1_223' title='bbox 307 4512 382 4603; x_wconf 86' lang='lat' dir='ltr'>bus</span> <span class='ocrx_word' id='word_1_224' title='bbox 407 4524 665 4603; x_wconf 78' lang='lat' dir='ltr'>omnibus&#39;tam</span> <span class='ocrx_word' id='word_1_225' title='bbox 692 4510 954 4625; x_wconf 84' lang='lat' dir='ltr'>episcopalibus,</span> <span class='ocrx_word' id='word_1_226' title='bbox 982 4549 1085 4619; x_wconf 88' lang='lat' dir='ltr'>quam</span> <span class='ocrx_word' id='word_1_227' title='bbox 1111 4527 1332 4619; x_wconf 85' lang='lat' dir='ltr'>militaribus,</span> <span class='ocrx_word' id='word_1_228' title='bbox 1359 4528 1641 4620; x_wconf 86' lang='lat' dir='ltr'>cmetboualibus,</span> <span class='ocrx_word' id='word_1_229' title='bbox 1668 4528 1817 4601; x_wconf 91' lang='lat' dir='ltr'>solvitur</span> <span class='ocrx_word' id='word_1_230' title='bbox 1834 4535 1871 4601; x_wconf 89' lang='lat' dir='ltr'>et</span> 
     </span>
     <span class='ocr_line' id='line_1_25' title="bbox 293 4636 1870 4742; baseline -0.004 -13"><span class='ocrx_word' id='word_1_231' title='bbox 293 4636 523 4735; x_wconf 49' lang='lat' dir='ltr'>&amp;occuratur</span> <span class='ocrx_word' id='word_1_232' title='bbox 558 4650 692 4724; x_wconf 90' lang='lat' dir='ltr'>decima</span> <span class='ocrx_word' id='word_1_233' title='bbox 717 4649 944 4742; x_wconf 86' lang='lat' dir='ltr'>manipularis</span> <span class='ocrx_word' id='word_1_234' title='bbox 971 4654 1007 4721; x_wconf 88' lang='lat' dir='ltr'>et</span> <span class='ocrx_word' id='word_1_235' title='bbox 1033 4650 1208 4741; x_wconf 86' lang='lat' dir='ltr'>canapalis</span> <span class='ocrx_word' id='word_1_236' title='bbox 1234 4670 1298 4740; x_wconf 90' lang='lat' dir='ltr'>pro</span> <span class='ocrx_word' id='word_1_237' title='bbox 1325 4650 1472 4721; x_wconf 89' lang='lat' dir='ltr'>ecclesia</span> <span class='ocrx_word' id='word_1_238' title='bbox 1495 4651 1685 4742; x_wconf 84' lang='lat' dir='ltr'>parochiali</span> <span class='ocrx_word' id='word_1_239' title='bbox 1711 4650 1748 4723; x_wconf 90' lang='lat' dir='ltr'>in</span> <span class='ocrx_word' id='word_1_240' title='bbox 1761 4646 1870 4723; x_wconf 82' lang='lat' dir='ltr'>-Pel-</span> 
     </span>
     <span class='ocr_line' id='line_1_26' title="bbox 313 4750 1720 4873; baseline -0.001 -28"><span class='ocrx_word' id='word_1_241' title='bbox 313 4750 526 4865; x_wconf 81' lang='lat' dir='ltr'>cznycza,</span> <span class='ocrx_word' id='word_1_242' title='bbox 554 4778 590 4844; x_wconf 90' lang='lat' dir='ltr'>et</span> <span class='ocrx_word' id='word_1_243' title='bbox 616 4764 714 4844; x_wconf 88' lang='lat' dir='ltr'>valor</span> <span class='ocrx_word' id='word_1_244' title='bbox 740 4768 944 4873; x_wconf 70' lang='lat' dir='ltr'>aestlmciur</span> <span class='ocrx_word' id='word_1_245' title='bbox 969 4771 1044 4843; x_wconf 90' lang='lat' dir='ltr'>eius</span> <span class='ocrx_word' id='word_1_246' title='bbox 1072 4771 1116 4842; x_wconf 89' lang='lat' dir='ltr'>ad</span> <span class='ocrx_word' id='word_1_247' title='bbox 1143 4770 1323 4843; x_wconf 92' lang='lat' dir='ltr'>duodecim</span> <span class='ocrx_word' id='word_1_248' title='bbox 1348 4790 1493 4844; x_wconf 86' lang='lat' dir='ltr'>marcas.</span> <span class='ocrx_word' id='word_1_249' title='bbox 1622 4806 1636 4813; x_wconf 95' lang='lat'>··</span> <span class='ocrx_word' id='word_1_250' title='bbox 1718 4806 1720 4811; x_wconf 96' lang='lat'>·</span> 
     </span>
     <span class='ocr_line' id='line_1_27' title="bbox 421 4878 1870 4985; baseline -0.001 -20"><span class='ocrx_word' id='word_1_251' title='bbox 421 4892 606 4985; x_wconf 89' lang='lat' dir='ltr'>czussow,</span> <span class='ocrx_word' id='word_1_252' title='bbox 632 4893 716 4964; x_wconf 90' lang='lat' dir='ltr'>villa</span> <span class='ocrx_word' id='word_1_253' title='bbox 741 4894 812 4966; x_wconf 87' lang='lat' dir='ltr'>sub</span> <span class='ocrx_word' id='word_1_254' title='bbox 833 4878 998 4982; x_wconf 86' lang='lat' dir='ltr'>parocbia</span> <span class='ocrx_word' id='word_1_255' title='bbox 1021 4888 1368 4984; x_wconf 68' lang='lat' dir='ltr'>ddPelcznycza</span> <span class='ocrx_word' id='word_1_256' title='bbox 1395 4892 1481 4983; x_wconf 81' lang='lat' dir='ltr'>sita,</span> <span class='ocrx_word' id='word_1_257' title='bbox 1516 4890 1614 4963; x_wconf 85' lang='lat' dir='ltr'>cuius</span> <span class='ocrx_word' id='word_1_258' title='bbox 1639 4910 1729 4963; x_wconf 89' lang='lat' dir='ltr'>unus</span> <span class='ocrx_word' id='word_1_259' title='bbox 1746 4891 1870 4964; x_wconf 88' lang='lat' dir='ltr'>haeres</span> 
     </span>
     <span class='ocr_line' id='line_1_28' title="bbox 317 5006 1869 5106; baseline 0 -21"><span class='ocrx_word' id='word_1_260' title='bbox 317 5012 477 5087; x_wconf 84' lang='lat' dir='ltr'>Andreas</span> <span class='ocrx_word' id='word_1_261' title='bbox 511 5013 837 5106; x_wconf 77' lang='lat' dir='ltr'>Nycmstbcde</span> <span class='ocrx_word' id='word_1_262' title='bbox 863 5011 969 5085; x_wconf 90' lang='lat' dir='ltr'>domo</span> <span class='ocrx_word' id='word_1_263' title='bbox 991 5006 1303 5104; x_wconf 84' lang='lat' dir='ltr'>Accipitrum,</span> <span class='ocrx_word' id='word_1_264' title='bbox 1336 5013 1373 5083; x_wconf 93' lang='lat' dir='ltr'>in</span> <span class='ocrx_word' id='word_1_265' title='bbox 1400 5014 1576 5103; x_wconf 68' lang='lat' dir='ltr'>qua-*sunt</span> <span class='ocrx_word' id='word_1_266' title='bbox 1602 5015 1751 5105; x_wconf 87' lang='lat' dir='ltr'>quatuor</span> <span class='ocrx_word' id='word_1_267' title='bbox 1776 5012 1869 5087; x_wconf 86' lang='lat' dir='ltr'>lanei</span> 
     </span>
     <span class='ocr_line' id='line_1_29' title="bbox 317 5128 1872 5226; baseline -0.001 -17"><span class='ocrx_word' id='word_1_268' title='bbox 317 5135 571 5226; x_wconf 82' lang='lat' dir='ltr'>cmetbouales,</span> <span class='ocrx_word' id='word_1_269' title='bbox 597 5135 681 5207; x_wconf 88' lang='lat' dir='ltr'>item</span> <span class='ocrx_word' id='word_1_270' title='bbox 698 5135 943 5225; x_wconf 79' lang='lat' dir='ltr'>tabenna-uua,</span> <span class='ocrx_word' id='word_1_271' title='bbox 969 5134 1054 5206; x_wconf 90' lang='lat' dir='ltr'>item</span> <span class='ocrx_word' id='word_1_272' title='bbox 1071 5134 1290 5207; x_wconf 87' lang='lat' dir='ltr'>hortulaniae</span> <span class='ocrx_word' id='word_1_273' title='bbox 1309 5134 1408 5224; x_wconf 89' lang='lat' dir='ltr'>duae,</span> <span class='ocrx_word' id='word_1_274' title='bbox 1425 5132 1595 5205; x_wconf 87' lang='lat' dir='ltr'>babentes</span> <span class='ocrx_word' id='word_1_275' title='bbox 1620 5153 1735 5225; x_wconf 78' lang='lat' dir='ltr'>agros</span> <span class='ocrx_word' id='word_1_276' title='bbox 1771 5128 1872 5207; x_wconf 82' lang='lat' dir='ltr'>Alter</span> 
     </span>
    </p>
   </div>
   <div class='ocr_carea' id='block_1_5' title="bbox 317 5254 1978 5349">
    <p class='ocr_par' dir='ltr' id='par_1_7' title="bbox 317 5254 1978 5349">
     <span class='ocr_line' id='line_1_30' title="bbox 317 5254 1978 5349; baseline -0.004 -18"><span class='ocrx_word' id='word_1_277' title='bbox 317 5254 585 5331; x_wconf 82' lang='lat' dir='ltr'>baeresPetrus</span> <span class='ocrx_word' id='word_1_278' title='bbox 610 5256 864 5347; x_wconf 82' lang='lat' dir='ltr'>Potoczslry</span> <span class='ocrx_word' id='word_1_279' title='bbox 889 5255 1052 5328; x_wconf 90' lang='lat' dir='ltr'>dedomo</span> <span class='ocrx_word' id='word_1_280' title='bbox 1071 5255 1355 5347; x_wconf 83' lang='lat' dir='ltr'>Srzenyava,</span> <span class='ocrx_word' id='word_1_281' title='bbox 1382 5256 1441 5347; x_wconf 88' lang='lat' dir='ltr'>qui</span> <span class='ocrx_word' id='word_1_282' title='bbox 1460 5255 1564 5327; x_wconf 85' lang='lat' dir='ltr'>etiarn</span> <span class='ocrx_word' id='word_1_283' title='bbox 1582 5256 1689 5327; x_wconf 89' lang='lat' dir='ltr'>babet</span> <span class='ocrx_word' id='word_1_284' title='bbox 1715 5255 1751 5327; x_wconf 91' lang='lat' dir='ltr'>in</span> <span class='ocrx_word' id='word_1_285' title='bbox 1769 5259 1870 5349; x_wconf 84' lang='lat' dir='ltr'>parte</span> <span class='ocrx_word' id='word_1_286' title='bbox 1974 5306 1978 5313; x_wconf 82' lang='lat'><em>.</em></span> 
     </span>
    </p>
   </div>
   <div class='ocr_carea' id='block_1_6' title="bbox 318 5377 1875 6573">
    <p class='ocr_par' dir='ltr' id='par_1_8' title="bbox 318 5377 1873 6076">
     <span class='ocr_line' id='line_1_31' title="bbox 318 5377 1872 5471; baseline -0.003 -20"><span class='ocrx_word' id='word_1_287' title='bbox 318 5400 381 5453; x_wconf 86' lang='lat' dir='ltr'>sua</span> <span class='ocrx_word' id='word_1_288' title='bbox 397 5382 550 5471; x_wconf 82' lang='lat' dir='ltr'>quatuor</span> <span class='ocrx_word' id='word_1_289' title='bbox 567 5379 687 5451; x_wconf 89' lang='lat' dir='ltr'>laneos</span> <span class='ocrx_word' id='word_1_290' title='bbox 710 5378 961 5468; x_wconf 88' lang='lat' dir='ltr'>cmetbouales,</span> <span class='ocrx_word' id='word_1_291' title='bbox 989 5398 1093 5448; x_wconf 86' lang='lat' dir='ltr'>unam</span> <span class='ocrx_word' id='word_1_292' title='bbox 1109 5378 1309 5468; x_wconf 84' lang='lat' dir='ltr'>tabernam,</span> <span class='ocrx_word' id='word_1_293' title='bbox 1336 5377 1423 5449; x_wconf 91' lang='lat' dir='ltr'>duas</span> <span class='ocrx_word' id='word_1_294' title='bbox 1441 5377 1676 5468; x_wconf 68' lang='lat' dir='ltr'>hortulanus,</span> <span class='ocrx_word' id='word_1_295' title='bbox 1702 5377 1872 5449; x_wconf 86' lang='lat' dir='ltr'>habentes</span> 
     </span>
     <span class='ocr_line' id='line_1_32' title="bbox 319 5494 1871 5593; baseline -0.002 -21"><span class='ocrx_word' id='word_1_296' title='bbox 319 5520 439 5593; x_wconf 76' lang='lat' dir='ltr'>agros,</span> <span class='ocrx_word' id='word_1_297' title='bbox 465 5497 510 5572; x_wconf 92' lang='lat' dir='ltr'>de</span> <span class='ocrx_word' id='word_1_298' title='bbox 528 5498 652 5590; x_wconf 85' lang='lat' dir='ltr'>quibus</span> <span class='ocrx_word' id='word_1_299' title='bbox 678 5499 838 5571; x_wconf 88' lang='lat' dir='ltr'>omuibus</span> <span class='ocrx_word' id='word_1_300' title='bbox 855 5496 1005 5570; x_wconf 84' lang='lat' dir='ltr'>solvitur</span> <span class='ocrx_word' id='word_1_301' title='bbox 1022 5498 1155 5570; x_wconf 89' lang='lat' dir='ltr'>decima</span> <span class='ocrx_word' id='word_1_302' title='bbox 1176 5494 1402 5588; x_wconf 90' lang='lat' dir='ltr'>manipularis</span> <span class='ocrx_word' id='word_1_303' title='bbox 1429 5502 1466 5570; x_wconf 91' lang='lat' dir='ltr'>et</span> <span class='ocrx_word' id='word_1_304' title='bbox 1483 5498 1661 5589; x_wconf 86' lang='lat' dir='ltr'>canapalis</span> <span class='ocrx_word' id='word_1_305' title='bbox 1688 5514 1753 5589; x_wconf 91' lang='lat' dir='ltr'>pro</span> <span class='ocrx_word' id='word_1_306' title='bbox 1771 5518 1871 5590; x_wconf 76' lang='lat' dir='ltr'>prae</span> 
     </span>
     <span class='ocr_line' id='line_1_33' title="bbox 319 5616 1872 5712; baseline -0.002 -19"><span class='ocrx_word' id='word_1_307' title='bbox 319 5620 433 5693; x_wconf 83' lang='lat' dir='ltr'>benda</span> <span class='ocrx_word' id='word_1_308' title='bbox 458 5618 699 5711; x_wconf 75' lang='lat' dir='ltr'>cracoviensi,</span> <span class='ocrx_word' id='word_1_309' title='bbox 726 5640 815 5712; x_wconf 88' lang='lat' dir='ltr'>quae</span> <span class='ocrx_word' id='word_1_310' title='bbox 842 5624 987 5691; x_wconf 86' lang='lat' dir='ltr'>vocatur</span> <span class='ocrx_word' id='word_1_311' title='bbox 1012 5616 1268 5710; x_wconf 84' lang='lat' dir='ltr'>cosczyczska,</span> <span class='ocrx_word' id='word_1_312' title='bbox 1306 5625 1343 5690; x_wconf 91' lang='lat' dir='ltr'>et</span> <span class='ocrx_word' id='word_1_313' title='bbox 1368 5619 1467 5690; x_wconf 90' lang='lat' dir='ltr'>valor</span> <span class='ocrx_word' id='word_1_314' title='bbox 1493 5619 1567 5691; x_wconf 94' lang='lat' dir='ltr'>eius</span> <span class='ocrx_word' id='word_1_315' title='bbox 1594 5619 1800 5692; x_wconf 89' lang='lat' dir='ltr'>aestimatur</span> <span class='ocrx_word' id='word_1_316' title='bbox 1826 5617 1872 5690; x_wconf 91' lang='lat' dir='ltr'>ad</span> 
     </span>
     <span class='ocr_line' id='line_1_34' title="bbox 321 5738 1871 5833; baseline -0.001 -20"><span class='ocrx_word' id='word_1_317' title='bbox 321 5742 439 5814; x_wconf 87' lang='lat' dir='ltr'>decem</span> <span class='ocrx_word' id='word_1_318' title='bbox 467 5762 612 5813; x_wconf 88' lang='lat' dir='ltr'>marcas.</span> <span class='ocrx_word' id='word_1_319' title='bbox 650 5742 739 5813; x_wconf 88' lang='lat' dir='ltr'>Item</span> <span class='ocrx_word' id='word_1_320' title='bbox 764 5742 801 5812; x_wconf 93' lang='lat' dir='ltr'>in</span> <span class='ocrx_word' id='word_1_321' title='bbox 828 5741 949 5814; x_wconf 85' lang='lat' dir='ltr'>eadem</span> <span class='ocrx_word' id='word_1_322' title='bbox 980 5740 1066 5813; x_wconf 88' lang='lat' dir='ltr'>villa</span> <span class='ocrx_word' id='word_1_323' title='bbox 1091 5745 1172 5813; x_wconf 88' lang='lat' dir='ltr'>sunt</span> <span class='ocrx_word' id='word_1_324' title='bbox 1198 5738 1438 5833; x_wconf 80' lang='lat' dir='ltr'>duoprccdic</span> <span class='ocrx_word' id='word_1_325' title='bbox 1463 5740 1646 5831; x_wconf 89' lang='lat' dir='ltr'>militaria,</span> <span class='ocrx_word' id='word_1_326' title='bbox 1674 5740 1717 5812; x_wconf 92' lang='lat' dir='ltr'>de</span> <span class='ocrx_word' id='word_1_327' title='bbox 1745 5741 1871 5832; x_wconf 88' lang='lat' dir='ltr'>quibus</span> 
     </span>
     <span class='ocr_line' id='line_1_35' title="bbox 321 5861 1873 5955; baseline -0.002 -20"><span class='ocrx_word' id='word_1_328' title='bbox 321 5864 469 5936; x_wconf 90' lang='lat' dir='ltr'>solvitur</span> <span class='ocrx_word' id='word_1_329' title='bbox 503 5863 637 5935; x_wconf 89' lang='lat' dir='ltr'>decima</span> <span class='ocrx_word' id='word_1_330' title='bbox 671 5862 897 5955; x_wconf 85' lang='lat' dir='ltr'>manipularis</span> <span class='ocrx_word' id='word_1_331' title='bbox 942 5862 1109 5955; x_wconf 67' lang='lat' dir='ltr'>ecclesiae</span> <span class='ocrx_word' id='word_1_332' title='bbox 1154 5868 1191 5935; x_wconf 89' lang='lat' dir='ltr'>et</span> <span class='ocrx_word' id='word_1_333' title='bbox 1223 5862 1371 5955; x_wconf 91' lang='lat' dir='ltr'>plebano</span> <span class='ocrx_word' id='word_1_334' title='bbox 1407 5862 1444 5934; x_wconf 93' lang='lat' dir='ltr'>in</span> <span class='ocrx_word' id='word_1_335' title='bbox 1484 5861 1564 5933; x_wconf 89' lang='lat' dir='ltr'>Pel</span> <span class='ocrx_word' id='word_1_336' title='bbox 1577 5881 1798 5954; x_wconf 88' lang='lat' dir='ltr'>cznycza,</span> <span class='ocrx_word' id='word_1_337' title='bbox 1836 5866 1873 5934; x_wconf 90' lang='lat' dir='ltr'>et</span> 
     </span>
     <span class='ocr_line' id='line_1_36' title="bbox 321 5964 1456 6076; baseline -0.003 -20"><span class='ocrx_word' id='word_1_338' title='bbox 321 5984 419 6059; x_wconf 84' lang='lat' dir='ltr'>valor</span> <span class='ocrx_word' id='word_1_339' title='bbox 445 5984 521 6057; x_wconf 89' lang='lat' dir='ltr'>eius</span> <span class='ocrx_word' id='word_1_340' title='bbox 547 5984 825 6059; x_wconf 75' lang='lat' dir='ltr'>aestimatur&#39;td</span> <span class='ocrx_word' id='word_1_341' title='bbox 852 5989 1000 6076; x_wconf 90' lang='lat' dir='ltr'>quatuor</span> <span class='ocrx_word' id='word_1_342' title='bbox 1025 5964 1234 6059; x_wconf 68' lang='lat' dir='ltr'>marcac-,²⁴1⁶-</span> <span class='ocrx_word' id='word_1_343' title='bbox 1454 6048 1456 6053; x_wconf 86' lang='lat'><em>.</em></span> 
     </span>
    </p>

    <p class='ocr_par' dir='ltr' id='par_1_9' title="bbox 318 6086 1875 6573">
     <span class='ocr_line' id='line_1_37' title="bbox 423 6086 1872 6197; baseline 0.001 -21"><span class='ocrx_word' id='word_1_344' title='bbox 423 6102 774 6197; x_wconf 79' lang='lat' dir='ltr'>Nrumvorowrczn,</span> <span class='ocrx_word' id='word_1_345' title='bbox 801 6104 886 6178; x_wconf 90' lang='lat' dir='ltr'>villa</span> <span class='ocrx_word' id='word_1_346' title='bbox 903 6108 967 6178; x_wconf 91' lang='lat' dir='ltr'>sub</span> <span class='ocrx_word' id='word_1_347' title='bbox 986 6106 1152 6197; x_wconf 90' lang='lat' dir='ltr'>parocbia</span> <span class='ocrx_word' id='word_1_348' title='bbox 1169 6086 1232 6177; x_wconf 61' lang='lat' dir='ltr'>“d&#39;e‘</span> <span class='ocrx_word' id='word_1_349' title='bbox 1247 6104 1534 6196; x_wconf 86' lang='lat' dir='ltr'>Pelcznycza</span> <span class='ocrx_word' id='word_1_350' title='bbox 1560 6103 1646 6195; x_wconf 85' lang='lat' dir='ltr'>sita,</span> <span class='ocrx_word' id='word_1_351' title='bbox 1673 6104 1771 6178; x_wconf 91' lang='lat' dir='ltr'>ouius</span> <span class='ocrx_word' id='word_1_352' title='bbox 1789 6105 1872 6177; x_wconf 88' lang='lat' dir='ltr'>bae·</span> 
     </span>
     <span class='ocr_line' id='line_1_38' title="bbox 320 6206 1875 6319; baseline -0.001 -16"><span class='ocrx_word' id='word_1_353' title='bbox 320 6228 420 6303; x_wconf 86' lang='lat' dir='ltr'>redes</span> <span class='ocrx_word' id='word_1_354' title='bbox 447 6226 601 6299; x_wconf 84' lang='lat' dir='ltr'>Jacobus</span> <span class='ocrx_word' id='word_1_355' title='bbox 627 6231 664 6299; x_wconf 89' lang='lat' dir='ltr'>et</span> <span class='ocrx_word' id='word_1_356' title='bbox 680 6227 860 6300; x_wconf 85' lang='lat' dir='ltr'>lohannes</span> <span class='ocrx_word' id='word_1_357' title='bbox 887 6228 931 6301; x_wconf 91' lang='lat' dir='ltr'>de</span> <span class='ocrx_word' id='word_1_358' title='bbox 948 6228 1054 6299; x_wconf 89' lang='lat' dir='ltr'>armis</span> <span class='ocrx_word' id='word_1_359' title='bbox 1076 6206 1189 6300; x_wconf 83' lang='lat' dir='ltr'>¹inedii</span> <span class='ocrx_word' id='word_1_360' title='bbox 1216 6225 1401 6316; x_wconf 90' lang='lat' dir='ltr'>Salmonis,</span> <span class='ocrx_word' id='word_1_361' title='bbox 1428 6246 1518 6319; x_wconf 78' lang='lat' dir='ltr'>quaa</span> <span class='ocrx_word' id='word_1_362' title='bbox 1542 6226 1674 6299; x_wconf 91' lang='lat' dir='ltr'>babent</span> <span class='ocrx_word' id='word_1_363' title='bbox 1698 6226 1875 6319; x_wconf 88' lang='lat' dir='ltr'>proclama</span> 
     </span>
     <span class='ocr_line' id='line_1_39' title="bbox 318 6346 1872 6442; baseline 0 -21"><span class='ocrx_word' id='word_1_364' title='bbox 318 6347 517 6440; x_wconf 88' lang='lat' dir='ltr'>clobok,</span> <span class='ocrx_word' id='word_1_365' title='bbox 544 6350 581 6420; x_wconf 94' lang='lat' dir='ltr'>in</span> <span class='ocrx_word' id='word_1_366' title='bbox 607 6371 676 6442; x_wconf 88' lang='lat' dir='ltr'>qua</span> <span class='ocrx_word' id='word_1_367' title='bbox 702 6355 784 6423; x_wconf 81' lang='lat' dir='ltr'>sunt</span> <span class='ocrx_word' id='word_1_368' title='bbox 809 6349 901 6422; x_wconf 89' lang='lat' dir='ltr'>lanei</span> <span class='ocrx_word' id='word_1_369' title='bbox 929 6349 1178 6438; x_wconf 77' lang='lat' dir='ltr'>cmetbonaleS,</span> <span class='ocrx_word' id='word_1_370' title='bbox 1211 6350 1295 6419; x_wconf 87' lang='lat' dir='ltr'>item</span> <span class='ocrx_word' id='word_1_371' title='bbox 1321 6349 1506 6441; x_wconf 85' lang='lat' dir='ltr'>tabernae,</span> <span class='ocrx_word' id='word_1_372' title='bbox 1533 6348 1615 6423; x_wconf 91' lang='lat' dir='ltr'>item</span> <span class='ocrx_word' id='word_1_373' title='bbox 1643 6346 1872 6439; x_wconf 66' lang='lat' dir='ltr'>commite,</span> 
     </span>
     <span class='ocr_line' id='line_1_40' title="bbox 319 6464 1873 6573; baseline 0.003 -32"><span class='ocrx_word' id='word_1_374' title='bbox 319 6469 515 6562; x_wconf 87' lang='lat' dir='ltr'>dequibus</span> <span class='ocrx_word' id='word_1_375' title='bbox 550 6471 708 6543; x_wconf 91' lang='lat' dir='ltr'>omnibus</span> <span class='ocrx_word' id='word_1_376' title='bbox 736 6464 884 6552; x_wconf 84' lang='lat' dir='ltr'>solvitur</span> <span class='ocrx_word' id='word_1_377' title='bbox 919 6478 955 6553; x_wconf 88' lang='lat' dir='ltr'>et</span> <span class='ocrx_word' id='word_1_378' title='bbox 982 6470 1190 6550; x_wconf 89' lang='lat' dir='ltr'>conducitur</span> <span class='ocrx_word' id='word_1_379' title='bbox 1224 6469 1358 6553; x_wconf 76' lang='lat' dir='ltr'>decima</span> <span class='ocrx_word' id='word_1_380' title='bbox 1382 6470 1608 6573; x_wconf 72' lang='lat' dir='ltr'>manipularis</span> <span class='ocrx_word' id='word_1_381' title='bbox 1635 6475 1671 6551; x_wconf 80' lang='lat' dir='ltr'>et</span> <span class='ocrx_word' id='word_1_382' title='bbox 1698 6470 1873 6567; x_wconf 80' lang='lat' dir='ltr'>aauapalis</span> 
     </span>
    </p>
   </div>
   <div class='ocr_carea' id='block_1_7' title="bbox 0 0 2111 8340">
    <p class='ocr_par' dir='ltr' id='par_1_10' title="bbox 0 0 2111 8340">
     <span class='ocr_line' id='line_1_41' title="bbox 0 0 2111 8340; baseline 0 0"><span class='ocrx_word' id='word_1_383' title='bbox 0 0 2111 8340; x_wconf 95' lang='lat' dir='ltr'> </span> 
     </span>
    </p>
   </div>
  </div>
 </body>
</html>
