4200 8342
303 1620 377 1691 rer
507 1572 509 1577 ’

301 1822 594 1911 Pleschowslry
621 1822 760 1909 brneg,
792 1819 889 1890 cuins
921 1819 1046 1891 haeres
1082 1816 1260 1891 Vernerus
1289 1817 1332 1889 de
1358 1817 1704 1911 Sledzeyowycze
1741 1816 1846 1889 dictus

300 1947 344 2015 W
355 1943 552 2034 yerzpnlr
580 1941 622 2011 de
651 1941 752 2011 denm
771 1993 965 2010 ........
992 1940 1124 2011 habens
1160 1960 1264 2029 agros
1291 1939 1443 2030 amplae,
1479 1938 1522 2012 de
1550 1938 1677 2030 quibus
1704 1938 1848 2030 decimat

301 2064 518 2155 praebendae
555 2060 734 2151 praefatae
769 2060 1125 2152 Rzeuryandzyczska.
1160 2060 1250 2131 Item
1276 2064 1331 2131 est
1356 2059 1406 2131 ibi
1433 2058 1503 2131 alia
1525 2059 1696 2149 taberna,
1724 2059 1850 2131 babens

301 2208 421 2275 agros,
458 2184 556 2255 cuius
582 2182 779 2273 proprietas
810 2182 963 2271 pertinet
988 2182 1033 2252 ad
1060 2181 1244 2271 plebanum
1271 2185 1309 2251 ct
1334 2180 1514 2252 ecclesiam
1540 2179 1576 2250 iu
1603 2178 1853 2270 Plescbow,

302 2309 344 2378 de
364 2307 459 2376 cuius
479 2305 573 2394 agris
601 2303 705 2374 solvit
731 2302 898 2373 decimam
916 2301 1074 2393 plebano.
1101 2301 1188 2372 Item
1208 2321 1349 2372 censum
1369 2356 1376 2371 .
1395 2356 1402 2371 .
1421 2354 1429 2371 .
1448 2355 1456 2371 .
1473 2300 1564 2373 Item
1590 2299 1686 2393 dicta
1711 2300 1853 2372 ecclesia

300 2429 337 2500 in
363 2425 602 2497 Pleschow
628 2424 737 2495 babet
761 2423 811 2494 ibi
837 2423 998 2514 proprios
1034 2443 1138 2513 agros
1173 2400 1302 2495 liberae
1329 2428 1365 2495 et
1391 2425 1511 2512 prata,
1546 2442 1612 2511 pro
1639 2442 1703 2496 auo
1731 2426 1855 2493 usust

300 2547 518 2620 necessitate.
882 2626 885 2631 ,

403 2666 707 2753 Krmnsunwrcza,
735 2664 818 2735 villa
845 2664 908 2736 sub
935 2663 1102 2754 parochia
1128 2663 1171 2735 de
1193 2662 1402 2736 Plesehow
1429 2663 1506 2754 site,
1532 2663 1630 2735 euius
1657 2663 1862 2754 proprietas¹

301 2789 346 2860 ad
373 2788 620 2859 monasterium
646 2784 913 2876 lIyecboviense
939 2787 1100 2876 pertInet
1115 2786 1168 2871 ¹Iu
1195 2778 1263 2877 qua
1289 2785 1468 2858 duodecim
1494 2784 1586 2857 lanei
1612 2785 1856 2876 emethouales,

301 2911 384 2981 item
412 2928 481 2979 una
508 2908 654 2978 taberna
690 2906 823 2977 habens
842 2927 972 2996 agros,
1009 2907 1093 2977 item
1121 2912 1254 2996 septem
1290 2906 1509 2978 hortulaniae
1545 2906 1719 2978 habentes
1746 2927 1855 2997 agros,

298 3032 380 3100 item
407 3028 647 3099 molendinum
673 3027 710 3097 in
736 3026 875 3100 flunriue
901 3028 1116 3117 Dlubuya
1141 3027 1273 3100 babens
1308 3048 1429 3118 agros,
1465 3026 1509 3098 de
1535 3026 1661 3151 puibns
1696 3027 1856 3099 omuibus

301 3150 449 3221 solvitur
475 3156 511 3220 et
539 3148 742 3220 conducitur
779 3148 912 3219 decima
948 3149 1176 3239 manipularis
1203 3153 1240 3220 et
1266 3148 1441 3239 canapalis
1476 3146 1697 3239 praebendae
1733 3146 1856 3219 Graco·

300 3271 420 3359 virosi,
450 3291 539 3360 quac
575 3275 718 3340 vocatur
754 3268 1017 3360 IIrzeslawslra,
1055 3271 1151 3342 euius
1179 3270 1277 3341 valor
1304 3270 1507 3343 aestImatur
1545 3267 1590 3339 ad
1615 3268 1766 3359 triginta
1791 3290 1851 3344 sex

300 3412 446 3463 mareas.
474 3391 561 3462 Item
590 3394 643 3461 est
669 3390 719 3460 ibi
745 3390 925 3479 praedium
944 3391 1112 3480 optImum
1140 3391 1349 3482 coenobiale,
1377 3390 1419 3464 de
1429 3390 1535 3465 euius
1552 3389 1735 3480 egricum
1754 3390 1857 3461 solvit

302 3511 406 3582 aIIeui
433 3511 622 3599 decimam,
658 3510 720 3581 sed
748 3531 823 3581 eam
849 3532 913 3601 pro
941 3533 978 3582 se
1004 3512 1100 3584 tollit
1126 3517 1162 3583 et
1188 3512 1224 3582 In
1250 3512 1413 3589 horreum
1449 3532 1549 3587 suum
1584 3510 1730 3584 inducit
1769 3511 1857 3583 Item

303 3653 423 3703 omnes
450 3632 648 3704 cmctlrones
676 3632 814 3704 solvunt
839 3624 986 3722 plebano
1013 3631 1166 3705 praecolere
1167 3687 1330 3703 .......

407 3751 604 3843 Lusoean,
621 3753 705 3825 villa
722 3755 923 3825 monasterii
942 3754 1255 3827 sanctimonialium
1273 3753 1316 3827 de
1333 3752 1652 3846 Zwierzynieez,
1670 3753 1738 3826 sub
1755 3773 1856 3845 paro-

304 3874 384 3945 chia
412 3874 577 3947 ccclesiae
603 3874 646 3955 de
672 3874 952 3947 Plesehew..
980 3929 1022 3945 ..

925 3995 1237 4069 Nrnronourczn.

410 4119 504 4191 Villa
530 4118 661 4189 habens
688 4119 725 4189 In
752 4139 788 4190 se
815 4117 1051 4208 parochialem
1077 4119 1256 4190 ecelesiam
1284 4123 1457 4191 muratam
1482 4117 1519 4190 in
1545 4117 1712 4190 bonorem
1741 4118 1858 4190 decem

301 4245 446 4314 millium
474 4240 620 4311 militum
648 4239 855 4311 Sanctorum
882 4238 1040 4329 dicatam,
1068 4239 1165 4310 cqus
1192 4240 1388 4329 proprietas
1406 4239 1452 4310 ad
1470 4239 1731 4312 serenissimum
1757 4239 1859 4315 Pelo·

302 4364 381 4435 niae
408 4384 524 4450 regem
552 4360 712 4449 pertioet.
739 4360 779 4429 Iu
799 4380 867 4449 qua
885 4366 966 4431 sunt
989 4359 1115 4450 viginti
1132 4362 1298 4432 tabernae
1325 4362 1493 4435 habentes
1520 4381 1633 4451 agros,
1661 4360 1705 4431 de
1734 4361 1858 4451 quibus

303 4485 462 4555 oneribus
489 4481 638 4551 solvitur
665 4486 701 4550 et
728 4481 932 4552 conducitur
959 4481 1093 4553 deeIma
1119 4482 1344 4572 manipularis
1370 4487 1408 4553 et
1434 4481 1610 4573 canapaIIs
1637 4480 1806 4553 eeclesIae
1823 4489 1859 4553 et

303 4605 376 4675 eius
404 4603 551 4692 plebano
579 4602 614 4672 in
643 4599 675 4671 N
680 4602 974 4693 p'epolomycze,
1001 4609 1036 4674 et
1055 4602 1152 4675 valor
1171 4603 1244 4674 eius
1263 4603 1308 4674 ad
1335 4603 1453 4675 decem
1480 4621 1613 4675 marcas
1641 4602 1857 4675 aestImatur.

301 4726 389 4795 Item
417 4725 523 4794 habet
551 4723 598 4792 ibi
626 4722 792 4811 plebanus
820 4730 856 4795 et
884 4724 1029 4794 ecclesia
1056 4724 1142 4795 duas
1169 4721 1278 4794 ro'aeas
1305 4730 1340 4795 et
1367 4745 1472 4795 unum
1507 4728 1663 4814 pratum,
1700 4744 1767 4814 pro
1795 4743 1856 4795 suo

303 4846 447 4935 praedio
475 4850 510 4915 et
536 4845 752 4914 necessitate.
789 4845 876 4916 Item
903 4846 1071 4935 plebanus
1098 4850 1134 4916 et
1160 4845 1304 4917 ecelesia
1330 4846 1436 4916 habet
1462 4845 1498 4914 in
1526 4845 1647 4935 zuppis
1674 4844 1856 4916 Bochneu·

302 4968 397 5039 sibus
424 4988 488 5057 pre
516 4966 729 5056 quibuslibet
755 4973 904 5055 quatuor
931 4966 1144 5056 temporibus
1163 4987 1268 5037 unum
1285 4966 1435 5056 lapidem
1462 4966 1545 5056 sepi,
1572 4987 1679 5038 uuum
1705 4965 1857 5056 lapidem

303 5108 412 5175 cerae,
440 5108 543 5157 uuam
571 5107 767 5157 mensuram
795 5088 877 5159 salis
904 5088 1046 5176 minuti,
1074 5093 1111 5160 et
1136 5109 1242 5159 unum
1268 5088 1501 5159 centenarium
1530 5086 1573 5159 de
1599 5087 1733 5160 maiori.
1767 5088 1858 5161 Item

303 5209 376 5295 ipse
404 5207 570 5294 plebanus
597 5208 704 5278 habet
732 5209 767 5277 iu
794 5209 1009 5299 proprietate
1041 5229 1105 5280 sua
1130 5228 1236 5281 unam
1266 5208 1448 5279 tabernam
1480 5207 1609 5280 ibidem
1634 5209 1671 5279 iu
1697 5208 1857 5302 Nyepo·

303 5327 493 5415 lompcze,
521 5347 610 5417 quae
628 5349 691 5416 pro
711 5347 816 5399 censu
843 5330 948 5415 solvit
975 5330 1043 5399 sibi
1070 5330 1247 5401 minuatim
1266 5350 1329 5419 per
1346 5329 1494 5401 mediam
1522 5328 1669 5401 alteram
1695 5350 1858 5421 mancam,

304 5447 395 5518 diem
423 5453 540 5517 autem
567 5468 635 5517 non
663 5447 808 5519 laborat.
845 5450 933 5520 Item
960 5451 1067 5521 habet
1093 5472 1199 5522 unum
1226 5451 1480 5543 hortulanum,—
1504 5451 1562 5541 qui
1588 5451 1731 5524 laborat
1757 5473 1860 5525 unam

303 5567 395 5638 dIem
421 5568 457 5637 in
485 5567 688 5656 septimana,
716 5568 821 5639 solvit
847 5574 962 5640 autem
990 5590 1053 5660 pre
1081 5592 1186 5642 censu
1205 5625 1347 5641 ......

409 5687 672 5778 llIseznnezru,
700 5688 783 5758 villa
809 5691 873 5761 sub
892 5692 1057 5780 parocbia
1083 5691 1126 5763 de
1153 5692 1186 5763 N
1194 5684 1525 5784 yepolomycze
1552 5692 1628 5783 siba
1656 5693 1758 5767 euius
1775 5714 1857 5786 pro-

303 5812 435 5900 prietas
464 5809 508 5880 ad
535 5811 783 5880 monasterium
809 5809 1080 5901 Myeclrovmuse
1106 5814 1268 5903 pertinet.
1313 5815 1353 5884 In
1381 5835 1449 5904 qua
1476 5820 1558 5886 sunt
1583 5815 1677 5886 lanei
1705 5817 1862 5889 emethe-

304 5932 407 6021 uoles,
428 5932 469 6001 dc
490 5931 614 6020 quibus
635 5931 780 6001 solvitur
799 5937 834 6003 et
853 5932 1059 6005 conducitur
1077 5934 1209 6006 decima
1225 5933 1451 6025 manipularis
1469 5939 1505 6007 et
1523 5936 1698 6027 canapulis
1716 5956 1782 6027 pro

407 6052 570 6141 Wonrn,
608 6052 692 6123 rilla
719 6053 782 6124 sub
809 6054 975 6143 parochia
1002 6054 1045 6126 de
1073 6054 1447 6148 Nyepolomyeze
1483 6056 1571 6146 sita,
1607 6056 1706 6129 cuius
1734 6059 1861 6133 haeres

305 6173 670 6263 Bethurzynsky
699 6173 741 6245 dc
769 6175 874 6245 armis
894 6229 901 6244 .
921 6229 928 6244 .
948 6229 981 6244 ..
1009 6174 1049 6245 Iu
1078 6196 1146 6265 qua
1164 6182 1246 6247 sunt
1271 6176 1364 6248 lanei
1391 6177 1633 6266 emethonales,
1661 6177 1705 6250 de
1732 6181 1862 6270 quibua

305 6292 452 6363 solvitur
476 6299 516 6377 ,et
544 6292 747 6364 conducitur
774 6294 908 6366 decima
934 6295 1159 6386 manipulariS
1186 6303 1222 6367 et
1249 6297 1423 6388 canapalis
1449 6317 1514 6387 pro
1541 6298 1704 6389 episcopo
1731 6298 1861 6373 Gnaeo-

304 6413 425 6504 vieusi,
453 6413 550 6485 cuius
577 6413 676 6485 ador
702 6416 905 6487 aestimatur
932 6416 977 6488 ad
996 6470 1112 6487 .....
1139 6417 1228 6489 Item
1254 6418 1303 6490 ibi
1330 6417 1512 6507 praedium
1538 6439 1661 6510 unum,
1688 6420 1733 6493 de
1761 6422 1858 6496 cuius

305 6533 400 6626 angs
428 6535 621 6619 decimatur
645 6537 812 6641 eeclesiae
839 6546 875 6611 et
901 6539 1050 6635 plebano
1078 6540 1114 6615 in
1140 6538 1521 6632 Nyepolomycze.
