4200 8342
138 1774 143 1783 .
268 1659 342 1744 m
684 1670 733 1749 Ἢ·
890 1744 907 1787 ·.’
1076 1692 1112 1755 ¹³

268 1885 305 1952 et
331 1868 750 1968 assumptionidanoiao
775 1864 913 1945 Mariae
938 1860 1097 1963 Virginis
1124 1861 1292 1959 dicatum,
1318 1860 1416 1941 cuius
1442 1862 1569 1943 haeres
1586 1860 1725 1943 Potum
1751 1857 1815 1940 Lu·

269 1999 457 2073 belczik
484 1998 617 2088 unicus,
644 2001 680 2067 et
706 1998 876 2086 patronus
901 1991 945 2065 dc
971 1990 1074 2065 domo
1100 1990 1338 2064 Rozarum.
1372 1989 1414 2061 lu
1441 2011 1509 2082 quo
1537 1996 1622 2063 suut
1649 1990 1744 2063 lauci
1767 1986 1817 2083 a}

267 2120 490 2211 pidanorum,
517 2119 602 2189 item
629 2116 808 2208 praedium
836 2134 942 2185 unum
967 2112 1137 2202 militare,
1164 2113 1246 2184 item
1274 2111 1456 2185 advocatia
1481 2112 1618 2185 habeus
1646 2132 1760 2203 agros,
1785 2102 1818 2184 de

267 2241 392 2332 quibus
419 2240 579 2312 omnibus
608 2238 756 2310 solvitur
782 2241 819 2309 ot
845 2235 1050 2308 conducitur
1068 2235 1202 2307 decima
1227 2234 1455 2325 manipularis
1481 2240 1520 2306 et
1546 2233 1739 2325 canapalis,
1766 2254 1819 2324 pro

267 2362 414 2435 ecclesia
440 2362 476 2432 in
504 2358 793 2450 Guroswauky,
821 2363 857 2428 et
879 2357 978 2430 valor
1004 2357 1080 2429 eius
1107 2357 1314 2428 aestimatur
1340 2356 1385 2427 ad
1408 2356 1533 2446 viginti
1560 2374 1711 2427 marcas.
1738 2354 1818 2427 lteu

267 2485 375 2556 habet
410 2482 554 2554 ecclesia
580 2502 645 2572 pro
673 2501 735 2552 suo
762 2479 906 2570 praedio
944 2486 1019 2550 tres
1045 2478 1183 2566 laneos,
1218 2477 1327 2567 duos,
1363 2479 1422 2569 qui
1449 2477 1531 2548 olim
1560 2476 1606 2549 ad
1634 2477 1820 2549 scoltetiau

268 2605 473 2695 spectabant
499 2609 535 2673 ct
562 2623 637 2673 cum
664 2608 767 2691 prato
794 2606 874 2691 post
899 2599 1133 2671 molendinum
1165 2598 1471 2690 Pyassoczuy‚
1507 2600 1653 2671 tertium
1682 2598 1720 2670 in
1749 2599 1822 2671 villu

268 2725 560 2814 Kothuszow,
594 2724 686 2794 inter
712 2722 830 2794 laneos
858 2722 1098 2811 cmethonum,
1135 2725 1256 2794 versus
1279 2720 1573 2812 'Guroswankp
1601 2721 1693 2793 Item
1721 2721 1856 2792 habet.

266 2869 388 2938 agrum
415 2867 476 2918 seu
502 2843 1040 2935 acruminNyemscaiczc‚
1076 2863 1184 2933 penes
1212 2844 1321 2934 viam,
1349 2862 1436 2933 quac
1463 2842 1560 2914 ducit
1586 2842 1632 2913 de
1658 2840 1821 2914 Oaros·

267 2967 428 3060 wauky
454 2967 491 3038 iu
518 2963 742 3038 Grzilrou.
782 2965 871 3037 Item
898 2966 1005 3037 habet
1040 2965 1209 3056 piscinam
1245 2971 1326 3057 post
1361 2969 1519 3055 pontem,
1547 2983 1658 3055 prope
1686 2963 1820 3037 flurium

268 3090 454 3180 Gzarua,
482 3089 517 3159 in
545 3088 671 3159 dextra
697 3108 811 3158 manu.
847 3087 934 3157 ltom
960 3088 1069 3159 habet
1095 3088 1130 3157 in
1158 3085 1300 3177 oppido·
1317 3084 1589 3157 Guroswanki
1615 3090 1692 3157 tres
1719 3106 1821 3175 arcas,

268 3212 354 3284 duas
380 3210 494 3283 eundo
529 3208 574 3282 ad
602 3208 767 3280 circulum
793 3209 829 3278 in
857 3207 981 3280 dextra
1021 3229 1140 3299 mauu,
1177 3229 1220 3279 ex
1247 3207 1408 3298 opposito
1443 3206 1582 3297 templi,
1619 3208 1763 3278 tertiam
1783 3209 1820 3279 iu
1858 3216 1884 3261 -ὲ

265 3334 381 3425 platea
407 3331 688 3420 Sandomiriensi,
716 3329 829 3401 eundo
847 3331 891 3400 ad
910 3336 1060 3420 pontem,
1089 3350 1178 3421 quae
1196 3329 1324 3400 dicitur
1350 3328 1637 3420 Golanouska‚
1666 3336 1705 3402 et
1724 3350 1820 3422 quae·

267 3453 354 3527 libet
380 3459 521 3526 consuat
547 3452 714 3524 ecclesiae
742 3451 890 3523 mediam
917 3470 1079 3522 marcam.
1116 3452 1202 3523 ltem
1230 3451 1336 3523 habet
1363 3456 1464 3540 prata
1491 3451 1584 3541 duo,
1612 3472 1721 3523 uuum
1748 3459 1819 3542 post

267 3575 500 3648 molendinum
528 3574 642 3663 civile,
670 3574 761 3645 inter
789 3580 926 3663 pratum
953 3573 1240 3645 molendinatoris
1267 3578 1303 3645 ot
1329 3572 1492 3662 oppidani
1520 3572 1606 3645 dicti
1643 3573 1818 3663 Lissok,

269 3694 363 3767 aliud
389 3697 425 3767 iu
450 3695 551 3786 sylva
577 3694 671 3766 dicta
697 3692 988 3791 Radzyeclrow‚
1023 3694 1117 3766 intor
1143 3699 1281 3785 pratum
1315 3693 1603 3765 molendinatoris
1629 3694 1720 3766 dicti
1747 3694 1818 3767 llo

268 3819 391 3908 aina,
418 3816 646 3907 et-oppidani
664 3814 750 3887 dicti
777 3814 1021 3907 Komoscha,
1049 3835 1127 3887 cum
1154 3834 1240 3906 agro
1267 3816 1378 3887 eidem
1405 3822 1506 3906 prato
1534 3816 1713 3907 contiguo.
1739 3817 1817 3888 ltcu

268 3939 374 4012 lrabet
409 3939 592 4010 tabernam
617 3938 654 4007 in
681 3935 964 4028 Podgrodzyo‚
1000 3937 1036 4007 iu
1064 3958 1169 4008 manu
1205 3936 1330 4009 dextra
1363 3936 1477 4008 ouudo
1504 3937 1539 4007 in
1568 3936 1725 4028 Bardo,
1760 3938 1818 4011 sub

266 4065 391 4151 castro,
420 4080 507 4151 quae
535 4065 679 4131 consuat
695 4059 873 4130 annuatim
891 4079 995 4129 uuam
1014 4079 1175 4148 maroam,
1202 4065 1239 4131 et
1257 4077 1375 4130 omnes
1393 4057 1638 4131 tabernatores
1658 4060 1818 4131 ecclesiae

264 4184 300 4253 in
329 4180 619 4272 (luroswankpa
647 4181 799 4271 exempti
826 4185 908 4251 suut
934 4201 956 4252 a
982 4179 1156 4252 solutione
1183 4180 1368 4269 datiarum,
1394 4185 1430 4251 et
1455 4180 1501 4252 ab
1526 4182 1621 4251 omui
1648 4182 1819 4254 iuuamiuc

264 4310 301 4374 et
327 4303 393 4374 uiis
419 4309 456 4374 et
482 4293 655 4392 subsidiis,
681 4301 768 4372 alias
786 4299 954 4395 pomoeri,
981 4306 1018 4372 et
1044 4322 1067 4372 a
1092 4300 1258 4391 ducturis,
1286 4301 1372 4373 alias
1396 4298 1539 4397 poyoad.

371 4422 588 4512 omniomi,
624 4422 707 4494 uilla
743 4424 808 4495 sub
842 4422 1010 4512 parochia
1045 4422 1089 4494 de
1125 4421 1404 4514 Gurosuanky
1440 4422 1523 4513 aito,
1561 4423 1663 4495 cuius
1698 4422 1819 4497 lusarca
1851 4492 1854 4501 .

265 4542 392 4616 Petrus
437 4543 691 4636 Lubyelczik
728 4543 771 4615 de
807 4543 908 4617 domo
944 4550 980 4616 et
1014 4544 1147 4617 familia
1181 4544 1391 4616 Rozarum.
1430 4544 1471 4615 ln
1506 4564 1577 4635 qua
1613 4552 1703 4619 suut
1730 4546 1821 4621 lauri

159 4706 163 4711 -
266 4665 520 4755 cmetlronaloS,
548 4665 590 4736 do
618 4667 743 4756 quibus
770 4665 918 4747 solvitur
943 4672 980 4738 et
1006 4653 1211 4739 conducitur
1237 4666 1372 4739 decima
1397 4666 1625 4758 manipularis
1652 4674 1692 4741 ot
1718 4688 1820 4741 caua·

264 4786 354 4877 palis
381 4809 445 4878 pro
472 4787 618 4859 ecclesia
645 4788 680 4858 in
707 4786 993 4879 Ouroswauky,
1020 4795 1057 4861 et
1084 4789 1184 4862 valor
1210 4790 1285 4861 eius
1312 4790 1517 4860 aestimatur
1543 4788 1589 4861 ad
1615 4790 1706 4863 duaa
1732 4812 1822 4862 mar·

265 4929 333 4981 cas.
377 4909 466 4981 ltom
502 4911 537 4982 iu
574 4909 695 4982 eadem
730 4910 829 5001 villa,
866 4910 974 4982 habet
1008 4910 1155 4983 ecclesia
1189 4910 1233 4983 de
1269 4910 1550 5003 Ouroswanlry
1585 4913 1821 4986 molendinum

263 5029 420 5122 liberum,
448 5032 541 5122 quod
567 5031 618 5103 illi
646 5033 746 5103 anuis
774 5032 920 5123 singulis
948 5040 1092 5106 consuat
1118 5054 1221 5106 uuam
1248 5053 1409 5107 marcam.

366 5152 496 5243 Poma,
524 5154 607 5226 villa
634 5155 698 5229 sub
725 5155 891 5245 parochia
909 5155 952 5227 de
970 5154 1273 5249 Guroszuaulry
1300 5157 1387 5247 sita,
1414 5159 1511 5231 ouius
1538 5158 1666 5232 haeres
1692 5157 1820 5231 Petrus

265 5272 489 5345 Lubolczik
525 5275 697 5348 dedomo
732 5276 876 5349 Rozae.
916 5277 956 5349 lu
988 5299 1057 5369 qua
1088 5283 1170 5350 suut
1195 5279 1288 5352 lanei
1323 5279 1576 5371 cmethonales,
1612 5280 1658 5352 de
1697 5281 1820 5372 quibu

263 5393 411 5465 solvitur
446 5401 483 5465 et
518 5396 722 5468 conducitur
758 5398 891 5470 decima
935 5400 1162 5490 manipularis
1198 5408 1234 5472 ot
1269 5402 1464 5493 canapalis,
1498 5423 1563 5493 pro
1598 5402 1751 5476 aedesio
1784 5402 1818 5474 in

263 5513 587 5625 Gurosxwankp
615 5523 651 5589 et
677 5518 776 5591 valor
801 5520 876 5592 eius
901 5522 1108 5594 aestimatur
1134 5523 1178 5594 ad
1206 5544 1267 5596 sex
1294 5544 1438 5596 marcas

366 5637 644 5729 Nrnmscmcza,
681 5640 764 5712 villa
791 5643 855 5714 sub
881 5645 1048 5734 parochia
1083 5645 1126 5717 de
1145 5699 1313 5717 .......
1340 5647 1418 5718 sita
1453 5645 1494 5718 ln
1521 5666 1591 5737 qua
1616 5653 1702 5719 suut
1729 5646 1819 5720 lanei

260 5759 513 5851 emethouales‚
541 5760 584 5833 de
611 5762 737 5852 quibus
764 5763 913 5837 solvitur
939 5772 975 5838 ot
1001 5766 1208 5840 conducitur
1234 5768 1368 5840 decima
1393 5765 1622 5860 manipularis
1651 5775 1689 5841 et
1716 5788 1816 5841 canr-

260 5882 349 5971 palis
376 5903 440 5973 pro
475 5883 679 5975 episcopatu
715 5883 955 5978 Gracovicusi,
990 5890 1089 5962 cuius
1125 5889 1224 5962 valor
1258 5891 1465 5962 aestimatur
1491 5889 1535 5962 ad
1562 5895 1637 5962 tros
1674 5910 1815 5964 marcas

259 6000 347 6074 Item
374 6008 428 6074 est
455 6004 502 6075 ibi
531 6026 637 6078 uuum
663 6007 845 6097 praedium
880 6009 1050 6102 militare,
1086 6011 1130 6084 de
1157 6033 1226 6103 quo
1253 6011 1446 6083 decimatur
1483 6010 1653 6084 moesiae
1680 6014 1717 6084 iu
1744 6012 1814 6086 Cu

258 6125 512 6218 roswauky,
540 6133 576 6198 et
601 6129 700 6202 valor
726 6130 801 6203 eius
828 6131 1035 6204 aestimatur
1061 6133 1107 6204 ud
1132 6140 1206 6206 tros
1232 6152 1378 6206 marcas.

362 6244 609 6339 Gonzucuow‚
644 6250 728 6321 villa
753 6252 819 6324 sub
845 6254 1011 6344 parochia
1038 6254 1081 6326 de
1109 6253 1421 6348 Guroawanlry
1457 6257 1534 6328 alta
1570 6255 1612 6328 lu
1641 6252 1712 6350 (jun
1737 6263 1816 6331 suut

256 6362 346 6439 lanei
375 6370 627 6463 emethouales,
663 6372 706 6444 dc
733 6374 859 6464 quibus
885 6374 1034 6448 soluitur
1060 6383 1098 6450 et
1124 6378 1329 6471 conducitur
1363 6378 1498 6450 decimo
1525 6379 1755 6470 manipularis
1781 6384 1814 6450 et

256 6490 430 6578 canapalis
457 6513 521 6583 pro
540 6548 548 6564 .
567 6549 574 6564 .
594 6549 601 6564 .
620 6548 627 6565 .
655 6493 743 6566 Item
755 6502 809 6566 est
823 6496 872 6567 ibi
886 6518 992 6570 uuum
1010 6499 1191 6589 praedium
1205 6499 1429 6591 militare‚de
1443 6500 1541 6572 cuius
1555 6500 1652 6591 agris
1666 6501 1815 6573 soluitur

255 6605 390 6681 decima
405 6614 570 6689 ecclesim
596 6618 633 6689 in
659 6617 984 6713 Ouroswaulry,
1010 6626 1047 6692 et
1064 6622 1164 6694 ralor
1181 6623 1257 6695 eius
1275 6621 1545 6695 aestimaturad
1560 6622 1815 6699 danamarcaa
