4200 8342
250 1619 333 1695 ,148

258 1819 704 1913 Grzyegorzowshy,
730 1816 789 1905 qui
816 1814 920 1885 habet
946 1832 1050 1883 unum
1077 1810 1234 1900 laneum,
1269 1829 1372 1880 unam
1407 1807 1589 1879 tabernam
1625 1810 1663 1876 et
1698 1825 1796 1876 unam

259 1942 499 2015 hortulaniam.
526 1940 613 2009 Item
641 1941 722 2009 sunt
748 1935 796 2006 ibi
823 1934 890 2004 duo
917 1931 1061 2023 praedia
1086 1931 1251 2003 mihtaria
1272 1928 1506 2021 praefatorum
1532 1925 1732 2015 haeredum,
1756 1925 1797 1998 de

258 2064 380 2153 quibus
408 2060 564 2131 omnibus
591 2056 737 2130 solvitur
764 2059 799 2126 et
825 2053 1030 2126 conducitur
1056 2052 1189 2123 decima
1214 2049 1439 2141 manipularis
1464 2047 1561 2120 etde
1583 2045 1799 2119 laneiscme-

258 2180 457 2253 thonalibus
484 2177 669 2268 canapalis,
694 2196 758 2266 pro
777 2173 922 2246 ccclesia
947 2173 983 2243 in
1008 2171 1297 2263 Zyelyonhy‚
1324 2175 1361 2242 et
1377 2169 1475 2242 valor
1492 2168 1569 2240 eius
1595 2166 1799 2239 aestimatur

197 2392 202 2407 .
258 2301 301 2374 ad
327 2306 477 2391 quatuor
503 2317 649 2369 marcas.
909 2346 914 2353 -
1327 2352 1332 2357 .
1419 2358 1422 2363 .
1502 2354 1512 2367 ..

239 2500 243 2509 Ι
360 2417 507 2490 Wonrs
523 2417 845 2511 bernacensem,
873 2410 955 2483 villa
977 2412 1040 2483 sub
1058 2412 1224 2502 parochia
1241 2411 1285 2482 de
1310 2408 1582 2503 Zyelyonhy
1607 2408 1688 2499 sita,
1705 2408 1800 2481 cuius

258 2539 456 2632 proprietas
474 2537 528 2619 ¹ad
553 2535 740 2634 capitulum
766 2532 993 2606 cracoviense
1019 2532 1182 2622 pertinet.
1218 2531 1258 2603 ln
1285 2550 1354 2622 qua
1379 2534 1462 2602 sunt
1487 2532 1570 2622 octo
1595 2528 1689 2600 lanei
1715 2550 1801 2601 cme-

259 2659 426 2749 thonales,
452 2658 536 2729 item
553 2674 632 2731 una
656 2654 801 2727 taberna
826 2652 957 2724 habens
984 2671 1106 2742 agros,
1141 2652 1185 2729 de
1212 2652 1336 2743 quibus
1363 2650 1510 2723 solvitur
1535 2655 1573 2723 et
1600 2650 1802 2723 conducitur

260 2764 392 2862 decima
415 2776 641 2867 manipularis
668 2780 704 2845 et
730 2773 904 2863 canapahs
931 2792 995 2862 pro
1022 2773 1154 2845 vicaria
1179 2771 1397 2863 praebendae
1423 2771 1681 2860 cracoviensis,
1716 2790 1802 2861 quae

259 2904 404 2971 vocatur
429 2871 651 2985 Naazonsha,
679 2914 740 2965 seu
767 2891 1064 2982 Glambinowsha‚
1093 2896 1130 2985 et
1155 2893 1262 2964 valor.
1281 2892 1356 2965 eius
1381 2892 1587 2971 aestimatur
1608 2892 1661 2963 -ad
1687 2892 1802 2967 decem

258 3038 401 3109 marcas.
427 3016 514 3087 Item
541 3016 576 3085 in
604 3014 722 3085 eadem
749 3013 832 3085 uilla
858 3016 912 3084 est
937 3012 1117 3117 praedium
1144 3014 1367 3105 capitulare,¹
1388 3012 1431 3084 de
1458 3011 1555 3085 cuius
1582 3012 1679 3103 agris
1704 3016 1802 3085 tenu·

260 3138 370 3209 tarius
396 3137 499 3208 villae
526 3157 594 3207 non
621 3135 725 3206 soluit
750 3134 926 3222 decimam,
954 3134 1117 3206 sedeam
1144 3155 1209 3225 pro
1235 3154 1273 3205 se
1299 3132 1401 3205 tollit.
1472 3176 1477 3181 -

360 3256 588 3326 Zussrornr
615 3254 754 3344 Rsern,
790 3273 878 3344 quae
909 3253 990 3323 olim
1018 3254 1129 3325 veteri
1164 3255 1302 3325 nomine
1328 3254 1517 3327 vocabatur
1542 3253 1802 3343 Inzmowrczr,

262 3374 346 3447 villa
371 3375 435 3446 sub
461 3374 626 3464 parochia
652 3372 694 3444 (16
720 3374 748 3443 Z
757 3374 829 3463 yel
838 3374 987 3464 yonky
1014 3372 1289 3463 capitulari
1315 3374 1402 3463 sita,
1437 3374 1535 3461 cuius
1562 3373 1803 3447 serenissimus

259 3495 422 3567 Poloniae
448 3515 511 3565 rex
536 3493 661 3565 haeres
688 3498 751 3563 est.
776 3494 817 3564 In
844 3514 912 3583 qua
938 3498 1019 3564 sunt
1045 3499 1177 3583 septem
1205 3514 1282 3564 cum
1312 3494 1428 3565 medio
1442 3490 1534 3565 lanei
1561 3493 1805 3582 cmethonales,

261 3618 344 3685 item
370 3618 516 3703 quatuor
542 3614 726 3701 tabernae,
762 3613 844 3683 item
880 3634 1002 3684 novem
1032 3614 1269 3703 hortulaniac,
1303 3615 1387 3685 item
1413 3615 1484 3685 tria
1508 3613 1728 3703 molendina,
1761 3613 1804 3685 de

263 3735 386 3824 quibus
413 3733 564 3803 decimae
599 3733 824 3822 manipularis
858 3733 1113 3805 diversificatur
1147 3734 1341 3825 perceptio,
1377 3755 1458 3806 nam
1484 3734 1528 3805 de
1553 3734 1668 3806 tribus
1693 3734 1804 3843 laneis

262 3874 338 3925 cum
363 3852 486 3940 medio,
512 3852 595 3923 item
614 3851 657 3923 de
675 3851 808 3923 duobus
834 3853 997 3942 tabernis,
1024 3854 1110 3923 item
1136 3852 1179 3924 dc
1196 3874 1265 3926 mro
1291 3854 1499 3945 molendino,
1525 3855 1611 3926 item
1628 3854 1672 3926 de
1690 3855 1804 3927 tribus

260 3972 466 4045 hortulaniis
493 3977 541 4049 et¹
554 3971 667 4043 tribus
703 3971 826 4045 stadiis
861 3973 967 4043 trium
1003 3974 1150 4047 aliorum
1185 3976 1364 4047 laneorum
1398 3975 1685 4065 cmethonalium,
1720 3975 1804 4046 item

260 4094 302 4165 de
328 4093 440 4165 tribus
467 4078 595 4182 campis
621 4091 854 4193 praedialibus
881 4113 943 4164 scu
969 4095 1168 4185 curialibus
1196 4116 1287 4187 quac
1310 4101 1480 4167 vocantur
1504 4092 1663 4191 iutrzyni,
1701 4095 1806 4167 datur

260 4214 392 4324 decima
430 4212 654 4302 manipularis
690 4216 726 4283 et
761 4212 936 4303 canapalis
976 4215 1143 4287 ecclcsiae
1182 4217 1374 4307 parochiali
1414 4216 1534 4287 Sancti
1573 4215 1743 4305 Stephani
1768 4215 1804 4287 in

260 4332 507 4423 Graecula,
534 4333 632 4405 valor
650 4336 798 4423 quatuor
815 4353 1019 4404 marcarum:
1046 4335 1128 4406 item
1148 4335 1191 4407 de
1209 4338 1303 4427 agris
1325 4336 1559 4428 praedialibus
1577 4339 1613 4408 et
1631 4335 1805 4427 ahquibus

260 4452 541 4542 cmetlmnalibus,
569 4453 628 4542 qui
654 4458 822 4524 vocantur
846 4452 1086 4551 przyrnynrlp,
1120 4478 1207 4546 quae
1235 4458 1317 4529 olim
1343 4463 1445 4531 eraut
1471 4455 1677 4549 praediales,
1705 4455 1816 4527 datur·

260 4573 364 4643 altari
391 4571 508 4662 Sancti
533 4571 704 4644 Vladislai
730 4573 765 4643 in
792 4573 936 4645 ecclesia
963 4575 1194 4667 Cracovionsi3
1220 4578 1309 4655 item,
1331 4578 1375 4650 de
1402 4584 1551 4668 quatuor
1577 4577 1688 4647 laneis
1716 4596 1805 4649 cmc-

259 4693 467 4784 thonalibuS,
495 4693 628 4766 duabus
646 4694 812 4783 tabernis,
839 4695 971 4766 duobus
990 4696 1214 4788 molendinis,
1241 4720 1303 4769 sex
1329 4698 1547 4789 hortulaniis,
1575 4696 1678 4769 datur
1705 4716 1805 4787 prac-

258 4814 391 4886 bcndae
418 4813 648 4905 Cremonensi,
676 4835 765 4905 quac
782 4820 927 4887 vocatur
953 4815 1193 4909 Zakrzowska,
1221 4798 1318 4891 cuius
1335 4819 1443 4912 ¹valor
1461 4818 1506 4890 ad
1524 4817 1642 4890 decem
1660 4836 1806 4889 marcas.

363 4935 668 5024 Mansnowrcas,
695 4936 778 5007 villa
804 4937 867 5008 sub
894 4937 1061 5027 parochia
1086 4938 1250 5011 ecclesiae
1278 4939 1320 5012 de
1346 4937 1617 5030 Zyelyouky
1644 4938 1721 5008 sita
1764 4936 1805 5007 ln

260 5077 329 5146 qua
372 5079 441 5127 non
486 5062 566 5128 sunt
609 5057 701 5129 lanei
746 5058 998 5148 cmethonales,
1047 5078 1159 5150 neque
1199 5062 1383 5150 tabemae‚
1418 5080 1530 5150 neque
1568 5058 1805 5145 hortulaniac,

261 5176 320 5247 sed
348 5181 401 5246 est
428 5177 606 5265 praedium
634 5179 766 5267 regium
794 5179 943 5267 amplum
971 5184 1007 5250 ct
1032 5179 1174 5270 bonum,
1202 5181 1245 5252 de
1272 5183 1368 5252 cuius
1395 5202 1466 5253 una
1491 5179 1675 5253 medietate
1702 5178 1805 5249 datur

260 5298 391 5368 decima
416 5299 642 5386 manipularis
677 5299 779 5375 altari
807 5300 923 5370 Sancti
950 5299 1121 5371 Vladislai
1148 5301 1183 5371 in
1211 5301 1354 5376 ecclesia
1381 5300 1619 5389 Oracoviensi,
1646 5303 1682 5370 et
1709 5298 1805 5370 valor

259 5418 333 5487 eius
360 5417 404 5488 ad
432 5417 517 5487 duas
543 5418 696 5507 marcas,
723 5419 765 5489 de
793 5420 861 5490 alia
888 5441 970 5491 uero
997 5422 1184 5494 medietate
1210 5422 1345 5513 praedii
1372 5422 1520 5494 solvitur
1545 5419 1679 5492 decima
1696 5419 1805 5491 encle-

256 5537 327 5610 siae
354 5543 389 5608 et
416 5539 563 5628 plebano
589 5538 626 5607 in
653 5539 944 5632 Zyelyonhy3
972 5542 1069 5613 cuius
1096 5542 1194 5614 valor
1220 5543 1264 5614 ad
1291 5543 1376 5615 duas
1402 5562 1546 5614 marcas.

365 5659 666 5750 Wrrnuowrczs,
692 5661 776 5730 villa
794 5658 1041 5751 subparochia
1060 5664 1102 5735 de
1128 5662 1402 5756 Zyelyonhy
1429 5663 1507 5753 sita,
1533 5662 1630 5733 cuius
1648 5662 1807 5752 proprie-

257 5786 313 5853 tas
341 5781 385 5851 ad
413 5780 601 5870 capitulum
629 5779 858 5853 Cracoviense
885 5784 1045 5876 pertinet.
1073 5785 1112 5854 In
1141 5805 1209 5874 qua
1235 5789 1417 5866 suntocto
1445 5783 1537 5855 lanei
1563 5782 1807 5872 cmethonales,

258 5903 300 5974 de
329 5903 452 5993 quibus
479 5902 672 5973 decimatur
689 5890 840 5974 vicariae
868 5904 1085 5993 praebendae
1108 5903 1361 5996 Gracoviensis,
1389 5925 1477 5995 quae
1503 5909 1649 5977 vocatur
1666 5902 1808 5993 Zyraw·
1835 5934 1837 5939 ’

259 6023 333 6112 ska,
360 6028 395 6093 et
421 6024 520 6094 valor
547 6025 621 6094 eius
649 6024 693 6094 ad
719 6029 797 6095 octo
825 6044 968 6094 marcas
1012 6025 1100 6094 Item
1127 6030 1182 6095 est
1208 6025 1257 6096 ibi
1284 6025 1466 6116 praedium
1502 6030 1538 6096 et
1563 6044 1633 6095 una
1659 6025 1809 6096 taberna

257 6143 389 6215 habens
417 6164 528 6233 agros
559 6144 601 6214 dc
630 6143 759 6233 quibus
786 6144 962 6234 praelatus
989 6165 1113 6234 regens
1140 6146 1258 6217 uillam
1293 6146 1387 6217 tohit
1413 6146 1589 6217 decimam.
1681 6186 1684 6195 ·

363 6261 505 6353 Gonnn,
534 6263 616 6334 villa
642 6266 706 6336 sub
733 6266 898 6355 parochia
925 6265 967 6336 de
994 6264 1278 6358 Zyclyonlry,
1297 6267 1402 6338 cuius
1428 6267 1625 6357 proprietas
1643 6265 1688 6336 ad
1706 6286 1808 6358 prac-

257 6382 404 6467 bendarn
431 6383 702 6475 Cracoriensem,
730 6407 817 6479 quae
844 6383 1043 6459 Gorcczslra
1070 6386 1197 6460 dicitur
1223 6389 1385 6479 pertinet.
1413 6387 1455 6458 In
1474 6407 1541 6478 qua
1556 6393 1640 6458 sunt
1658 6391 1809 6478 quatuor
