4200 8342
289 1632 335 1713 18

386 1843 531 1937 Capella
565 1842 769 1919 Sanctorum
803 1840 977 1918 Matthaei
1005 1849 1042 1916 et
1068 1839 1241 1937 Matthiae
1277 1840 1526 1934 Apostolorum
1562 1839 1687 1915 honori
1714 1840 1836 1933 dicata,

281 1974 318 2041 et
334 1988 407 2058 ,per
437 1966 647 2039 Stauislaum
681 1966 772 2061 Ray
806 1967 849 2038 de
884 1965 1139 2057 Kobylany,
1175 1973 1260 2037 tunc
1294 1965 1476 2056 plebanum
1512 1964 1633 2037 Sancti
1669 1963 1838 2054 Stephani

281 2106 380 2160 muro
406 2086 591 2178 fabricata,
620 2088 717 2161 cuius
733 2093 780 2160 ct
807 2088 928 2159 altaris
945 2087 982 2158 in
1001 2107 1043 2158 ea
1061 2088 1283 2159 consistentis
1307 2091 1476 2183 patronus
1504 2086 1685 2177 episcopus
1713 2083 1837 2157 craco-

282 2209 410 2280 viensis
432 2220 501 2300 ‘pro
528 2216 710 2341 tenporqs
739 2207 832 2301 quod
859 2208 970 2280 altare
996 2208 1104 2279 habet
1131 2207 1392 2299 quatuordecim
1419 2226 1554 2280 marcas
1581 2206 1689 2278 annui
1716 2227 1836 2278 census

285 2330 320 2400 in
347 2329 434 2402 villa
458 2318 838 2425 Dobyesl'awiczc
857 2329 921 2400 sub
948 2329 1113 2420 parochia
1139 2329 1183 2401 de
1202 2384 1209 2399 .
1228 2383 1236 2399 .
1255 2383 1281 2419 .,
1299 2328 1358 2419 qui
1385 2348 1508 2400 census
1535 2348 1599 2419 per
1624 2324 1835 2400 stanislaum

283 2449 376 2541 Ray
401 2448 615 2541 praelatum,
642 2454 679 2521 et
704 2471 786 2525 suas
812 2451 993 2541 pecunias,
1025 2457 1062 2523 et
1089 2470 1169 2523 suos
1182 2455 1418 2540 ··executores,
1454 2448 1650 2521 Johaunem
1676 2448 1837 2520 videlicet

284 2550 586 2663 Rzeschownkp
603 2570 803 2683 coponicum
822 2568 1093 2661 Gracoviensem,
1113 2570 1322 2642 Stauislaum
1341 2571 1434 2661 Rey
1450 2570 1636 2660 plebanum
1653 2568 1690 2640 iu
1708 2568 1836 2640 Prze-

284 2691 456 2783 mqlrovv
500 2668 720 2795 decretiiissm
768 2691 962 2782 doctorem,
1009 2697 1045 2764 et
1088 2691 1296 2764 Stauislaum
1333 2691 1377 2762 de
1413 2690 1646 2781 Sczcgliu·
1671 2690 1836 2762 vicarium

283 2802 488 2915 perpetuam
515 2810 795 2904 cracoviensem,
831 2834 894 2904 pro
921 2813 1079 2885 ducentis
1107 2813 1356 2904 quinquaginta
1382 2812 1508 2884 marcis
1534 2810 1628 2902 apud
1651 2810 1835 2884 Nicolaum

264 2920 556 3024 'Bnczynsky
581 2933 765 3007 haeredem
794 2934 896 3006 villae
923 2934 1324 3025 Dobyeslawicze‚
1351 2933 1521 3005 Gasimiro
1548 2931 1836 3009 tertioPoloniae

283 3072 366 3144 rege
391 3053 582 3137 lihortauto
604 3056 658 3129 ἁ.
667 3055 923 3144 consentiente,
951 3060 1087 3145 emptus
1115 3059 1177 3126 est
1209 3054 1257 3125 Et
1282 3056 1389 3126 habet
1416 3073 1503 3127 onus
1528 3053 1668 3144 legendi
1694 3052 1836 3143 singulis

156 3224 158 3237 .
283 3170 484 3264 septimanis
511 3175 547 3245 in
573 3162 947 3266 praefata'dapellaot
965 3176 1039 3246 eius
1058 3175 1161 3246 altari
1189 3181 1264 3247 tres
1288 3176 1436 3266 missas,
1453 3194 1556 3247 unum
1583 3174 1639 3245 dic
1667 3157 1836 3245 dominica

245 3282 250 3293 ’
285 3293 328 3365 de
355 3293 536 3385 Apostolis
563 3295 721 3385 patronis
748 3295 930 3381 Matthaeo
967 3295 1128 3367 videlicet
1154 3302 1189 3367 et
1216 3296 1386 3386 Matthia,
1422 3295 1569 3367 alteram
1595 3294 1767 3371 sabbatho
1793 3294 1834 3364 dc

284 3413 398 3485 Beata
422 3413 588 3505 Virgine,
615 3413 835 3488 tentantem
854 3416 1041 3507 tertiapro
1061 3415 1249 3507 damnetis,
1277 3423 1313 3489 et
1331 3416 1511 3508 signanter
1537 3415 1694 3506 praelato
1722 3413 1835 3485 Stami-

285 3533 359 3607 slao
387 3532 479 3627 Ray
505 3533 699 3607 fundatore.
1814 3564 1816 3569 ·

176 3680 182 3690 ⁸
251 3649 254 3654 ’
389 3654 513 3727 Altero
533 3654 744 3728 -Sanetorum
770 3657 868 3729 Petri
895 3663 931 3728 et
957 3656 1060 3729 Pauli
1086 3658 1335 3748 Apostolorum
1362 3658 1398 3728 in
1425 3657 1572 3729 ccclesia
1601 3655 1634 3728 S.
1660 3654 1835 3746 Stephani,

287 3796 386 3847 secus
423 3777 614 3849 sacrarium
650 3778 685 3848 iu
713 3779 839 3869 angulo
874 3778 1111 3868 meridionali,
1147 3779 1244 3850 cuius
1279 3778 1440 3849 altarista
1475 3784 1529 3850 est
1564 3777 1760 3849 Stanislaus
1795 3775 1835 3846 de

284 3896 523 3988 SczeglIn,
551 3898 649 3970 cuius
667 3897 860 3970 Stauislaus
877 3899 1001 3970 Duru
1012 3900 1059 3971 ik
1086 3900 1171 3975 civis
1190 3898 1427 3971 cracoviensis
1445 3904 1482 3970 et
1500 3899 1554 3970 sui
1570 3898 1835 3988 propinquiores

284 4022 365 4088 sunt
389 4017 615 4108 patrem=Et
641 4019 748 4091 habet
774 4014 898 4091 no'vem
923 4041 1059 4092 marcas
1085 4041 1150 4111 pro
1169 4010 1284 4092 annuo
1312 4039 1417 4092 ceusu
1444 4020 1488 4092 de
1511 4024 1661 4110 quatuor
1687 4018 1836 4109 piscinis,

214 4116 219 4127 ¹
283 4156 371 4227 quae
396 4143 566 4210 vocantur
592 4138 927 4230 Szwidniczar,
954 4141 1047 4212 eirca
1074 4162 1160 4232 quas
1187 4146 1241 4212 ost
1266 4142 1389 4212 hortus
1408 4147 1444 4213 et
1462 4141 1588 4215 domam
1603 4146 1648 4212 et
1662 4139 1832 4212 balneum

238 4278 241 4283 ·
282 4262 319 4329 et
335 4260 454 4348 turris,
481 4260 525 4330 de
544 4261 669 4349 quibus
688 4261 846 4334 omuibus
864 4260 1043 4333 Johanues
1071 4260 1299 4334 clethnar
1325 4263 1411 4333 civis
1429 4260 1667 4339 Gracovleun's
1685 4258 1834 4332 tenendo
1884 4342 1887 4347 ¹

165 4366 171 4373 ’
281 4397 333 4468 ea,
360 4379 464 4451 solvit
489 4379 594 4452 altari
620 4379 779 4471 praelato
806 4381 953 4472 singvdis
978 4382 1078 4453 annis
1113 4402 1235 4454 novem
1257 4403 1399 4455 marcas
1434 4403 1499 4473 pro
1526 4396 1649 4473 meu,
1685 4381 1744 4471 qui
1771 4400 1834 4472 pro

282 4498 449 4571 trecentis
476 4500 589 4572 minus
615 4500 741 4591 viginti
766 4501 916 4591 florenis,
944 4502 987 4573 de
1013 4496 1169 4593 pecuniis
1197 4504 1238 4574 N.
1265 4504 1499 4575 Hirsberlr
1524 4482 1728 4581 ¹&rectoris
1752 4501 1836 4574 cra·

282 4619 462 4710 coviensis,
488 4620 533 4691 ad
558 4619 796 4693 fundationem
823 4623 1021 4694 huiusmodi
1049 4623 1175 4695 altaris
1197 4630 1335 4716 emptus
1355 4631 1418 4714 est,
1446 4624 1605 4695 altarista
1631 4629 1748 4694 autem
1768 4623 1838 4697 sin-

207 4818 220 4837 *
280 4739 372 4829 gulis
399 4740 601 4830 septimanis
627 4748 768 4813 tenetur
794 4742 880 4814 duas
899 4745 1022 4816 missas
1049 4765 1113 4834 pro
1132 4744 1303 4818 defunctis
1330 4752 1367 4817 et
1394 4746 1574 4836 signanter
1600 4764 1664 4835 pro
1684 4743 1836 4834 praelati

224 4842 235 4857 ⁴
282 4858 670 4954 Hirsberlrauima,
696 4862 823 4953 legere.
1769 4855 1774 4865 ’

396 5235 399 5238 ’
440 5242 631 5349 Ecnlaala
663 5246 847 5345 Sanctae
881 5248 1041 5330 Mariae
1076 5248 1351 5354 magdalenae
1385 5251 1424 5331 in
1457 5246 1678 5332 cracovila.

384 5466 542 5542 Ecclesia
568 5466 724 5559 praelata
751 5467 898 5560 Sanctae
925 5469 1062 5542 Mariae
1088 5470 1320 5562 Magdalenae
1352 5471 1457 5543 iuxta
1484 5471 1668 5562 collegium
1695 5473 1837 5543 iurista-

281 5608 357 5661 rum
385 5591 461 5681 sita
487 5597 526 5662 et
553 5590 764 5661 monasterio
791 5592 1103 5663 sanctimonialium
1133 5591 1251 5663 Sancti
1280 5592 1442 5664 Andreae
1469 5591 1702 5684 confroutata,
1738 5594 1836 5663 cuius

281 5712 542 5800 iuspatronatus
570 5710 613 5781 ad
640 5711 827 5800 magistros
855 5717 892 5782 et
918 5711 1078 5784 domoras
1105 5714 1342 5785 universitatis
1370 5714 1475 5784 studii
1502 5713 1743 5787 Oracoviensis
1766 5712 1836 5784 col·

282 5831 364 5920 legii
391 5832 596 5904 artistarum
623 5831 785 5922 pertinet,
813 5832 873 5921 qui
900 5831 970 5905 illis
988 5887 996 5902 .
1015 5888 1023 5904 .
1042 5887 1076 5904 ..
1406 5814 1408 5819 ¹

384 5951 617 6044 Wmczrczn,
644 5952 730 6025 villa
757 5953 1050 6042 praestimonialis
1078 5954 1221 6044 capituli
1239 5952 1488 6044 cracoviensis,
1516 5955 1579 6025 sub
1598 5955 1765 6043 parochia
1792 5954 1835 6025 de

282 6069 462 6141 Ruscza
487 6072 572 6162 sita,
609 6072 645 6144 in
674 6084 742 6164 qua
769 6075 851 6145 suut
876 6072 1023 6145 sedecim
1051 6074 1144 6145 lanei
1170 6074 1423 6165 omethonales,
1456 6075 1539 6146 item
1565 6075 1734 6149 tabernae
1759 6050 1834 6145 trec

281 6189 450 6261 habentes
476 6210 588 6281 agros,
615 6193 698 6263 item
725 6199 859 6283 septem
885 6194 1104 6267 hortulauiae
1130 6195 1298 6266 habentes
1325 6216 1437 6286 agros,
1465 6196 1506 6267 de
1535 6196 1660 6286 quibus
1686 6195 1834 6268 solvitur

281 6318 318 6381 et
345 6310 549 6383 conducitur
575 6310 710 6382 decima
735 6315 961 6404 manipularis
979 6321 1015 6386 et
1033 6315 1208 6405 canapalis
1227 6336 1290 6405 pro
1309 6316 1508 6405 praehenda
1526 6322 1564 6387 et
1580 6315 1833 6408 praebendario

247 6420 428 6503 *Sanctae
463 6431 600 6503 Mariae
635 6430 865 6522 Magdaleuae
900 6437 936 6506 iu
973 6434 1220 6527 cracovia,
1255 6441 1292 6506 et
1317 6436 1416 6509 valor
1433 6437 1522 6509 ¹eius
1558 6438 1764 6509 aestimatur
1789 6435 1833 6508 ad

282 6549 406 6641 viginti
432 6571 578 6642 marcas3
606 6553 689 6624 item
716 6556 770 6624 est
796 6554 845 6624 ibi
872 6556 1050 6646 praedium
1078 6556 1289 6647 capitulana
1324 6556 1457 6649 amplos
1476 6552 1616 6655 habena
1641 6572 1755 6651 agnos,
1789 6557 1832 6629 de
