4200 8342
705 1959 948 2045 Decanatus
980 1959 1035 2042 de
1068 1957 1363 2068 Ozarnoozyu.

894 2202 1174 2275 Dzrnaznszru.
1664 2181 1704 2247 ⁰

360 2341 467 2432 Villa,
492 2342 627 2417 hahens
653 2342 689 2412 in
717 2362 755 2413 se
781 2340 1015 2433 parochialem
1042 2339 1224 2412 ecclesiam
1251 2338 1398 2411 Sanctae
1420 2336 1555 2410 Mariae
1581 2336 1810 2429 Magdalenae

259 2464 416 2554 dimum,
444 2464 542 2535 cuius
569 2463 694 2535 haeres
713 2463 895 2555 episcopus
913 2461 1152 2539 Oracoriensis
1170 2482 1234 2552 pro
1252 2466 1417 2551 tempore,
1445 2462 1479 2531 in
1498 2481 1568 2552 qua
1585 2467 1667 2533 snut
1685 2462 1809 2551 viginti

259 2606 347 2657 unus
372 2585 466 2657 lanei
483 2582 726 2673 cmcthonales,
752 2584 836 2655 item
854 2585 1021 2654 tabernae
1039 2582 1137 2673 duae,
1164 2582 1333 2653 hahentes
1350 2602 1464 2672 agros,
1491 2583 1574 2652 item
1592 2582 1810 2654 hortulauiae

258 2711 341 2796 tres,
367 2705 538 2777 hahentes
564 2725 678 2797 agrae,
705 2704 749 2775 de
771 2706 896 2796 quihus
914 2704 1073 2776 omnihus
1100 2702 1249 2775 solvitur
1266 2708 1303 2774 ct
1321 2701 1526 2774 conducitur
1552 2703 1685 2775 decima
1702 2705 1812 2776 mani·

260 2826 393 2918 pulcris
420 2832 457 2897 ct
483 2826 658 2917 cauapalis
692 2846 757 2917 pro
785 2825 930 2897 ecclesia
956 2825 991 2895 in
1018 2824 1322 2896 chrzaszna
1361 2824 1450 2895 Item
1477 2828 1532 2896 cst
1558 2824 1607 2896 ibi
1633 2825 1812 2915 praedium

259 2947 456 3038 episcopale
483 2947 644 3039 amplum,
671 2946 805 3019 hahens
831 2967 956 3037 agroS,
978 2945 1142 3017 videlicet
1168 2951 1300 3037 septem
1327 2944 1456 3036 laneos,
1483 2945 1526 3016 de
1553 2946 1678 3037 quibus
1705 2947 1811 3018 etiarn

259 3069 407 3141 solvitur
432 3069 567 3169 decima
593 3068 820 3159 manipularis
846 3090 911 3159 pro
943 3067 1089 3140 ecclesia
1124 3067 1160 3138 in
1195 3067 1511 3158 Dzerzaszna,
1546 3073 1582 3139 et
1609 3067 1709 3138 valor
1735 3067 1810 3138 eius

258 3191 464 3262 aestimatur
490 3189 536 3261 ad
558 3190 710 3281 ¹triginta
735 3194 881 3261 marcas:

360 3311 577 3400 Suscmczu,
611 3310 696 3387 villa
721 3312 786 3383 suh
813 3311 978 3401 parochia
1005 3309 1048 3381 de
1075 3308 1408 3401 szerzaszna
1442 3309 1528 3398 sita,
1563 3310 1660 3381 cuius
1687 3310 1811 3381 haeres

257 3431 437 3504 Johanucs
473 3410 755 3523 Gzyzowshy
791 3431 834 3502 de
860 3432 966 3503 armis
1001 3430 1292 3522 Polukozpa,
1328 3431 1363 3501 in
1391 3451 1460 3521 qua
1485 3436 1567 3502 sunt
1601 3430 1693 3503 lanei
1720 3452 1811 3503 crue·

257 3553 428 3643 thonales,
456 3554 540 3625 item
566 3553 742 3643 tabernae,
769 3553 853 3624 item
880 3552 1065 3642 hortulani,
1095 3552 1138 3623 de
1165 3553 1290 3643 quihus
1317 3552 1477 3624 omnibus
1503 3552 1651 3624 solvitur
1677 3558 1713 3625 et
1731 3574 1812 3625 con·

257 3675 398 3746 ducitur
423 3673 557 3746 decima
582 3673 808 3763 manipularis
827 3679 865 3745 et
882 3673 1059 3762 cauapalis
1076 3672 1294 3763 praebendae
1312 3671 1543 3763 Craccuiensi,
1562 3695 1650 3766 quae
1669 3680 1813 3747 vocatur

257 3795 533 3888 Doyasdouslra
559 3797 642 3866 item
660 3801 714 3868 cst
733 3794 915 3886 praedium
942 3793 1001 3883 ihi,
1026 3793 1071 3865 de
1089 3795 1186 3865 cuins
1213 3794 1481 3883 agris-solvitur
1507 3794 1641 3868 decima
1667 3797 1702 3867 in
1726 3851 1815 3880 ...,

362 3914 552 4007 Mannum,
580 3915 664 3987 villa
682 3916 746 3988 sub
765 3916 931 4007 parochia
947 3915 991 3987 de
1008 3913 1302 3987 chrzasana
1328 3917 1406 4006 sita,
1434 3917 1469 3987 in
1488 3937 1558 4007 qua
1574 3918 1666 3988 nunc
1683 3917 1811 3992 solum·

258 4036 361 4108 modo
387 4037 567 4127 praedium
595 4042 659 4127 est,
687 4036 779 4127 quod
806 4036 955 4109 decimat
980 4036 1016 4108 in
1035 4090 1178 4107 ......

363 4156 578 4250 Quascnrm
604 4159 688 4231 villa
706 4154 771 4231 s'nb
789 4159 956 4250 parochia
981 4158 1025 4230 de
1042 4157 1367 4249 Dzyerzaszua
1392 4157 1470 4250 sita
1498 4161 1596 4232 cuius
1614 4160 1813 4233 haereditas

258 4279 303 4350 ad
330 4280 529 4371 episcopum
557 4278 839 4371 cracoviensem,
875 4284 911 4351 ct
937 4300 1002 4373 pro
1029 4279 1099 4351 alia
1125 4286 1226 4370 parte
1261 4279 1306 4350 ad
1332 4279 1568 4371 praepositum
1596 4279 1814 4354 Scarbimiri-
1910 4336 1915 4346 .

258 4421 385 4487 ensem,
413 4403 449 4472 in
476 4422 545 4493 qua
572 4407 653 4472 sunt
679 4401 747 4473 dno
775 4422 851 4472 cnm
878 4402 991 4472 medio
1017 4401 1109 4472 lanei
1137 4400 1370 4472 cmethonales
1397 4401 1441 4473 ad
1469 4403 1717 4503 praepositum,
1745 4403 1814 4477 duo

259 4522 304 4594 ad
330 4524 531 4613 episcopum
557 4524 794 4613 pertinentem
828 4522 911 4595 item
946 4524 1115 4594 tabernae
1149 4544 1219 4595 nou
1246 4530 1347 4611 suut3
1383 4509 1466 4594 item
1495 4524 1714 4597 hortulaniae
1741 4532 1814 4597 tres

258 4643 303 4715 ad
328 4645 581 4735 praepositum,
616 4644 660 4716 de
686 4644 812 4736 quihus
838 4645 998 4717 omnihus
1025 4644 1174 4718 solvitur
1200 4650 1237 4715 et
1264 4645 1468 4717 conducitur
1495 4645 1628 4741 decima
1654 4648 1813 4737 manipn-

258 4765 343 4836 laris
378 4771 415 4838 et
450 4766 626 4857 cauapalis
661 4785 725 4859 pro
753 4767 905 4857 capitulo
942 4764 1182 4857 Gracoviensi,
1217 4770 1253 4837 ct
1283 4766 1382 4839 valor
1417 4768 1491 4839 eius
1526 4766 1732 4839 aestimatur
1767 4768 1813 4839 ad

259 4886 376 4958 decem
404 4906 550 4959 marcas
918 4908 922 4913 ·

361 5003 570 5099 Kuruwur,
596 5008 681 5081 villa
697 5009 762 5081 sub
780 5009 945 5099 parochia
972 5005 1015 5080 de
1032 5007 1362 5100 Dzyerzaszna
1388 5009 1464 5100 sita,
1493 5009 1590 5081 cuins
1616 5011 1814 5101 proprietas

262 5127 304 5200 ad
331 5130 569 5221 praepositum
583 5129 903 5203 Scarbimirienscm
930 5130 1091 5221 pertinet,
1118 5131 1153 5201 in
1173 5152 1241 5222 qua
1259 5135 1341 5202 sunt
1366 5136 1516 5222 quatuor
1540 5131 1634 5204 lanei
1661 5133 1815 5204 cmetho-

263 5251 368 5340 nales,
395 5252 479 5322 item
505 5250 725 5324 hortulaniae
752 5252 851 5342 dnae,
877 5250 1047 5324 habentes
1075 5272 1188 5343 agros,
1216 5234 1400 5344 dequibus
1428 5254 1587 5345 omnihus
1613 5254 1762 5327 'solvitur
1779 5260 1816 5327 et

262 5371 464 5444 conducitur
500 5373 634 5445 decima
668 5373 894 5464 manipularis
921 5379 957 5445 et
984 5373 1160 5463 cauapalis
1195 5395 1259 5464 pro
1286 5372 1493 5446 scholastria
1527 5373 1815 5466 Scarbimiriensi,
1907 5466 1910 5473 Ι

261 5498 294 5562 ct
317 5493 418 5565 valor
444 5495 520 5567 eius
547 5486 822 5566 aestimatur'ad
848 5501 927 5567 octo
960 5515 1114 5584 marcas;
1151 5496 1233 5566 item
1261 5501 1314 5567 est
1340 5497 1389 5567 ihi
1415 5497 1615 5588 praedium,
1642 5497 1685 5569 de
1715 5499 1813 5569 cuius

263 5617 353 5704 agris
381 5615 578 5688 decimatur
598 5618 872 5707 vicepraeposito
901 5615 1188 5689 Scarbimiriensi.
1355 5604 1357 5608 ’
1669 5613 1674 5625 “

362 5736 497 5829 Sunon,
524 5738 609 5810 villa
635 5740 699 5810 suh
726 5739 893 5829 parochia
918 5737 962 5809 de
988 5738 1286 5811 Dzerzaszna
1312 5739 1399 5832 sita,
1434 5741 1531 5813 cuius
1557 5740 1682 5812 haeres
1708 5740 1814 5830 Aegi·

263 5856 336 5929 dius
363 5856 598 5951 Sudolslry
623 5859 668 5931 de
686 5860 793 5932 armis
819 5857 1066 5951 Habdank‚
1094 5860 1129 5931 in
1148 5882 1218 5952 qua
1240 5862 1322 5935 sunt
1347 5862 1439 5933 lanei
1463 5860 1705 5950 cmethonalea
1732 5860 1816 5933 item

262 5978 440 6068 praedium
466 5980 627 6072 militare,
654 5981 698 6053 de
723 5980 849 6073 ipnihus
877 5981 1036 6053 omnibus
1064 5981 1211 6054 solvitur
1237 5982 1371 6053 decima
1396 5980 1623 6071 manipularis
1650 5987 1687 6053 et
1713 6002 1816 6054 cana·

262 6100 347 6191 palis
382 6121 446 6192 pro
482 6103 630 6174 ecclesia
664 6103 856 6195 parochiali
892 6104 928 6174 in
959 6103 1272 6193 Dzerzaszna,
1308 6109 1345 6174 et
1379 6102 1478 6175 valor
1512 6102 1586 6174 eius
1618 6103 1662 6174 ad
1698 6103 1817 6177 decern

262 6223 464 6295 aestimatur
491 6244 643 6316 marcae,
670 6229 812 6316 praeter
836 6224 976 6297 tertiam
1003 6232 1138 6317 partem
1165 6224 1317 6317 praedii,
1345 6223 1388 6296 de
1416 6245 1484 6316 qua
1510 6224 1657 6297 solvitur
1684 6226 1817 6299 decima

261 6342 427 6417 acclesiae·
451 6345 487 6417 in
513 6345 782 6438 Xyaguicze
808 6367 917 6438 prope
945 6326 1215 6440 Polanyecz.

365 6449 596 6560 Danaum,
622 6468 706 6541 villa
723 6468 788 6541 sub
805 6469 972 6561 parochia
997 6468 1162 6540 molesios
1181 6467 1224 6539 de
1242 6467 1429 6542 Stradow
1455 6470 1540 6563 sita,
1568 6470 1665 6541 cuius
1691 6470 1816 6543 haeres

253 6582 770 6687 &bqwlluhyaakpda
781 6588 889 6681 arnis
902 6588 1113 6682 Hahdanlr,
1131 6590 1167 6660 in
1185 6610 1253 6682 qua
1269 6596 1352 6687 sunt
1369 6572 1558 6705 empna
1571 6588 1816 6691 amethouales,

243 6756 246 6761 .
362 6750 414 6803 u
879 6758 891 6789 ,ι
1630 6732 1649 6793 9
