4200 8342
1667 1623 1742 1695 237

184 1845 364 1896 annexum
390 1831 445 1897 est
469 1826 642 1917 hospitale
660 1826 697 1897 in
715 1825 836 1898 eodem
854 1825 991 1917 oppido,
1019 1826 1181 1916 pertinet.
1207 1827 1248 1896 In
1267 1846 1336 1918 qua
1362 1832 1443 1899 sunt
1468 1827 1561 1900 lanei
1588 1829 1740 1901 cmetho-

183 1945 305 2036 nales,
333 1946 376 2017 de
403 1947 529 2037 quibus
555 1946 703 2019 solvitur
721 2000 915 2017 ........
916 1973 920 1984 ·
953 1947 1040 2018 Item
1071 1952 1126 2018 est
1151 1947 1200 2018 ibi
1227 1947 1426 2038 praedium,
1452 1948 1495 2019 de
1523 1949 1620 2020 cuius
1646 1950 1741 2040 agris

185 2065 339 2137 solvitur
364 2066 499 2138 decima
531 2067 760 2157 manipularis
796 2066 960 2139 ecclesiae
987 2067 1023 2138 in
1051 2067 1305 2158 wanyczna
1340 2068 1484 2159 schya,
1520 2069 1617 2142 cuius
1644 2069 1744 2141 valor

186 2184 233 2258 ad
261 2185 349 2258 duas
375 2206 510 2259 marcas
536 2188 749 2259 aestimatur.

292 2304 573 2397 Gosruwuczn,
601 2307 683 2378 villa
700 2308 764 2380 suh
783 2307 948 2399 parochia
965 2307 1009 2380 de
1027 2307 1285 2399 Pothgrodze
1303 2309 1389 2399 sita,
1416 2310 1513 2381 cuius
1540 2311 1738 2401 proprietas

190 2428 236 2500 ad
262 2427 521 2501 serenissimum
557 2428 722 2500 Pelopiae
757 2448 874 2518 regem
907 2429 1070 2519 pertinet.
1110 2430 1150 2500 In
1178 2450 1246 2519 qua
1273 2435 1355 2501 sunt
1381 2430 1471 2500 lanei
1498 2430 1741 2522 cmethonales,

189 2548 233 2620 de
268 2550 396 2640 quibus
430 2548 579 2620 solvitur
614 2548 747 2621 decima
782 2547 1006 2639 manipularis
1041 2550 1202 2641 episcopo
1238 2548 1479 2640 Cracoviensi,
1512 2551 1609 2622 culus
1644 2552 1743 2623 valor

188 2669 397 2751 aestimatur
423 2670 468 2742 ad
494 2670 619 2761 viginti
654 2674 802 2761 quatuor
837 2691 981 2742 marcas.
1024 2670 1113 2743 Item
1149 2675 1203 2742 est
1228 2670 1277 2742 ihi
1304 2670 1484 2761 praedium
1519 2671 1671 2761 regium,
1698 2671 1741 2742 de

189 2811 258 2881 quo
277 2789 473 2863 decimatur
498 2789 663 2862 ecclesiae
681 2789 718 2863 in
735 2789 901 2883 wany
912 2811 1023 2866 cana
1048 2791 1207 2883 schya,
1235 2791 1331 2863 amus
1349 2792 1448 2865 ralor
1466 2791 1509 2864 ad
1528 2813 1588 2866 sex
1606 2811 1741 2865 marcas

189 2910 404 2984 aesdmathr.

188 3018 200 3049 *
848 3032 1086 3105 Danaaown.

298 3151 394 3223 Villa
420 3152 551 3225 habens
577 3154 613 3225 in
640 3174 678 3225 se
705 3153 882 3226 ecclesiam
909 3155 1161 3245 parochialem,
1188 3156 1223 3225 in
1249 3155 1417 3226 honorem
1435 3206 1550 3226 .....
1576 3153 1748 3245 dimtam,

188 3275 288 3346 cuius
314 3273 512 3364 proprietas
530 3273 579 3344 ad-
592 3275 840 3346 monasterium
867 3275 986 3347 Sancti
1011 3274 1162 3366 Spiritus
1179 3274 1223 3348 de
1246 3295 1350 3347 nova
1375 3272 1554 3346 Sandecz
1579 3274 1740 3365 pertinet.
1821 3314 1823 3316 v

183 3394 224 3467 In
252 3415 323 3486 qua
348 3399 430 3467 sant
454 3394 546 3467 lanei
572 3394 814 3468 amathonales.
833 3450 840 3466 .
859 3450 893 3467 ..

806 3558 810 3567 ·
874 3516 1051 3588 Boaowa

287 3635 463 3727 Oppidum
496 3637 630 3709 habens
665 3637 846 3708 ecclesiam
880 3636 1113 3727 parochialem
1147 3638 1184 3708 in
1211 3656 1248 3708 se
1274 3637 1464 3729 lapideam,
1501 3638 1736 3709 inhonorem

183 3754 344 3829 Omnium
358 3756 562 3829 Sanctorum
575 3756 735 3848 dicatam,
749 3755 846 3828 cuius
859 3757 1053 3848 proprietas
1062 3757 1107 3828 ad
1117 3756 1298 3830 Nicolaum
1310 3757 1504 3831 Johannem
1521 3764 1559 3830 ct
1572 3755 1736 3850 Gycthlca

186 3877 361 3950 dedomo
398 3875 591 3949 Gnidonum
626 3878 759 3950 nobiles
793 3877 956 3968 pertinet.
991 3878 1031 3949 ln
1060 3898 1128 3969 quo
1154 3883 1237 3950 sunt
1262 3877 1354 3949 lanei
1390 3877 1659 3970 oppidanorum,
1695 3879 1738 3951 dc

185 3999 313 4090 quibus
339 3999 498 4070 omuibus
525 3998 672 4071 solvitur
698 4005 735 4070 et
763 3997 968 4071 conducitur
1002 3998 1137 4070 decIma
1162 3999 1385 4091 manipularis
1411 4004 1448 4070 et
1472 4000 1647 4090 canapalis
1673 4022 1738 4090 pro

185 4121 389 4212 episcopatu
415 4118 655 4211 Gracoviensi,
691 4120 788 4191 cuius
815 4119 913 4192 valor
941 4120 1146 4192 aestimatur
1172 4120 1217 4192 ad
1244 4117 1438 4210 quindecim
1473 4129 1616 4192 marcas.
1652 4119 1738 4192 Pro·

185 4247 311 4314 ventus
338 4244 454 4312 autem
481 4241 588 4312 habet
621 4240 835 4331 huiusmodi,
872 4261 1012 4313 censum
1047 4240 1209 4313 videIIcet
1235 4241 1295 4332 qui
1321 4246 1465 4313 vocatur
1499 4236 1648 4331 dolone,
1674 4261 1739 4331 pro

185 4382 253 4454 quo
273 4361 421 4453 quilibet
446 4360 490 4433 de
515 4361 616 4434 laneo
643 4366 781 4434 tenetur
812 4362 976 4435 ecclesIae
1002 4367 1039 4434 et
1065 4363 1214 4453 plebano
1249 4361 1383 4435 solvere
1410 4361 1562 4434 medium
1589 4362 1739 4433 alteram

185 4504 356 4574 possum.
383 4482 472 4556 Item
498 4487 580 4555 sunt
596 4483 772 4557 ineodem
790 4483 915 4574 oppido
935 4482 1003 4557 duo
1021 4483 1196 4574 oratoria,
1223 4503 1285 4556 seu
1302 4483 1391 4556 duae
1410 4482 1575 4556 ecclesiae
1593 4482 1740 4574 ligneae

185 4623 254 4678 una
279 4603 430 4676 Sanctae
456 4604 627 4694 Zophiae‚
653 4603 767 4676 altera
792 4602 939 4677 Sanctae
966 4602 1087 4677 Crucis
1112 4605 1238 4677 honori
1264 4602 1409 4676 dicatae.
1490 4660 1493 4665 .

235 4724 468 4815 .·Brmnnn,
504 4725 588 4797 villa
623 4725 687 4797 sub
723 4725 889 4815 parochia
923 4725 966 4796 dc
1001 4726 1199 4798 Bobowa
1234 4726 1311 4796 sita.
1351 4725 1392 4797 In
1429 4743 1498 4815 qua
1533 4728 1614 4796 sunt
1647 4722 1739 4794 lanei

187 4844 439 4934 nethonalee,
474 4844 517 4917 de
554 4865 700 4936 quorum
734 4845 921 4918 medietate
959 4846 1152 4920 decimatur
1184 4844 1351 4917 ecclesiae
1377 4845 1414 4917 in
1441 4843 1739 4934 Szedlyszka3

187 4964 227 5038 de
253 4966 370 5039 altera
395 4986 479 5038 vero
505 4965 692 5038 medietate
710 4965 872 5057 episcopo
890 4963 1130 5055 Gracoriensi,
1157 4965 1254 5036 cuius
1271 4964 1370 5036 valor
1387 4964 1593 5036 aestimatur
1611 4962 1709 5033 ad..·.
1721 4987 1740 5053 .;

186 5085 267 5159 item
295 5091 351 5158 est
376 5086 556 5177 praedium
583 5086 650 5177 ibi,
677 5088 720 5159 de
738 5088 835 5159 cuius
853 5087 948 5178 agris
974 5086 1168 5158 decimatur
1193 5085 1359 5158 ecclesIae
1385 5086 1422 5157 in
1448 5083 1740 5171 Szedliszka·

288 5206 478 5296 Sanosun,
510 5207 593 5279 villa
618 5208 683 5280 sub
709 5207 875 5298 parochia
892 5207 1139 5280 de'Bobowa
1159 5207 1251 5296 'slta‚
1278 5207 1375 5278 cuius
1393 5205 1561 5281 haeredes
1586 5205 1740 5278 lacobus
1828 5211 1830 5213 ’

183 5327 479 5420 Trzeczaszky.
505 5328 547 5399 In
569 5349 638 5419 qua
664 5334 745 5400 sunt
771 5328 863 5400 lanei
889 5328 1142 5419 cmethonales,
1168 5328 1211 5400 de
1239 5328 1362 5419 quibus
1390 5326 1523 5401 decima
1548 5327 1739 5418 pecunialis

180 5449 228 5521 de
255 5449 358 5521 laneo
393 5468 457 5539 per
491 5471 597 5521 unum
631 5448 802 5522 fertonem
836 5450 987 5522 latomm
1022 5469 1234 5540 grossorum.
1270 5449 1359 5520 Item
1395 5453 1449 5521 est
1482 5448 1532 5520 ihi
1559 5447 1739 5539 praedium

176 5590 310 5659 unum3
338 5568 381 5641 de
408 5590 475 5661 quo
503 5570 635 5642 decima
662 5570 826 5643 ecclesiae
852 5577 890 5644 et
916 5571 990 5643 cius
1016 5572 1164 5666 plebano
1191 5571 1227 5643 in
1254 5568 1452 5643 Bobowa
1477 5569 1635 5643 solvitur.

273 5700 276 5705 ’
850 5691 1080 5768 monna.
1226 5730 1228 5735 ·
1278 5680 1279 5683 ‘

289 5811 385 5884 Villa
403 5813 439 5884 in
457 5813 757 5885 montealtissimo
777 5814 857 5902 sita,
875 5813 1007 5886 habens
1020 5814 1057 5884 in
1076 5834 1114 5885 se
1132 5812 1364 5904 parochialem
1382 5812 1562 5917 ecclesiam
1579 5811 1738 5901 ligneam,

179 5934 333 6007 Sanctae
359 5931 568 6018 Gatherinae
603 5933 771 6023 dicatam,
807 5933 905 6005 cuius
931 5934 1101 6006 haeredes
1136 5930 1535 6026 Schykowschczy
1562 5931 1606 6004 de
1631 5933 1738 6004 armis

181 6054 411 6146 Drnzyna.
436 6054 478 6124 In
497 6074 565 6145 qua
591 6060 673 6126 sunt
690 6055 782 6126 lanei
801 6055 1052 6144 emethonales,
1079 6055 1162 6125 item
1187 6054 1374 6142 tabernae,
1398 6052 1483 6137 item
1509 6052 1738 6143 hortulaniae,

183 6174 227 6248 de
256 6175 382 6266 quibus
419 6174 582 6247 solvitur-
602 6175 735 6247 decima
753 6229 760 6244 .
779 6229 786 6245 .
806 6229 839 6245 ..
874 6174 963 6247 Item
989 6175 1157 6266 plebanus
1183 6179 1220 6246 et
1245 6173 1390 6246 ecclesia
1424 6173 1532 6246 habet
1557 6173 1608 6248 ibi
1634 6194 1738 6266 agros

182 6314 323 6388 pannon,
349 6315 414 6386 pro
441 6316 504 6369 sno
530 6316 596 6367 usu
622 6301 659 6368 et
684 6296 901 6369 necessItate.

861 6415 1065 6490 Oncnawn.

291 6536 387 6616 Villa
422 6537 554 6616 habeus
589 6537 625 6616 in
661 6557 699 6617 se
734 6537 912 6611 ecclesiam
946 6536 1178 6639 parochialem
1213 6536 1381 6639 ligneam,
1420 6538 1548 6615 Sancto
1582 6536 1738 6619 mnino
1863 6482 1866 6491 Ι
