4200 8342
254 1596 257 1600 ’
309 1626 386 1696 (ιο

306 1841 387 1906 sulit
413 1834 503 1905 lanei
531 1831 771 1920 cmothonaleS,
799 1830 841 1902 dc
870 1830 993 1920 quibus
1020 1829 1168 1901 solvitur
1195 1835 1230 1900 ct
1257 1828 1462 1900 conducitur
1480 1827 1614 1899 ‹lecima
1634 1829 1864 1920 manipularis

306 1961 342 2027 et
368 1954 542 2044 canapalis
569 1975 632 2043 pro
661 1951 862 2043 episcopatu
890 1951 1130 2039 cracoviensi,
1167 1957 1203 2021 et
1230 1950 1328 2021 valor
1355 1951 1429 2022 eius
1457 1950 1660 2021 aestimatur
1687 1949 1732 2054 ad
1761 1951 1863 2041 quin-

306 2099 371 2168 que
398 2095 542 2146 marcas.
569 2075 657 2145 Item
685 2081 738 2146 est
765 2096 870 2146 riuum
893 2074 1074 2166 praedium
1093 2073 1252 2161 militaro,
1272 2072 1314 2143 de
1334 2073 1430 2144 cuius
1449 2071 1543 2164 agris
1563 2070 1709 2144 solvitur
1728 2071 1862 2144 decima

213 2230 217 2236 ·
304 2198 529 2289 manipularis
557 2195 723 2269 ecelesiae
750 2197 785 2266 in
812 2195 1165 2288 tlpathou'pecz,
1194 2200 1228 2265 et
1255 2193 1353 2265 valor
1380 2193 1454 2265 eius
1482 2193 1686 2266 aestimatur
1715 2192 1759 2266 ad
1785 2199 1862 2267 tres

305 2339 450 2394 marcas.
1633 2305 1637 2324 '

410 2441 655 2530 Pncseurczn,
684 2439 767 2510 villa
785 2438 847 2508 sub
872 2436 1038 2527 liorochia
1057 2436 1221 2507 ecclesiae
1241 2436 1283 2507 de
1302 2437 1641 2530 tlpathnuyecz
1667 2437 1744 2527 sita,
1762 2435 1862 2540 cuipp
1889 2461 1892 2468 ·

305 2566 429 2636 haeres
457 2561 634 2633 Johannes
661 2559 951 2650 Pausziczlcp
979 2558 1150 2630 dedomo
1178 2558 1337 2630 ltozae.
1378 2559 1418 2629 ln
1446 2579 1514 2649 qua
1541 2563 1622 2630 sunt
1648 2558 1740 2630 lanei
1767 2579 1862 2628 eme·
1914 2545 1918 2552 ’

306 2684 483 2772 (1((ιι(1((,
509 2683 592 2754 item
627 2684 812 2770 tabernae,
840 2681 922 2752 item
957 2681 1195 2770 hortulaniae,
1224 2680 1266 2750 dc
1303 2681 1427 2770 quibus
1463 2680 1621 2752 erunibus
1649 2680 1796 2752 solvitur
1824 2685 1862 2750 et
1897 2659 1900 2666 ¹

308 2806 511 2878 conducitur
538 2804 671 2875 decima
697 2800 922 2894 manipularis
950 2807 985 2872 et
1012 2802 1186 2891 canapalis
1208 2823 1273 2891 pro
1292 2801 1494 2892 episcopatu
1513 2800 1743 2890 Cracoviensi,
1762 2800 1861 2871 euius

306 2927 404 2998 valor
431 2926 634 2996 aestimatur
653 2925 706 2995 Ι((1
733 2929 811 2995 octo
838 2943 982 2996 mareas.
1010 2924 1097 2994 ltem
1125 2930 1177 2994 cst
1205 2924 1252 2994 ibi
1280 2924 1462 3014 praedium
1481 2923 1618 2994 unicum
1637 2923 1798 3011 militare,
1817 2922 1860 2992 de.

306 3050 402 3120 cuius
429 3049 524 3140 agris
551 3046 742 3118 decimatur
769 3047 804 3116 in
832 3045 1188 3136 Opathoupeez,
1216 3053 1251 3116 et
1279 3047 1375 3118 valor
1404 3045 1555 3117 decimae
1583 3045 1787 3118 aestimatur
1815 3043 1859 3119 ad

305 3177 378 3243 tres
405 3190 549 3241 marcas.

410 3291 568 3380 Uaczrn,
595 3290 678 3361 ((11(
705 3291 768 3360 sub
797 3290 962 3379 parochia
980 3287 1022 3359 de
1041 3293 1103 3379 Op
1114 3291 1189 3360 ath
1201 3315 1220 3360 o
1232 3312 1261 3360 u
1270 3311 1378 3380 yecz
1405 3290 1482 3380 sita,
1502 3290 1599 3360 euius
1618 3290 1741 3361 haeres
1760 3288 1862 3360 Var-

305 3413 465 3486 schius
502 3413 545 3482 de
582 3412 686 3481 arnus
725 3411 866 3481 Raua.
906 3410 946 3480 ln
975 3431 1043 3500 qua
1070 3417 1151 3482 sumt
1177 3411 1266 3482 lanei
1295 3411 1547 3502 emethenaleS,
1574 3412 1654 3482 item
1682 3412 1861 3502 tabernae,

305 3536 388 3614 item
415 3532 642 3621 hortulaniae,
670 3532 712 3602 dc
740 3532 864 3621 quibus
892 3531 1050 3602 omnibus
1078 3532 1224 3604 solvitur
1251 3540 1285 3603 et
1314 3533 1517 3605 conducitur
1544 3532 1676 3603 decima
1703 3534 1862 3623 manipu-

305 3656 390 3725 laris
428 3659 464 3724 et
491 3653 666 3743 canapalis
702 3675 765 3743 pro
802 3652 1004 3742 episcopatu
1031 3651 1267 3745 cracoviensi,
1296 3661 1331 3726 et
1359 3655 1456 3726 iralor
1483 3655 1556 3726 eius
1583 3655 1787 3726 aestimatur
1816 3655 1863 3726 ((1

306 3781 384 3856 octo
421 3796 565 3846 marcas.
605 3775 692 3844 Item
730 3775 854 3872 estin
891 3774 1009 3845 eadem
1047 3775 1129 3846 villa
1160 3777 1338 3865 praedium
1365 3777 1531 3865 militaro,
1560 3779 1595 3847 ct
1621 3797 1710 3847 unus
1737 3776 1861 3846 laneus

306 3897 542 3986 emethonalis,
571 3896 628 3987 qui
656 3895 827 3986 quiondam
856 3894 969 3967 luerat
996 3897 1192 3987 praedialis,
1220 3897 1263 3968 dc
1287 3897 1411 3987 quihus
1431 3898 1578 3967 solvitur
1597 3896 1733 3967 docimo
1751 3898 1863 3968 eecle-

306 4019 377 4090 siae
405 4019 440 4089 in
468 4017 816 4108 Opathou'yocz,
844 4018 940 4088 curius
967 4018 1066 4090 valor
1094 4019 1299 4088 aestimatur
1326 4018 1369 4088 ad
1399 4025 1548 4108 quatuor
1575 4037 1717 4089 mareau.

409 4141 526 4210 Villae
553 4140 787 4230 parochiales:
815 4140 976 4230 oppidani
1004 4138 1357 4230 (iliathnuyecz,
1384 4139 1697 4230 Vischegrod,
1726 4140 1862 4212 Urzu-

305 4262 396 4350 thi,
421 4259 675 4352 Oobyelya,
711 4260 916 4350 llassnu',
944 4260 1311 4350 hlistrzouiene,
1338 4260 1535 4350 Proslra,
1562 4260 1859 4353 Pauschicne,

305 4381 770 4472 Byenpaschouicze,
798 4382 992 4473 Usczye,
1020 4383 1434 4474 llzempanauiczc,
1462 4382 1861 4474 Chrestheuicze,

307 4501 743 4592 (thlalibogouioze,
770 4503 1063 4595 lirasznyow,
1091 4504 1379 4596 Bishupicze.

521 4807 524 4811 Α
1006 4729 1156 4801 lloeew.

409 4849 504 4922 Villa
530 4850 662 4922 habens
689 4850 724 4920 in
753 4870 790 4921 se
817 4851 1051 4940 parochialem
1079 4852 1258 4924 ecclesiam
1285 4853 1443 4944 ligneam,
1472 4853 1598 4925 Sancto
1618 4908 1625 4923 .
1645 4909 1651 4924 .
1672 4909 1678 4923 .
1697 4853 1859 4944 dicatam,

306 4993 407 5062 quom
444 4971 653 5043 Hinezka
693 4971 735 5042 de
771 4972 983 5063 Roslzou,
1020 4978 1102 5046 tune
1137 4975 1234 5065 regni
1262 4974 1426 5046 Poloniae
1454 4961 1786 5065 vicethesamarius,
1814 4975 1858 5046 (1(

304 5115 472 5165 consensu
499 5093 636 5184 plebani
664 5094 699 5164 in
727 5093 1074 5196 Opathowyecz,
1101 5096 1181 5167 dato
1210 5096 1276 5167 sibi
1303 5117 1386 5186 agre
1415 5097 1581 5186 praedioli
1600 5099 1635 5168 in
1654 5118 1858 5189 recompen-

307 5237 391 5304 sam,
419 5213 518 5285 miles
546 5216 588 5285 de
616 5215 717 5286 domo
746 5195 1039 5305 llzpaloseha
1064 5217 1236 5306 fundarit,
1265 5219 1361 5288 euius
1389 5240 1478 5288 nunc
1506 5220 1628 5290 haeres
1647 5220 1858 5290 ltosutehins

306 5335 584 5426 Sprowszky
611 5335 654 5405 de
682 5335 782 5406 domo
810 5336 1131 5426 Odrowansch,
1159 5345 1193 5408 et
1220 5339 1372 5410 eiusdem
1401 5339 1565 5410 ecclesiae
1592 5342 1712 5412 unicus
1738 5347 1859 5431 patre·

304 5479 378 5527 nus.
407 5445 459 5525 ln
475 5476 542 5544 qua
568 5463 650 5526 sulit
675 5457 767 5527 lanei
796 5459 1039 5547 cmethonalos‘,
1068 5458 1110 5528 de
1139 5458 1262 5548 quibus
1281 5459 1428 5532 solvitur
1447 5466 1483 5532 et
1501 5460 1705 5532 conducitur
1722 5461 1858 5532 decima

305 5577 528 5670 manipularis
556 5583 590 5646 et
617 5579 792 5667 cenapolis
820 5600 883 5668 pro
911 5580 1113 5672 episcopatu
1141 5579 1367 5670 Oracoriensi,
1387 5587 1422 5652 et
1439 5583 1537 5653 valor
1555 5583 1629 5656 eius
1648 5583 1856 5656 aestimatur

304 5701 349 5772 ((1
377 5701 494 5772 (1(((ι(ι
521 5720 664 5772 marcac.
692 5700 780 5770 ltem
807 5707 860 5770 est
886 5701 934 5772 ibi
963 5699 1096 5772 decima
1122 5701 1316 5792 praedialis
1346 5723 1433 5793 quae
1462 5702 1608 5774 solvitur
1635 5705 1801 5778 eeclesiae
1820 5706 1858 5778 in

303 5821 658 5914 Opathewyecn,
686 5827 721 5894 et
749 5822 846 5892 ralor
875 5822 948 5892 eiius
976 5822 1179 5892 aestimatur
1199 5822 1242 5892 ((1
1262 5828 1334 5893 tres
1352 5843 1495 5894 mareas.
1523 5823 1610 5894 ltem
1629 5825 1733 5895 habet
1752 5845 1868 5920 agree

303 5944 498 6034 praediales
534 5945 644 6015 bonos
680 5949 716 6016 et
752 5941 819 6016 duo
856 5943 1217 6035 prata,item1mam
1246 5944 1426 6015 tabernam
1454 5946 1638 6034 habentem
1665 5967 1786 6037 agros,
1811 5945 1854 6018 de

306 6084 372 6156 qua
408 6063 553 6136 solvitur
589 6065 637 6136 illi
675 6087 744 6137 ιιιι(
779 6085 970 6156 sexagena,
1002 6085 1066 6154 pro
1102 6084 1216 6135 annuo
1244 6085 1356 6138 censu.
1397 6067 1484 6137 ltem
1510 6068 1616 6139 habet
1642 6068 1855 6158 piscaturam

210 6203 216 6214 ·
303 6185 447 6258 liberam
474 6185 630 6276 piscium,
657 6187 693 6259 (ιι
720 6189 797 6259 lacu
823 6186 1061 6278 Rogaviensi,
1080 6241 1113 6255 ..

970 6325 1193 6398 Besozezre.

405 6446 501 6518 Villa
526 6447 657 6520 habens
685 6447 863 6530 eeclesiam
889 6449 1139 6540 parochialem,
1167 6454 1263 6522 cocto
1290 6449 1400 6522 latere
1427 6470 1490 6541 per
1515 6447 1751 6522 Ostasium
1779 6451 1855 6524 eius

302 6564 486 6658 haeredem
513 6575 683 6662 muratam
709 6568 745 6642 iu
773 6587 820 6660 se,
847 6575 884 6642 et
909 6569 1037 6644 Sancto
1065 6569 1209 6644 Nieelee
1236 6571 1424 6670 confessori
1443 6571 1602 6644 dicatam.
1627 6572 1668 6644 ln
1687 6591 1755 6664 qua
1772 6579 1856 6662 sunt
