4200 8342
1736 1636 1805 1719 lat

257 1846 497 1921 cracoviensis
524 1846 700 1940 praelata,
736 1848 779 1919 de
806 1847 918 1919 altera
951 1870 1034 1921 vero
1071 1848 1257 1922 medietate
1291 1849 1440 1941 percipit
1475 1868 1551 1921 eam
1591 1851 1736 1923 ecclesia
1770 1855 1805 1925 iu
1903 1863 1906 1868 '

259 1968 576 2062 Byskupyczc.
653 1988 657 1997 “
1144 2055 1146 2058 v
1874 1956 1876 1964 ⁵

363 2090 584 2182 Scruomw,
620 2089 704 2161 villa
731 2090 795 2162 sub
821 2090 986 2181 parochia
1021 2075 1064 2161 de
1091 2089 1422 2183 Byszlrupycze
1447 2092 1526 2182 sita,
1552 2068 1649 2165 cuius
1681 2089 1804 2167 haeres

257 2211 401 2285 Greza
427 2211 471 2282 de
497 2211 599 2301 domo
618 2265 732 2281 .....
775 2211 816 2281 Iu
842 2206 912 2302 qua
938 2217 1019 2282 sunt
1045 2211 1138 2281 lanei
1164 2210 1398 2282 cmethouales
1433 2211 1478 2283 de
1504 2212 1628 2303 quibus
1655 2213 1803 2286 solvitar

258 2332 400 2405 decima
443 2331 534 2404 Item
560 2338 614 2404 est
641 2333 690 2403 ibi
717 2353 822 2402 unum
848 2332 1028 2424 praedium
1055 2331 1223 2423 militare,
1259 2331 1302 2403 de
1329 2353 1396 2422 quo
1422 2324 1615 2405 decimatur
1640 2335 1808 2407 ecclesiae

258 2456 296 2525 ct
320 2433 635 2543 eius'plcbauo'in
661 2452 979 2544 Byslrupycze.
1804 2450 1807 2454 ’

617 2702 621 2711 ·
741 2644 986 2739 Praebenda
1021 2649 1060 2726 in
1095 2646 1379 2753 Kobyerzin..

364 2814 461 2887 Haec
487 2804 686 2906 praebenda
712 2814 817 2887 altari
842 2815 879 2887 in
906 2813 1133 2888 cracoviensi
1159 2815 1303 2887 ecclesia
1328 2814 1427 2888 unita
1453 2821 1517 2909 est,
1542 2822 1579 2889 et
1595 2812 1719 2891 titulus
1736 2819 1811 2891 elus

262 2937 445 3010 extiuctus.
496 2936 499 2941 ’
663 2972 667 2979 ·
1564 2917 1566 2920 ’

487 3084 490 3091 ·
549 3043 565 3087 “”
622 3082 626 3089 ·
935 3055 1140 3129 ‘Sravvmm
1213 3098 1216 3109 ι

366 3174 539 3268 Oppidum
557 3166 697 3250 vhabens
723 3176 760 3247 iu
786 3196 823 3249 se
850 3176 1083 3267 parochialem
1119 3176 1299 3249 ecclesiam
1325 3177 1440 3268 lapide
1467 3172 1545 3250 albo
1572 3180 1744 3268 muratam
1776 3184 1813 3252 et

262 3300 297 3371 iu
324 3292 492 3371 honorem
518 3297 637 3370 Sancti
663 3297 828 3389 Spiritus*
841 3293 1009 3389 dicatam,
1046 3297 1149 3388 quod
1163 3318 1227 3388 per
1254 3293 1459 3371 crsimirum
1496 3288 1682 3390 secuudum
1708 3300 1810 3373 Polo-

262 3420 341 3491 niae
368 3439 506 3510 regem,
541 3420 665 3509 quiet
691 3425 844 3491 castrum
872 3423 907 3489 et
933 3418 1109 3490 civitatem
1142 3440 1239 3491 anno
1257 3418 1397 3491 Domini
1428 3420 1731 3513 machmam,
1767 3433 1810 3494 et

262 3541 377 3612 tribus
404 3540 496 3612 villis
521 3540 725 3612 monasterii
753 3526 977 3632 Tyuiczebsis
1003 3539 1185 3611 videlicet:¹
1218 3547 1366 3632 utraque
1394 3540 1604 3633 Babycze
1621 3548 1623 3553 '
1640 3542 1761 3614 veteri¹
1776 3538 1814 3616 et

263 3678 354 3733 nova
381 3667 418 3731 et
444 3680 487 3731 ex
512 3658 718 3750 Pyssary
742 3660 893 3731 locatum
921 3665 1001 3731 est:
1015 3658 1122 3731 Cuius
1148 3640 1344 3751 proprietas
1372 3661 1416 3732 ad
1444 3656 1603 3734 abbatem
1631 3670 1668 3734 et
1693 3672 1811 3734 mona·
1878 3741 1881 3751 ,

263 3782 408 3853 sterium
423 3771 659 3871 Thyncziense
684 3782 852 3871 pertinet,
878 3801 948 3852 nun
975 3800 1052 3851 cum
1071 3780 1146 3852 iure
1172 3780 1378 3872 patronatus
1404 3770 1570 3853 ecclesiae
1596 3778 1762 3874 eiusdem,
1776 3783 1812 3853 ld

263 3901 506 3993 Shawyna,
532 3922 620 3992 quae
648 3921 724 3972 cum
751 3886 954 3972 matresua
980 3901 1126 3972 ecclesia
1151 3902 1187 3971 in
1201 3890 1388 3992 'Ibynyccr
1414 3896 1582 3992 regimine
1608 3904 1645 3974 et
1671 3914 1755 3974 cura
1777 3906 1814 3974 et

263 4023 492 4115 proventibus
518 4023 618 4093 unita
638 4029 706 4093 est
732 4021 821 4094 Sunt
848 4029 964 4094 autem
992 4023 1028 4092 iu
1056 4017 1176 4093 eodem
1204 4021 1329 4110 oppido
1356 4033 1480 4093 novem
1506 4022 1598 4093 lanei
1623 4018 1814 4113 oppidano*

264 4163 352 4234 rum,
380 4142 423 4214 de
451 4143 574 4233 quibus
597 4141 746 4214 solvitur
772 4140 905 4213 decima
931 4142 1121 4231 pecunialis
1146 4141 1184 4212 iu
1210 4141 1292 4213 latis
1318 4142 1450 4232 grossls
1480 4138 1723 4236 Propontidos,
1749 4164 1813 4235 per

264 4282 371 4336 unum
399 4262 570 4336 fertonem
587 4278 652 4354 pro
678 4261 878 4353 praebenda
895 4259 1119 4333 cracoviensi
1145 4260 1238 4333 dicta
1257 4260 1461 4353 ‘Zyrawslra
1488 4269 1525 4334 et
1542 4269 1707 4336 tenentur
1733 4282 1812 4335 con-

266 4384 358 4457 sules
396 4384 514 4475 oppidi
543 4383 644 4468 illam
679 4378 896 4472 recolligere
916 4382 1017 4453 annis
1048 4381 1212 4473 siugulis,
1248 4386 1295 4454 ct·
1309 4403 1373 4471 pro
1399 4380 1505 4454 festo
1524 4380 1642 4454 Sancti
1668 4380 1815 4455 Martini

266 4505 402 4581 solvere
429 4502 668 4577 cracoviensis
693 4501 847 4574 eiusdem
875 4500 1093 4592 praebendae
1110 4502 1293 4574 canonico.
1319 4503 1409 4574 Item
1431 4503 1600 4592 plebanus
1619 4508 1654 4575 ct
1672 4498 1817 4575 ecclesia
1912 4591 1913 4594 Ἴ

266 4626 373 4698 babet
398 4625 449 4697 ibi
474 4624 635 4715 proprios
662 4642 766 4713 agros
792 4618 838 4694 et¹
853 4628 964 4713 prata
989 4644 1054 4713 pro
1074 4643 1137 4694 suo
1164 4645 1231 4695 usu
1257 4630 1292 4694 et
1318 4623 1535 4695 necessitate.
1560 4623 1650 4695 item
1669 4626 1749 4696 sdht
1766 4620 1816 4696 lhi

269 4748 345 4837 agri
363 4745 524 4817 advocati
551 4742 755 4835 praedices,
782 4743 967 4834 dequibus
995 4744 1142 4815 solvitur
1169 4743 1302 4815 decIma
1332 4742 1557 4835 manipularis
1589 4744 1753 4818 ecclcsiae
1780 4745 1816 4815 ln

268 4865 511 4957 Skawyna,
538 4865 636 4936 cuius
663 4864 762 4936 valor
788 4864 993 4936 aestimatur
1020 4865 1065 4936 ad
1092 4868 1242 4955 quatuor
1268 4885 1412 4937 marcas.

371 4986 621 5071 Serranam,
658 4968 742 5055 villa
768 4984 832 5056 sub
858 4985 1025 5076 parocbia
1051 4983 1094 5056 de
1120 4982 1335 5056 Skavina
1369 4986 1455 5076 slta,
1490 4987 1588 5058 cuius
1618 4987 1815 5078 proprietas

269 5107 311 5178 ad
338 5105 585 5178 monasterium
613 5107 835 5198 'l'hynczense
861 5105 1024 5195 pertinet
1058 5106 1099 5176 Iu
1127 5126 1195 5195 qua
1221 5115 1303 5176 sunt
1329 5127 1389 5177 sex
1416 5106 1637 5179 hortulaniae
1663 5109 1815 5180 cmetbo·

269 5228 383 5318 cales,
412 5228 472 5317 qui
497 5247 567 5298 non
594 5227 757 5299 dicuntur
782 5225 892 5313 lanei,
910 5225 981 5297 'scd
1008 5225 1248 5316 hortulouiae,
1279 5225 1474 5317 dequibus
1502 5229 1648 5300 solvitur
1675 5236 1710 5301 et
1737 5242 1817 5301 con-

271 5348 407 5420 ducitur
433 5338 567 5420 decIma
591 5345 817 5438 manipularis
843 5351 879 5417 et
904 5357 973 5418 non
1002 5346 1176 5437 canapalis
1204 5366 1267 5437 pro
1294 5349 1503 5448 monasterio
1531 5348 1756 5442 Thynczensi‚
1783 5359 1819 5422 et

271 5469 368 5541 valor
395 5469 470 5539 eius
497 5469 712 5540 aestimatur
727 5467 771 5538 ad
798 5472 949 5557 quatuor
974 5487 1118 5539 marcas.
1144 5467 1232 5539 Item
1251 5474 1305 5538 est
1331 5470 1379 5540 ibi
1406 5470 1583 5560 praedium
1611 5469 1818 5562 coenobiale,

273 5595 306 5661 et
331 5610 402 5661 oon
429 5588 534 5660 solvit
560 5588 672 5691 alicui
690 5588 867 5678 decimam,
895 5587 956 5660 sed
982 5608 1062 5660 eam
1088 5588 1167 5678 pro‘
1181 5607 1218 5658 so
1245 5588 1346 5660 tollit.

374 5709 585 5801 SarnzmA‚'
603 5708 687 5781 villa
713 5709 778 5782 sub
805 5709 970 5800 parochia
996 5708 1039 5780 de
1066 5707 1281 5781 Sira-vina
1307 5709 1393 5800 sita,
1429 5710 1526 5782 cuius
1552 5711 1749 5802 proprietas
1775 5692 1821 5781 ad

272 5830 520 5902 monasterium
547 5828 769 5921 'Ibynczense
794 5830 956 5922 pertinet
980 5831 1021 5901 In
1050 5849 1119 5921 qua
1146 5834 1228 5901 sunt
1245 5848 1306 5901 ser
1324 5830 1416 5901 lanei
1444 5831 1678 5902 cmetbonales
1696 5835 1733 5902 et
1749 5848 1821 5901 una

273 5951 420 6023 taberna
444 5949 577 6022 habens
604 5971 717 6041 agros,
743 5949 787 6021 de
814 5950 940 6040 quibus
966 5949 1144 6042 perceptio
1172 5933 1324 6020 decimae
1352 5950 1620 6038 diversificatum
1646 5970 1725 6020 nam
1751 5962 1820 6021 uno

274 6092 363 6144 auno
390 6070 434 6142 de
460 6070 645 6142 totavilla
676 6070 827 6160 percipit
862 6090 939 6143 eam
973 6068 1173 6162 praebenda
1200 6068 1439 6140 cracoviensis
1465 6069 1672 6161 Zyravska‚
1709 6070 1820 6143 altero

273 6191 423 6283 percipit
458 6198 534 6261 eam
559 6189 778 6281 praebendae
803 6187 1042 6263 cracoviensis
1068 6190 1219 6278 vicaria,
1256 6208 1343 6278 quae
1371 6189 1498 6261 dicitur
1525 6190 1742 6282 Thopolslra‚
1778 6190 1821 6262 de'

275 6310 447 6404 aliquibus
466 6311 693 6402 autem‘agris
710 6310 861 6401 percipit
887 6329 962 6382 eam
987 6308 1190 6400 praebenda
1207 6306 1445 6383 cracoviensis
1463 6309 1706 6383 Zokrzowska.
1731 6311 1821 6383 Item

275 6433 409 6506 suntin
427 6431 549 6504 eadem
575 6431 658 6504 villa
683 6430 784 6521 lanei,
812 6452 957 6521 quorum
974 6431 1173 6522 proprietas
1191 6430 1345 6519 pertinet
1363 6431 1408 6503 ad
1425 6432 1674 6524 proprietatem
1692 6429 1823 6502 altaris.

376 6550 664 6663 coravowrcza
690 6550 774 6626 villa
799 6555 864 6629 sub
891 6553 1056 6646 parochia
1082 6551 1127 6622 de
1154 6551 1368 6627 Skavina
1394 6554 1476 6647 sita,
1502 6553 1600 6626 onius
1626 6536 1824 6644 proprietas

377 6717 426 6761 ue
439 6719 537 6761 mnam.
554 6720 585 6762 ru
1541 6774 1543 6783 Ι
1622 6689 1659 6751 1'6
