4200 8342
1734 1640 1804 1712 149
1858 1698 1862 1709 .

260 1843 352 1915 lanei
378 1844 630 1933 cmethonales,
664 1844 749 1914 item
775 1863 845 1913 una
870 1843 1016 1915 taberna
1049 1843 1181 1914 habens
1207 1862 1327 1932 agros,
1364 1843 1449 1914 item
1483 1842 1662 1933 praedium
1687 1866 1806 1935 unum,
1903 1859 1908 1869 ·

259 1963 303 2036 de
329 1963 456 2055 quibus
482 1962 640 2035 omuibus
666 1962 857 2035 decimatur
882 1985 946 2054 pro
973 1963 1172 2054 praebenda
1197 1961 1418 2036 Oracoviensi
1445 1961 1651 2036 Goreczska.

516 2099 519 2103 ’
898 2064 1174 2167 Pazaunnrrow.

365 2204 462 2276 Villa
486 2204 586 2275 iuxta
604 2202 746 2276 fluvium
772 2203 908 2274 Visla
934 2205 1012 2294 sita,
1039 2205 1136 2275 cuius
1154 2204 1350 2294 proprietas
1368 2204 1413 2276 ad
1431 2206 1686 2278 serenissimum
1703 2207 1805 2279 Polo-

261 2326 342 2398 niae
369 2343 488 2415 regem
521 2322 691 2414 pertinet,
717 2343 739 2393 a
765 2344 833 2413 qua
859 2324 963 2395 etiam
997 2345 1068 2395 non
1101 2328 1234 2395 remote
1269 2324 1379 2395 currit
1412 2323 1536 2397 fluvius
1562 2326 1805 2417 Nidzicza,

260 2446 321 2537 qui
345 2450 478 2517 terram
493 2440 768 2517 ⁶0racoviensem
794 2464 816 2515 a
843 2442 1123 2534 Sandomiriensi,
1149 2449 1186 2516 et
1209 2443 1529 2517 archidiaconatum
1549 2444 1806 2546 Sandomnien-

260 2586 339 2639 sem
361 2580 390 2638 a'·
408 2564 651 2657 praepositura
668 2562 868 2637 Visliciensi
893 2564 1123 2652 disterminat,
1150 2568 1271 2655 estque
1299 2565 1397 2636 fimes
1416 2570 1452 2636 et
1467 2565 1676 2655 principium
1693 2568 1805 2637 archi-
1832 2564 1837 2569 ’

260 2686 469 2763 diacundm-
489 2684 738 2758 Gracodensis
763 2686 805 2755 In
832 2705 901 2775 qua
919 2690 973 2756 est
990 2684 1136 2755 ecclesia
1161 2685 1378 2774 parochialis,
1405 2705 1469 2775 per
1495 2685 1703 2757 Stanislaum
1720 2686 1804 2778 Ray
1901 2688 1905 2696 '

261 2807 306 2879 dc
331 2805 597 2897 Gubilnyky
631 2805 833 2877 canonicum
859 2802 1130 2876 Gracomensem·
1158 2804 1267 2875 latere
1302 2805 1388 2877 satis
1423 2806 1623 2877 notabiliter
1658 2812 1808 2896 murata,

262 2932 300 2999 et
322 2926 553 3019 inhonorem
579 2924 727 2997 Sanctae
753 2923 961 2996 Gatherinae
987 2924 1114 3014 dicata3
1141 2924 1238 2996 cuius
1264 2925 1460 3014 proprietas
1487 2930 1524 2997 et
1549 2925 1738 3001 dominium
1759 2927 1805 2999 ad

263 3046 520 3123 serenissimum
545 3044 710 3123 Poloniae
738 3049 855 3135 reg'em
880 3045 1042 3135 pertinet.
1069 3044 1110 3115 In
1137 3065 1205 3134 qua
1231 3050 1312 3117 sunt
1337 3044 1429 3116 lanei
1455 3046 1696 3137 cmethonales,
1722 3048 1806 3118 item

262 3166 442 3258 praedium
467 3165 607 3256 regium
627 3186 743 3255 uuum,
769 3166 854 3236 item
872 3164 1060 3254 tabernae,
1074 3166 1157 3236 item
1182 3165 1409 3255 hortulaniae,
1436 3166 1622 3256 dequibus
1646 3167 1806 3238 omnibus
1839 3200 1841 3204 ·

262 3287 413 3363 solvitur
439 3291 476 3357 ot
501 3284 705 3357 conducitur
740 3284 873 3357 decima
898 3278 1124 3375 manipularis
1151 3289 1195 3356 et.
1211 3285 1405 3375 casopolis,
1442 3305 1506 3375 pru
1533 3286 1678 3357 ecclesia
1703 3307 1805 3376 paru-

261 3406 366 3479 chiali
399 3411 437 3478 et
462 3406 542 3478 eius
570 3406 718 3497 plebano
754 3406 791 3476 in
818 3403 1173 3496 -Przamankow,
1208 3410 1248 3487 et,
1278 3405 1377 3478 valor
1411 3405 1485 3477 eius
1521 3406 1724 3479 aestimatur
1759 3408 1805 3479 ad

259 3526 386 3619 uiginti
412 3546 557 3597 marcas.
582 3526 673 3598 ltcm
698 3525 805 3601 babet
830 3525 879 3596 ibi
906 3525 1073 3616 plebanus
1099 3547 1205 3613 unum
1230 3525 1367 3598 laneum
1394 3545 1566 3616 agrorum,
1592 3547 1694 3618 quem
1720 3526 1805 3599 Vla-

256 3646 391 3719 dislaus
419 3646 588 3719 secundus
614 3645 780 3718 Poloniae
806 3664 869 3716 rex
895 3645 1086 3718 donaverat
1112 3645 1285 3737 ecclesiae,
1312 3646 1585 3737 adpetitionem
1612 3653 1649 3719 ct
1673 3647 1805 3720 instan·
1930 3714 1932 3717 .
1969 3710 1981 3731 ,

260 3767 536 3857 tiammagistri
570 3765 793 3855 Sczekne,
831 3771 915 3837 tunc
949 3766 1103 3838 eiusdem
1137 3766 1304 3838 ecclesiae
1339 3767 1496 3857 plebani,
1516 3768 1596 3839 sub
1623 3788 1663 3839 eo
1690 3772 1806 3839 amen

255 3908 378 3976 cume,
404 3892 445 3958 ut
470 3906 573 3959 unam
598 3887 741 3959 missam
771 3907 836 3977 pro
863 3885 977 3957 anima
1002 3884 1151 3976 praefati
1176 3885 1347 3957 Vladislai
1373 3888 1466 3976 regis
1492 3891 1529 3959 et
1554 3888 1695 3978 reginae
1722 3909 1806 3959 suae

259 4006 454 4097 Hcdwigis,
478 4005 645 4097 plebanus
672 4027 735 4097 pro
761 4010 917 4097 tempore
944 4006 1089 4097 singulis
1116 4006 1317 4095 septimanis
1343 4007 1445 4096 legat

262 4160 278 4191 -,
367 4126 515 4198 Wosra
540 4125 891 4217 PnzsnnnuowsrsA,
917 4126 1014 4198 villa·
1027 4126 1092 4198 sub
1118 4126 1283 4217 parochia
1309 4125 1474 4198 ecclesiae
1500 4126 1543 4198 de
1569 4126 1806 4199 Przcman-

256 4248 358 4319 lrow
384 4247 471 4336 sita,
506 4246 603 4319 cuius
629 4247 825 4337 proprietas
852 4247 898 4318 ad
924 4247 1190 4337 serenissimum.
1208 4245 1375 4331 Poloniae¹
1407 4266 1525 4336 regem
1559 4248 1719 4338 pertinet
1765 4247 1806 4318 ln

258 4387 331 4458 qua
357 4372 441 4438 sunt
467 4365 716 4456 septemlanci
743 4367 985 4457 cmethonales,
1012 4366 1056 4438 de
1083 4367 1208 4456 quibus
1222 4366 1383 4445 solvitur
1400 4371 1437 4438 et
1454 4366 1657 4439 conducitur
1675 4368 1808 4438 decima

261 4486 490 4577 manipularis
525 4493 579 4560 et·
595 4486 770 4577 canapalis
806 4506 870 4577 pro
897 4487 1043 4558 ecclesia
1077 4487 1113 4557 in
1147 4485 1491 4577 Przcmankow,
1529 4493 1566 4560 et
1599 4488 1699 4560 valor
1734 4488 1808 4559 eius

262 4607 467 4681 assumatur
493 4607 538 4679 ad
563 4612 696 4699 septem
721 4627 865 4679 marcas.
1149 4602 1151 4607 ’

366 4727 511 4827 Krarn,
545 4727 630 4799 villa
655 4728 719 4799 snb
745 4728 910 4819 parochia
926 4724 979 4817 de
1005 4726 1331 4800 Przomankow
1366 4729 1452 4818 sita,
1488 4721 1576 4818 quae
1603 4732 1657 4801 est
1681 4728 1806 4805 fundus

262 4846 648 4939 ecelesiastpraefatae.
691 4848 831 4939 Inque
865 4854 947 4919 sunt
981 4868 1043 4919 scr
1065 4849 1171 4919 lanei
1197 4847 1449 4937 cmethonales,
1484 4848 1530 4920 ad
1555 4848 1805 4938 proprietatem

263 4969 430 5041 ecclesiae
455 4969 680 5059 pertinentes,
707 4973 744 5043 et
770 4968 813 5040 de
840 4968 996 5059 quolibet
1020 4968 1120 5040 laneo
1144 4969 1290 5040 solvitur
1317 4967 1482 5039 ecclesiae
1507 4968 1545 5038 in
1569 4966 1807 5038 Praeman·

264 5090 366 5189 kow.
385 5108 450 5179 per
475 5088 564 5160 duos
588 5089 712 5161 choros
739 5088 848 5160 tritici
874 5095 910 5160 et
935 5109 999 5179 per
1025 5109 1087 5160 sex
1114 5108 1253 5178 avenae,
1281 5093 1316 5160 et
1334 5088 1421 5161 duos
1448 5087 1522 5160 dies
1551 5089 1588 5159 in
1615 5087 1808 5178 septimana

264 5209 437 5297 laborant,
463 5208 547 5281 item
573 5229 642 5281 non
669 5215 750 5281 sunt
776 5207 826 5278 ibi
851 5208 1026 5298 tabernae,
1054 5229 1123 5279 non
1150 5211 1203 5279 est
1228 5207 1421 5298 praedium,
1448 5228 1518 5280 non
1544 5213 1627 5280 sunt
1652 5206 1807 5280 hortula-

264 5330 350 5400 niae.
377 5329 465 5400 Item
492 5334 573 5401 sunt
598 5330 657 5403 ibi⁴
673 5350 735 5401 sex
760 5329 852 5399 lanei
878 5328 940 5400 alii
965 5329 1198 5400 cmethonales
1226 5329 1271 5400 ad
1296 5329 1597 5419 proprietatem..
1616 5382 1624 5399 .
1643 5382 1673 5399 ..
1700 5329 1838 5420 perti.

268 5456 408 5539 nentes,
443 5449 638 5541 dequibus
673 5450 819 5523 solvitur
846 5454 884 5521 et
907 5449 1111 5522 conducitur
1147 5449 1279 5521 decima
1313 5439 1537 5540 manipularis
1572 5454 1609 5521 et
1634 5449 1808 5538 canapalis

265 5590 328 5661 pro
343 5570 501 5641 ccclesia
526 5571 563 5642 in
589 5569 920 5642 Przemankow.
946 5571 1034 5641 Item
1061 5574 1115 5641 est
1132 5571 1168 5641 in
1186 5570 1307 5642 eadem
1333 5570 1417 5642 villa
1441 5568 1621 5661 praedium
1646 5570 1807 5659 militare,

268 5690 310 5763 de
336 5692 434 5763 cuius
462 5690 556 5781 agris
583 5689 774 5763 decimatur
799 5690 964 5763 ecclesiae
990 5690 1023 5762 S.
1049 5689 1173 5764 Jacobi
1200 5691 1236 5761 in
1264 5689 1520 5763 Oasimiria

370 5809 697 5902 Sraurssawrczs‚
723 5811 807 5882 villa
824 5811 888 5883 sub
906 5812 1072 5902 parochia
1089 5811 1132 5883 dc
1157 5810 1480 5883 Przcmankow
1506 5811 1585 5900 sita,
1611 5809 1708 5881 cuius
1725 5810 1808 5879 hae-

267 5931 403 6003 redes....
430 5929 563 6003 nobiles
590 5932 633 6003 de
659 5930 760 6003 domo
787 5930 969 6022 Prussy.
995 5932 1036 6003 In
1056 5953 1124 6022 qua
1141 5933 1223 6003 su'nt
1239 5931 1332 6003 lanei
1349 5931 1591 6020 cmethonales
1618 5927 1809 6019 dequibus

268 6051 414 6146 solvitur
439 6056 475 6122 ct
502 6050 705 6123 conducitur
732 6052 864 6124 decima
890 6054 1116 6144 manipularis
1143 6058 1179 6123 et
1205 6051 1380 6144 canapalis
1407 6050 1572 6122 ecclesiae
1599 6056 1636 6122 et
1661 6051 1808 6142 plebano
1899 6100 1906 6113 -

269 6170 301 6241 in
327 6171 675 6264 Przemankow,
702 6178 739 6244 et
763 6172 862 6244 valor
888 6173 962 6245 cius
990 6174 1194 6245 aestimatur
1220 6171 1266 6243 ad
1284 6223 1447 6242 .......

366 6291 662 6383 Mnsmowrczs,
689 6292 773 6364 villa
799 6294 863 6365 sub
890 6294 1056 6385 parochia
1082 6294 1124 6365 de
1143 6347 1151 6363 .
1169 6348 1177 6363 .
1196 6347 1203 6362 .
1222 6346 1230 6363 .
1248 6293 1329 6382 sita,
1357 6292 1454 6363 ouius
1481 6289 1649 6365 haeredes
1675 6292 1808 6364 nobiles
1906 6294 1908 6301 '

269 6408 437 6483 dedomo
465 6409 639 6505 Strepe.
683 6412 724 6484 ln
751 6433 818 6506 qua
844 6418 926 6487 sunt
952 6414 1043 6485 lanei
1071 6412 1319 6507 cmethonales,
1346 6413 1429 6486 item
1454 6411 1692 6506 hortulaniae,
1726 6411 1810 6485 item
1941 6439 1945 6447 ·
