4200 8342
260 1618 333 1689 140

144 1895 147 1901 ,
256 1822 487 1896 Melsthin
514 1819 600 1909 sita,
627 1818 723 1889 cuins
749 1817 873 1886 haeres
899 1813 990 1886 idem
1017 1813 1173 1905 Spytbek
1191 1811 1551 1905 Melschtinslry.
1577 1811 1619 1882 In
1637 1817 1802 1903 quasunt

256 1945 348 2017 lanei
375 1939 606 2014 cmethonales
632 1937 675 2008 de
702 1936 827 2027 quibus
852 1935 1037 2008 solvitur.
1064 1988 1072 2003 .
1100 1988 1108 2004 .

426 2138 428 2142 ,
841 2087 843 2091 ·
930 2056 1142 2128 Lruszurn.
1377 2155 1379 2157 ‚

361 2182 457 2254 Villa
481 2180 614 2252 babens
641 2180 677 2249 in
705 2198 742 2249 se
769 2176 948 2247 ecclesiam
966 2174 1199 2265 parochialem
1216 2172 1522 2279 ligneam-Sancto
1541 2173 1697 2247 Martino
1714 2174 1805 2246 dica·

256 2311 346 2394 tum,
373 2303 470 2374 ouius
504 2302 629 2371 haeres
664 2295 779 2387 Getlra
814 2295 1072 2386 Bokowsky
1099 2293 1142 2365 de
1168 2295 1275 2367 armis
1302 2349 1310 2364 .
1338 2349 1347 2364 .
1372 2348 1381 2365 .
1408 2349 1416 2365 .
1442 2295 1484 2367 In
1510 2315 1579 2386 qna
1607 2301 1691 2367 suut
1708 2286 1805 2367 'lanei

257 2422 507 2510 cmethonales,
535 2418 578 2490 de
614 2419 738 2510 quibus
775 2417 923 2488 solvitur
949 2416 1083 2486 decima
1109 2414 1299 2506 pecunialis
1326 2415 1487 2506 episcopo
1507 2412 1739 2486 'cracoviensi
1765 2415 1805 2486 de

259 2544 414 2637 quolibet
438 2543 539 2612 laneo
565 2561 628 2630 per
655 2594 663 2609 .
768 2538 856 2609 Item
882 2536 1050 2627 plebanus
1077 2541 1115 2608 et
1140 2536 1285 2607 ecclesia
1310 2535 1417 2608 habet
1442 2536 1492 2608 ibi
1517 2535 1679 2627 proprios
1705 2556 1805 2628 agros

258 2672 294 2736 et
319 2668 431 2755 prata,
457 2683 521 2753 pro
549 2682 610 2733 suo
637 2680 703 2732 usu
729 2666 766 2730 et
791 2657 1008 2729 necessitate.
1705 2724 1707 2729 ,

313 2820 319 2855 ;
361 2782 517 2873 Wourn,
544 2781 627 2853 villa
653 2780 717 2851 sub
743 2779 908 2870 parochia
930 2778 973 2850 de
991 2777 1205 2869 Lusznya
1230 2777 1308 2868 sita,
1327 2777 1423 2850 cuius
1440 2778 1566 2849 haeres
1583 2777 1677 2851 idem
1694 2774 1807 2850 Getlra

258 2904 526 2995 Bokowslry.
570 2902 610 2973 In
647 2922 715 2992 qua
750 2906 832 2971 sunt
866 2899 959 2971 lanei
993 2899 1246 2989 cmethonales,
1272 2899 1316 2971 de
1351 2898 1477 2990 quibus
1502 2898 1651 2971 solvitur
1677 2899 1808 2971 decima

259 3024 447 3116 pecunialis
473 3022 636 3113 episeopo
664 3018 884 3092 Gracoviensi
910 3039 973 3110 per
1000 3073 1008 3088 .
1036 3073 1043 3088 .
1072 3073 1079 3087 .
1109 3017 1199 3089 Item
1225 3024 1280 3090 est
1305 3018 1354 3090 ibi
1380 3039 1486 3090 unum
1512 3018 1695 3110 praedium
1722 3018 1806 3089 mili-

258 3150 343 3236 tare,
371 3144 414 3216 de
441 3143 537 3215 cuius
565 3141 665 3234 agris
686 3140 878 3223 decimatur
903 3140 1051 3229 plebano
1079 3139 1115 3215 in
1142 3138 1363 3230 Lusznya
1503 3182 1507 3189 -

929 3259 1141 3333 ernrczn.
1206 3308 1210 3315 -
1261 3247 1263 3251 ’

363 3367 536 3475 Oppidum
560 3381 692 3453 babens
718 3381 755 3453 in
782 3401 819 3452 se
846 3381 1026 3452 ecclesiam
1051 3378 1286 3471 parochialem
1312 3399 1411 3453 muro
1428 3379 1645 3471 fabricatam,
1663 3388 1700 3454 et
1718 3381 1808 3454 dira·

261 3513 333 3579 tam
361 3504 486 3576 Sancto
512 3502 686 3591 Andreae,
714 3502 809 3587 ouius
835 3502 1033 3592 proprietas
1059 3500 1104 3576 ad
1131 3501 1387 3572 serenissimum
1413 3500 1579 3573 Poloniae
1597 3523 1714 3593 regem
1733 3523 1809 3594 per·

260 3629 367 3715 tinet;
395 3627 492 3696 iuxta
518 3624 610 3714 quod
638 3622 800 3713 oppidum
827 3626 908 3694 sunt
935 3621 1023 3694 duae
1050 3621 1163 3712 villae,
1191 3642 1335 3712 quarum
1362 3642 1432 3693 una
1449 3627 1595 3695 vocatur
1622 3625 1808 3715 superior

259 3750 514 3839 Lypnycza,
541 3746 652 3816 altera
678 3743 774 3815 infe
788 3744 906 3833 rior,
932 3743 968 3814 in
996 3743 1122 3833 quibus
1148 3743 1240 3815 villis
1268 3750 1349 3815 sunt
1377 3748 1514 3817 centum
1540 3744 1633 3817 lanei
1660 3746 1809 3817 cmetho

260 3869 375 3958 nales‚
412 3867 454 3939 de
491 3867 615 3957 quibus
651 3866 809 3938 omnibus
845 3864 992 3936 solvitur
1028 3863 1161 3936 decima
1195 3864 1385 3956 pecunialis
1419 3886 1483 3956 per
1508 3887 1615 3938 unum
1640 3847 1809 3938 fertonem

261 3991 411 4075 latorum
437 4007 638 4079 grossorum
664 4006 728 4078 pro
756 3985 918 4077 episcopo
939 3983 1189 4075 ⁴Gronoviensi3
1207 3985 1367 4076 plebano
1394 4006 1477 4058 vero
1503 3987 1539 4057 in
1566 3986 1811 4079 Lypnycza

260 4112 399 4182 solvunt
426 4109 627 4201 octuaginta
652 4126 831 4181 mensuras
859 4107 1006 4197 siliginis
1033 4111 1071 4178 et
1097 4107 1243 4179 totidem
1271 4127 1402 4179 avenae
1428 4108 1564 4179 ratione
1581 4107 1745 4180 macto
1770 4110 1810 4181 In

120 4240 122 4244 ‘
260 4233 387 4323 oppido
414 4252 498 4302 vero
524 4230 693 4323 plebanus
719 4229 827 4301 habet
853 4225 983 4300 stobwe
1008 4246 1073 4318 per
1097 4227 1248 4299 medinm
1274 4249 1435 4319 grossum
1461 4229 1505 4302 de
1522 4211 1681 4321 quolibet
1698 4231 1812 4320 domo,

260 4352 367 4421 etde
395 4351 549 4442 quolibet
574 4349 752 4439 inquilino.
779 4349 867 4420 Item
893 4349 1062 4440 plebanus
1089 4353 1126 4421 et
1152 4349 1298 4421 ecclesia
1323 4350 1430 4423 babet
1455 4351 1504 4422 ibi
1531 4346 1629 4422 inita
1647 4351 1811 4442 oppidum

261 4473 348 4542 duos
382 4471 500 4541 laneos
537 4469 706 4560 proprios.
740 4470 829 4540 Item
855 4476 935 4560 post
962 4491 1065 4560 agros
1088 4469 1233 4542 domini.
1248 4469 1363 4545 Lucae
1390 4470 1550 4544 advocati
1575 4471 1812 4562 haereditarii,

260 4594 367 4663 habet
394 4591 560 4661 decimam
586 4591 845 4681 manipularem,
871 4591 1008 4662 valoris.
1027 4611 1222 4669 marcarum
1250 4646 1258 4662 .
1285 4646 1293 4662 .
1320 4646 1328 4662 .

365 4712 567 4802 Bonowrn,
596 4711 679 4782 villa
705 4712 769 4783 sub
795 4713 962 4803 parochia
988 4712 1224 4784 ecclesiae'de
1243 4713 1492 4804 Lypnyoza
1518 4714 1597 4805 sita,
1615 4713 1713 4787 cuins
1732 4735 1810 4806 pro-

260 4836 392 4926 prietas
420 4833 465 4904 ad
492 4855 608 4923 regem
635 4833 796 4923 pertinet.
822 4834 863 4904 In
891 4856 959 4924 qua
985 4839 1067 4905 sunt
1092 4834 1183 4905 lanei
1210 4812 1460 4925 cmethonales,
1486 4836 1529 4908 de
1556 4836 1681 4927 quibus
1708 4835 1811 4909 solvi·

263 4963 321 5027 tur
348 4955 485 5031 decima
506 4955 697 5046 pecunialis
732 4976 796 5045 pro
824 4957 985 5047 epIscopo
1012 4954 1243 5028 Oraooviensi.
1286 4955 1374 5027 Item
1402 4962 1457 5028 est
1483 4957 1533 5030 ibi
1559 4958 1720 5030 scoltetia
1746 4979 1812 5029 una

262 5076 393 5146 habens
431 5076 597 5167 speciales
624 5096 745 5166 agros,
773 5077 816 5147 de
844 5077 968 5167 quibus
995 5076 1129 5149 decima
1155 5077 1382 5168 manipularis
1400 5079 1558 5151 solvitur
1584 5077 1752 5159 ecclesiae
1779 5084 1813 5150 et

262 5196 409 5286 plebano
437 5196 512 5267 eius
539 5196 573 5266 in
600 5197 855 5288 Lypnycza,
883 5198 979 5269 cuius
1006 5198 1105 5268 valor
1132 5199 1338 5271 aestimatur
1365 5198 1409 5269 ad
1436 5253 1444 5269 .
1471 5253 1479 5269 .
1506 5253 1514 5269 .
1540 5198 1628 5271 Item
1645 5197 1812 5290 plebanus

262 5321 298 5387 et
324 5317 469 5387 ccclesia
493 5316 600 5387 habet
626 5316 755 5388 ibidem
782 5318 917 5389 ratione
944 5316 1104 5408 moechm,
1133 5319 1280 5409 siliginis
1307 5325 1341 5390 et
1364 5339 1494 5392 avenae
1512 5340 1533 5391 a
1551 5319 1707 5412 quolibet
1725 5342 1813 5392 cme-

262 5438 368 5508 thone
396 5457 459 5527 por
486 5491 494 5505 .
521 5488 565 5509 ‚c
1480 5422 1586 5567 ἕξ

954 5558 1129 5632 Gannow.
1537 5562 1546 5567 ”

366 5678 537 5768 Oppidum
563 5678 696 5750 babens
723 5680 759 5751 in
786 5701 824 5752 se
850 5682 1029 5753 ecclesiam
1056 5682 1289 5773 parochialem
1315 5687 1495 5773 muratam,
1523 5682 1671 5757 Sanctae
1689 5682 1813 5757 Gathe-

262 5802 359 5871 rinae
395 5801 567 5890 dicatam,
594 5802 691 5871 cuius
727 5804 924 5892 proprietas
959 5805 1004 5875 ad
1035 5804 1292 5876 serenissImum
1318 5795 1484 5877 Poloniae
1510 5826 1628 5897 regem
1654 5808 1813 5898 pertinet

262 5921 302 5991 In
330 5942 396 6010 quo
424 5926 504 5992 sunt
530 5921 640 6011 lanei,
669 5922 712 5993 de
740 5923 864 6012 quibus
891 5925 1024 5996 decima
1050 5924 1230 5996 fertonalis
1256 5926 1406 5997 latorum
1432 5943 1633 6016 grossorum
1660 5927 1704 5999 de
1730 5948 1813 6018 qua-

262 6042 347 6111 libet
374 6042 485 6132 domo‚
513 6043 674 6134 episcopo
702 6042 930 6116 Cracoviensi.
957 6045 1045 6116 Item
1073 6045 1123 6117 ibi
1149 6046 1289 6117 solvunt
1313 6033 1479 6118 mensalia
1504 6067 1568 6138 pro
1586 6047 1736 6139 plebano
1753 6069 1815 6140 per

263 6161 349 6233 duos
375 6182 515 6251 grossos
543 6164 585 6234 de
613 6165 714 6237 domo
742 6165 904 6256 quolibet.
931 6166 1019 6239 Item
1046 6165 1153 6237 habet
1179 6167 1229 6239 ibi
1252 6167 1398 6240 eeclesia
1416 6173 1452 6240 et
1468 6168 1637 6258 plebanus
1655 6171 1815 6261 proprios

264 6303 369 6373 agros
396 6289 432 6353 et
459 6289 570 6374 prata
597 6305 660 6374 pro
688 6307 750 6357 suo
777 6287 920 6376 praedio
948 6291 983 6358 et
1009 6287 1228 6359 necessitate.

365 6403 633 6495 Snrounnowa
661 6406 745 6477 villa
778 6407 841 6478 snb
868 6408 1034 6498 parochia
1061 6406 1103 6480 de
1122 6407 1315 6483 Grebow
1343 6402 1419 6501 sita,
1438 6410 1536 6483 ouius
1554 6411 1752 6502 proprietas
1770 6411 1815 6484 ad

261 6543 383 6647 regem
409 6526 568 6616 pertinet.
594 6526 635 6599 In
663 6547 732 6620 qua
758 6535 839 6600 sunt
864 6528 957 6600 lanei
983 6530 1225 6622 cmethonales,
1252 6530 1295 6603 de
1323 6531 1448 6623 quibus
1475 6531 1612 6607 decima
1626 6533 1816 6625 pecuniale
