4200 8342
284 1322 327 1373 se
354 1302 796 1393 parochialem-ccclesiam
823 1304 982 1395 ligneam,
1008 1305 1137 1379 Sancto
1165 1360 1304 1379 ......
1332 1308 1495 1403 dicatam,
1523 1314 1620 1386 euius
1648 1316 1846 1407 proprietas

281 1422 333 1495 ad
361 1424 613 1497 monasterium
639 1422 865 1497 Tbineziense
901 1427 1063 1516 pertinet.
1107 1428 1158 1499 Is·
1175 1450 1245 1519 qua
1271 1435 1364 1504 runt.
1377 1420 1470 1503 lanei
1497 1438 1575 1507 oete
1601 1437 1845 1528 emetbonales,

276 1546 372 1619 item
399 1546 644 1619 mamaeam
669 1544 801 1617 babens
827 1548 1071 1638 egres,.item
1098 1526 1316 1623 hortulaniae
1353 1558 1503 1642 quatuor
1536 1556 1704 1629 habentes
1731 1576 1844 1649 agros,

276 1664 500 1761 ‹ie-quibus·
523 1666 682 1759 omuibus
717 1666 866 1739 solvitur
900 1667 1035 1739 decima
1068 1670 1295 1759 manipularis
1322 1677 1359 1743 et
1385 1674 1559 1764 cauapalis
1595 1697 1659 1766 pro
1684 1672 1846 1769 'capitulo

280 1786 574 1879 (bracariensiet
586 1788 686 1860 valer
697 1787 774 1859 eius
788 1789 994 1860 aestimatur
1012 1788 1056 1861 ad
1076 1789 1256 1863 duodecim
1270 1812 1415 1881 marcas
1431 1794 1513 1865 item
1527 1801 1581 1866 est
1599 1797 1648 1868 ibi
1666 1799 1845 1886 praedium

281 1907 499 1999 coenobiale,
524 1908 568 1979 de
585 1908 683 1981 cuius
709 1909 804 1999 agris
821 1908 986 1981 ecelesiae
1005 1910 1195 2001 parochiali
1212 1912 1248 1982 in
1276 1912 1672 2003 oppathkowieze
1699 1918 1845 1990 solvitur

284 2028 436 2119 decima,
453 2034 490 2101 et
507 2030 699 2102 valor-eius
717 2030 921 2102 aestimatur
938 2030 981 2102 ad
1002 2038 1152 2121 quatuor
1170 2054 1312 2104 nrarcas
1339 2034 1428 2105 ltonn
1446 2035 1592 2107 ecelesia
1609 2038 1645 2107 in
1663 2037 1845 2129 Oppatlr-

283 2149 505 2255 kowioze·
524 2151 631 2222 babet
657 2152 707 2223 ibi
732 2152 893 2242 proprios
920 2172 1024 2242 agros
1050 2159 1087 2224 et
1109 2160 1222 2244 prata,
1248 2174 1312 2244 pro
1331 2176 1393 2226 suo
1411 2156 1556 2245 praedio
1574 2154 1843 2231 et'uecessitete.

395 2270 546 2360 Uunsm,
578 2272 665 2343 ¹villa
690 2273 756 2343 sub
783 2273 951 2361 parocbia
976 2272 1019 2343 de
1045 2275 1455 2365 oppatlrkowycze
1483 2277 1550 2347 sita
1576 2277 1675 2347 iuxta
1702 2280 1842 2350 lluvium

285 2392 554 2485 Dunayccz,
576 2393 678 2465 euius
704 2394 902 2484 proprietas
927 2393 972 2465 ad
999 2395 1246 2466 mornasterirnu
1274 2394 1495 2485 Tlryucuense
1523 2398 1683 2487 pertinet.
1710 2400 1749 2470 ln
1775 2424 1843 2491 quoa

289 2518 373 2585 sunt
393 2520 480 2587 -octo
505 2514 596 2585 lanei
622 2515 864 2603 emetbonalcs,
891 2515 976 2587 item
1003 2537 1072 2586 una
1100 2518 1245 2587 taberna
1271 2517 1404 2588 babens
1431 2537 1544 2608 agros,
1571 2518 1655 2590 item
1673 2541 1743 2591 nna
1761 2522 1843 2594 bor-

286 2634 422 2719 tnlanit
455 2634 587 2707 babens
627 2656 748 2726 agree,
784 2635 979 2726 dequibus
1015 2637 1174 2709 omnibus
1211 2637 1358 2709 solvitur
1393 2644 1429 2709 et
1464 2638 1669 2711 conducitur
1708 2641 1842 2713 decima

289 2755 516 2847 manipularis
542 2762 580 2827 et
606 2756 781 2846 canapalis
807 2778 872 2846 pro
900 2756 1052 2847 capitulo
1080 2758 1310 2847 Oraoovieusi,
1339 2759 1842 2835 euiusvalor·aesti1natnrad

289 2877 484 2967 quindecim
501 2898 646 2965 marcam
672 2878 757 2949 item
776 2879 955 2969 praedium
974 2901 1043 2951 non
1062 2884 1116 2951 est
1132 2880 1190 2968 ibi,
1218 2900 1330 2969 neque
1349 2880 1592 2969 molendinunn
1619 2882 1702 2953 item
1722 2883 1843 2956 eadem

292 3000 373 3071 nilla
398 2998 687 3073 columbationem
714 3006 751 3071 et
777 2999 956 3072 denarium
983 3000 1102 3073 Sancti
1120 3000 1217 3074 Petri
1244 3000 1360 3073 reddit
1387 3001 1551 3075 eeclesiae
1578 3003 1613 3073 in
1641 3002 1843 3095 Oppath-

290 3120 514 3213 kerpene.
1326 3197 1330 3203 .

388 3244 570 3332 Zmnnrn,
605 3241 689 3314 villa
715 3243 780 3314 sub
807 3243 972 3333 parocbia
998 3243 1041 3315 de
1078 3245 1482 3334 (lppathkowyeze
1518 3245 1605 3334 sita,
1632 3246 1730 3317 cuius
1758 3268 1838 3336 pro-

288 3366 418 3453 prietas
445 3364 491 3435 ad
517 3364 764 3435 monasterium
792 3362 1014 3453 Thp‘nezense
1049 3366 1209 3454 perlinat.
1255 3364 1294 3435 ln
1322 3385 1391 3453 qua
1426 3370 1507 3435 suut
1534 3384 1593 3435 sex
1629 3365 1720 3436 lanei
1747 3387 1839 3437 eme-

285 3482 467 3575 tbonalcs,
501 3486 584 3557 item
611 3506 681 3557 una
706 3484 854 3556 taberna
880 3486 1012 3555 babens
1039 3506 1161 3575 agroS,
1197 3485 1240 3555 de
1273 3484 1397 3574 quibus
1435 3485 1593 3556 omnibus
1630 3485 1777 3557 solvitur
1803 3493 1839 3557 et

282 3608 493 3681 conducitur
518 3606 652 3679 decima
677 3606 959 3696 manipularis-et
976 3606 1152 3696 canapalis
1178 3627 1242 3696 pro
1261 3605 1413 3696 capitulo
1432 3605 1663 3695 cracoviensi,
1690 3612 1726 3678 et
1743 3607 1840 3679 valor

274 3730 356 3803 eins
384 3728 595 3801 aestimatur
619 3727 666 3801 ad
691 3734 824 3819 septem
851 3748 1004 3819 marcas,
1038 3729 1123 3799 item
1149 3749 1218 3800 non
1245 3734 1299 3800 est
1325 3728 1375 3799 ibi
1401 3727 1590 3819 praedium,
1617 3748 1729 3819 neque
1757 3729 1839 3801 bor-

271 3852 453 3925 tulaniae.

385 3972 700 4060 Luezscuwnczn,
726 3934 809 4043 villa
836 3972 900 4043 sub
926 3972 1095 4061 parochia
1121 3972 1164 4043 de
1190 3922 1601 4063 Oppatbkonpcze
1626 3971 1713 4059 sita,
1736 3972 1838 4043 cuius

259 4092 465 4175 haeredes¹
488 4092 653 4165 Nicolaus
687 4092 1108 4185 Marczynkowsky
1141 4094 1185 4164 de
1220 4093 1322 4165 domo
1357 4091 1640 4181 Grillonum,
1680 4092 1838 4163 Andreas

249 4212 548 4309 -Pyrzebala
581 4220 619 4285 et
644 4214 839 4285 Stanislsus
874 4214 1031 4304 Trzop.
1076 4214 1115 4284 ln
1144 4235 1213 4305 qua
1239 4221 1321 4285 sunt
1347 4214 1438 4284 lanei
1466 4213 1719 4301 emetbonaleS,
1755 4214 1837 4283 item

256 4338 463 4423 tabernae,
489 4336 574 4407 item
599 4334 828 4423 hortulaniae,
854 4335 898 4406 de
925 4335 1051 4425 quibus
1078 4335 1237 4406 onnuibus
1264 4333 1412 4405 solvitur
1430 4340 1466 4405 et
1483 4333 1688 4405 conducitur
1707 4332 1839 4403 decima

258 4456 514 4547 manipularis
539 4462 576 4529 et
601 4456 778 4545 canapalis
804 4476 868 4545 pro
895 4456 1048 4545 capitulo
1076 4455 1314 4543 Cracoviensi,
1340 4461 1377 4524 et
1404 4454 1502 4524 valor
1528 4454 1603 4523 eins
1630 4452 1837 4525 aestimatur

259 4580 322 4653 nd
348 4576 536 4651 duodecim
561 4598 699 4649 mareas
725 4598 790 4667 pro
817 4578 1001 4666 praesenti.
1028 4578 1117 4647 ltem
1145 4582 1227 4647 sunt
1252 4576 1302 4647 ibi
1328 4583 1402 4646 tres
1429 4575 1545 4645 curiae
1563 4574 1741 4662 militares,
1770 4573 1838 4645 sol-

260 4707 405 4773 ventes
440 4699 607 4770 decimam
644 4699 810 4769 eeclesiae
846 4700 881 4768 in
918 4699 1115 4788 antiqua
1154 4697 1379 4783 Brzesko‚
1420 4696 1576 4787 quamvis
1611 4716 1655 4766 cx
1691 4695 1837 4785 antiquo
1946 4702 1948 4707 '

259 4844 390 4895 muum
416 4821 466 4893 ibi
491 4820 558 4891 fuit
584 4821 784 4910 praedium,
810 4820 872 4892 scd
898 4820 1137 4910 multiplicatis
1164 4820 1372 4891 haeredibus
1399 4823 1436 4890 et
1461 4817 1701 4889 emetbonibns
1730 4816 1835 4906 depo-

264 4944 368 5034 sitis,
397 4942 626 5033 multiplicata
652 4942 897 5031 snrrtpraedia,
926 4948 961 5013 et
979 4942 1132 5014 decimae
1159 4961 1222 5031 per
1241 4941 1374 5012 nobiles
1393 4961 1414 5010 a
1432 4938 1584 5030 capitulo
1611 4937 1832 5009 Craconiensi

267 5067 488 5150 abstractae,
513 5068 550 5135 et
566 5062 733 5135 ecclesiae
759 5064 794 5133 iu
821 5064 1017 5153 antiqua
1043 5063 1248 5134 Brzesko
1275 5062 1479 5152 applicatae,
1506 5081 1570 5150 per
1588 5059 1836 5149 negligentiam

269 5185 524 5276 capitularem:
561 5190 833 5274 propterquam
869 5184 1006 5274 <pridem
1046 5185 1316 5255 abstractionem
1344 5189 1379 5253 et
1406 5183 1555 5253 fluminis
1583 5181 1835 5267 [lunayecz

276 5306 500 5394 alluvionem,
526 5305 661 5377 decima
686 5306 843 5395 praelata
869 5306 905 5375 in
933 5305 1067 5377 duabus
1094 5306 1252 5395 partibus
1279 5304 1449 5375 diminuta
1475 5308 1538 5388 est,
1566 5306 1601 5369 et
1628 5318 1716 5387 qnae
1744 5297 1831 5367 alias

277 5428 441 5501 solvebat
465 5426 613 5515 triginta
637 5446 783 5515 mareas,
810 5447 873 5516 pro
901 5427 1076 5516 praesenti
1107 5427 1162 5497 viu
1191 5425 1295 5496 solvit
1322 5423 1501 5494 duodecim
1529 5440 1673 5491 mareas.
1715 5484 1718 5489 .

383 5546 713 5635 Pnasczncnown,
740 5547 824 5618 villa
850 5550 914 5618 sub
941 5547 1106 5637 parochia
1132 5547 1174 5617 de
1201 5544 1607 5634 oppatnlawyeze
1634 5542 1712 5631 sita,
1739 5542 1835 5612 cuius

278 5668 449 5743 haeredes
475 5667 498 5742 J
507 5666 702 5740 aroldus
728 5722 736 5737 .
764 5724 772 5737 .
801 5723 807 5737 .
835 5669 894 5758 qui
921 5669 1090 5739 decimam
1117 5666 1365 5756 manipularem
1392 5664 1435 5736 de
1464 5665 1535 5735 suis
1562 5662 1658 5753 agris
1677 5662 1836 5751 praedia-

279 5791 370 5864 libus
397 5791 538 5864 solvunt
564 5788 730 5861 ecelesiae
756 5791 791 5861 in
819 5789 1222 5879 (lppatlrkowicze,
1250 5788 1346 5858 cuius
1373 5786 1471 5858 valor
1488 5785 1693 5857 aestimatur
1710 5784 1755 5855 ad
1774 5804 1835 5855 sex

282 5934 424 5984 marcas.
463 5912 551 5982 Item
588 5917 671 5984 sunt
705 5912 753 5983 ibi
791 5912 940 6000 quinque
975 5910 1066 5980 lanei
1093 5908 1344 5997 emetbonalcs,
1371 5914 1407 5979 et
1434 5928 1504 5979 nna
1529 5906 1676 5978 taberna
1703 5904 1833 5977 habeus

285 6054 419 6123 agros,¹
438 6032 483 6105 de
519 6032 645 6123 quibus
680 6033 840 6106 ominibus
880 6032 1028 6105 solvitur
1064 6037 1101 6105 et
1135 6031 1337 6103 conducitur
1372 6029 1505 6102 decima
1539 6025 1765 6117 manipularis
1800 6030 1836 6096 et

354 6174 360 6181 ⁵
384 6202 540 6245 maumam.
553 6202 584 6242 11.
1628 6176 1665 6224 ³⁵
