4200 8342
308 1629 380 1698 aaa

307 1832 535 1922 cracoviensi
561 1852 626 1921 per
650 1832 794 1902 abusum
821 1836 937 1903 tamen
965 1835 1002 1903 et
1024 1831 1270 1921 negligentiam
1286 1809 1592 1920 ‘racholasticorum
1619 1849 1722 1902 versa
1739 1834 1794 1901 est
1810 1830 1856 1899 -in

305 1954 535 2043 pecuniolam,
566 1958 606 2023 et
633 1931 739 2023 solrit
764 1952 864 2024 annis
890 1952 1035 2042 singulis
1072 1971 1176 2023 unam
1213 1972 1289 2023 curn
1316 1950 1431 2024 media
1456 1969 1622 2023 marcam·
1644 1949 1854 2023 scholastico
1943 2037 1948 2042 ,

306 2073 543 2161 cracoviensi,
579 2075 640 2144 sed
667 2075 844 2163 perceptio
872 2074 947 2144 eius
974 2072 1230 2145 diversificatur
1255 2074 1291 2143 in
1320 2074 1528 2163 episcopum
1545 2076 1583 2144 et
1609 2069 1854 2143 scholasticum

306 2192 580 2283 Cracoviensem3
608 2196 689 2264 item
717 2193 872 2266 occlusis·
891 2198 926 2265 et
953 2194 1119 2283 plebanus
1146 2193 1253 2266 habet
1267 2194 1439 2283 proprios
1459 2213 1564 2282 agros
1591 2195 1627 2263 et
1652 2195 1764 2281 prata,
1790 2211 1855 2281 pro

305 2333 369 2384 suo
395 2334 460 2384 usu
489 2318 525 2384 et
550 2314 768 2386 necessitate.

969 2432 1208 2507 anrnwma

410 2553 505 2626 Villa
530 2554 663 2626 habens
689 2555 724 2625 in
752 2572 791 2625 se
817 2553 1050 2645 parochialem
1073 2555 1259 2627 ecclesiam
1279 2607 1421 2644 ......
1457 2552 1563 2653 Sanct
1634 2579 1722 2643 .·-.·.,
1750 2553 1855 2624 cuius

305 2674 430 2747 haeres
455 2673 633 2748 Johannes
658 2674 809 2747 cloch.
830 2674 873 2746 dc
900 2673 1001 2747 domo
1028 2674 1245 2769 cornycz.
1271 2676 1312 2746 ln
1339 2695 1408 2766 qua
1429 2681 1512 2746 sunt
1537 2674 1629 2746 lanei
1655 2674 1854 2746 emethona-

305 2798 366 2886 les,
393 2798 436 2868 le
463 2798 587 2887 quihus
615 2797 772 2869 omnibus
799 2795 919 2887 datur,
951 2796 1096 2889 darique
1122 2798 1227 2870 debet
1252 2798 1387 2869 decima
1412 2795 1638 2888 manipularis
1663 2815 1728 2886 pro
1754 2794 1855 2867 scho-

216 2917 219 2924 '
305 2916 428 2988 lastria
459 2916 700 3008 Gracoviensi3
736 2935 799 3008 per
835 2917 1082 3008 negligentiam
1118 2924 1235 2990 tamm
1271 2917 1555 2990 scholasticorum
1591 2935 1693 2989 versa
1727 2922 1783 2989 est
1818 2911 1863 2995 in,

305 3038 536 3128 pecuniolam,
563 3045 600 3110 et
627 3039 731 3111 solvit
758 3039 903 3129 singulis
930 3039 1030 3111 annis
1058 3045 1131 3112 tres
1157 3039 1311 3112 fertones
1343 3040 1493 3110 latorum
1518 3055 1737 3129 grossorum
1771 3038 1853 3106 item

303 3160 494 3250 taberna....,
522 3161 605 3231 itcm
632 3160 898 3250 hortulaniae....;
924 3161 1007 3233 item
1034 3161 1179 3233 eeclesia
1196 3166 1232 3232 et
1250 3161 1417 3251 plebanus
1442 3160 1550 3232 habet
1573 3160 1624 3231 ibi
1644 3157 1755 3248 agros
1773 3177 1855 3247 pro·

304 3281 400 3369 prios
427 3287 463 3352 ct
489 3289 601 3372 prata,
629 3303 692 3371 pro
720 3302 782 3354 suo
809 3302 873 3353 usu
902 3286 938 3353 et
964 3283 1183 3355 necessitate.

955 3401 1234 3476 Laasnwrczrl.

408 3522 504 3595 Villa
527 3522 660 3594 habens
689 3523 723 3593 in
750 3543 787 3594 se
814 3523 1046 3612 parochialem
1073 3524 1271 3613 ecclesiam,
1302 3522 1408 3596 Sanct
1426 3577 1570 3613 ......
1605 3522 1702 3593 cuius
1727 3520 1853 3592 haeres

306 3642 431 3715 Petrus
458 3643 795 3736 Komarowshy.
822 3644 862 3716 In
889 3664 959 3735 qua
984 3650 1067 3716 sunt
1093 3645 1186 3717 lanei
1212 3644 1454 3735 cmethonales,
1480 3644 1666 3734 dequibus
1693 3641 1854 3714 omnibus

307 3765 438 3836 decima
462 3764 686 3855 manipularis
713 3784 734 3836 a
760 3765 938 3856 primaeva
962 3764 1165 3840 fundatione
1200 3766 1364 3837 ecclcsiae
1390 3763 1629 3838 Crotoniensis
1647 3762 1856 3836 solvebatur

306 3886 533 3957 scholastriae
561 3884 792 3975 cracoviensi3
821 3886 865 3958 ob
892 3888 1313 3978 sequestrationem-vero
1338 3887 1437 3976 regni
1456 3885 1622 3958 Poloniae
1638 3890 1675 3957 et
1691 3895 1854 3975 gwerras,

189 4023 205 4040 ¹
307 4007 447 4079 decimis
474 4007 662 4098 mutilatis,
698 4007 881 4080 solvuntur
915 4010 1099 4099 pecuniae,
1134 4013 1170 4080 et
1197 4006 1353 4099 praefata
1387 4007 1471 4080 villa
1505 4006 1611 4079 solvit
1644 4004 1853 4078 scholastico

307 4128 526 4200 cracoviensi
545 4183 686 4200 ......
706 4152 715 4219 ;
741 4130 824 4201 item
852 4129 998 4202 ecclesia
1024 4134 1061 4202 et
1086 4129 1254 4220 plebanus
1292 4128 1474 4200 ibi-habet
1500 4128 1659 4220 proprios
1686 4146 1790 4217 agros
1817 4131 1868 4222 et·

306 4254 417 4338 prata,
444 4270 508 4340 pro
536 4270 599 4322 suo
627 4271 691 4322 usu
718 4256 754 4322 et
780 4251 998 4323 necessitate.
1131 4250 1140 4258 “

755 4365 758 4370 ’
979 4370 1208 4443 Rurnvnnn.

410 4485 506 4561 Villa
531 4490 663 4563 habeus
689 4491 726 4561 in
753 4510 790 4561 se
816 4490 997 4562 ecclesiam
1023 4491 1275 4582 parochialem,
1310 4489 1415 4565 Sanct
1433 4544 1574 4582 ......
1607 4489 1704 4564 cuius
1729 4489 1854 4561 haeres

307 4609 433 4683 Petrus
459 4610 796 4701 Komarovsky.
822 4611 862 4681 ln
890 4632 959 4704 qua
984 4617 1071 4684 sunt·
1092 4607 1185 4684 lan'ei
1211 4612 1453 4704 cmetbouales,
1481 4613 1524 4684 de
1542 4612 1675 4703 quibus.
1693 4610 1854 4682 omnibus

308 4730 440 4802 decima
465 4731 692 4821 manipularis
719 4750 742 4803 a
767 4730 944 4822 primaeva
969 4729 1170 4805 fundatione
1196 4732 1363 4806 ecclesiae
1379 4731 1629 4822 cracoviensis,
1642 4729 1857 4803 solvebatur

307 4851 533 4925 scholastriae
560 4852 793 4942 cracoviensi3
818 4853 864 4926 ob
879 4842 1203 4944 'sequestrationem
1229 4873 1312 4927 vcro
1338 4853 1438 4945 regni
1464 4852 1629 4924 Poloniae
1646 4856 1683 4923 et
1699 4869 1853 4942 gverras,

308 4973 449 5045 decimis
474 4974 654 5066 mutilatis,
681 4974 864 5048 solvuntur
886 4974 1070 5067 pecuniae,
1096 4979 1133 5048 et
1157 4972 1263 5049 solvit
1288 4974 1446 5067 praefata
1471 4974 1555 5048 villa
1581 4974 1727 5065 singulis
1754 4972 1854 5043 annis

308 5094 513 5170 scholastico
541 5094 762 5170 cracoviensi
781 5150 923 5170 ......

986 5209 1183 5295 Zanzovv.

411 5335 506 5410 Villa
531 5337 663 5411 habens
680 5339 716 5410 in
734 5358 772 5410 se
790 5340 1025 5430 parochialem
1049 5341 1238 5431 ecclesiam,
1265 5339 1415 5412 dicatam
1432 5336 1578 5411 Sanctae
1596 5336 1728 5428 Annae,
1756 5336 1854 5411 cuius

308 5458 504 5548 proprietas
531 5458 575 5532 ad
601 5459 858 5533 serenissimum
877 5460 1048 5533 'Poloniae
1074 5481 1192 5551 regem
1218 5459 1379 5552 pertinet
1404 5459 1445 5531 In
1464 5479 1532 5552 qua
1549 5464 1631 5533 sunt
1655 5459 1747 5530 lanei
1764 5476 1854 5529 cmc·

309 5565 484 5671 thonales,
511 5580 556 5652 de
582 5580 707 5684 quibus
733 5582 891 5654 omnibus
926 5581 1119 5673 antiquitus
1146 5580 1278 5656 decima
1303 5581 1533 5671 manipularis·
1564 5581 1764 5654 solvebatur
1790 5599 1854 5669 pro

309 5701 515 5774 scholastico
542 5700 771 5793 cracoviensi,
797 5702 834 5773 in
860 5702 1037 5794 praesenti
1065 5721 1148 5775 vcro
1175 5702 1219 5774 ad
1245 5702 1504 5807 beneplacitum!
1525 5700 1722 5774 scholastici
1749 5700 1855 5773 solvit

307 5822 544 5897 tantummodo
564 5879 571 5895 .
590 5879 598 5896 .
617 5879 625 5895 .
644 5879 651 5895 .
669 5846 706 5913 .;
741 5824 825 5897 item
851 5823 998 5897 malacia
1023 5827 1060 5896 et
1085 5823 1254 5914 plebanus
1288 5824 1395 5897 habet
1425 5824 1474 5896 ibi
1501 5824 1661 5917 proprios
1687 5842 1790 5914 agros
1818 5826 1855 5891 et

308 5948 419 6033 prata,
445 5964 508 6034 pro
536 5967 600 6020 suo
625 5966 692 6019 usu
719 5949 756 6018 et
781 5943 1000 6017 necessitate.
1462 5983 1465 5990 ·
1866 5981 1868 5986 .

410 6064 710 6157 Jnnoscnowrcn,
738 6066 822 6138 villa
847 6064 912 6138 sub
939 6065 1105 6157 parochia
1130 6063 1174 6135 de
1199 6063 1420 6140 Zakrzon
1446 6065 1532 6156 sita,
1572 6064 1669 6136 cuius
1695 6063 1853 6154 proprie-

307 6190 362 6253 tas
389 6184 433 6254 ad
460 6185 623 6258 Poloniae
651 6207 786 6277 regem,
822 6186 868 6258 ad
882 6191 1044 6258 ‘castrum
1073 6206 1172 6258 sunm
1198 6187 1332 6277 regium
1364 6185 1575 6282 Beruald
1609 6185 1769 6275 pertinet.
1813 6185 1854 6254 ln

308 6325 375 6393 qua
402 6310 482 6375 sunt
508 6306 600 6376 lanei
626 6307 878 6399 amathonales,
905 6307 949 6379 de
975 6307 1101 6398 quibus
1128 6310 1285 6381 omnibus
1312 6308 1510 6381 solvebatur
1536 6307 1671 6379 decima
1696 6299 1853 6396 manipu-

307 6422 391 6494 laris
418 6425 612 6515 antiquitus
638 6445 702 6516 pro
728 6427 917 6500 scholastia
942 6427 1181 6520 cracoviensi,
1208 6450 1272 6519 pro
1299 6429 1474 6518 praesenti
1501 6447 1593 6518 vero,
1620 6426 1666 6499 acl
1691 6427 1856 6516 benepla-

310 6542 415 6612 citum
441 6545 647 6637 scholastici,
674 6548 778 6621 soluit
803 6550 1044 6628 luteum
1199 6601 1235 6620 ..
1477 6573 1491 6604 ·-
1769 6603 1772 6610 .
1813 6561 1835 6602 2
1942 6529 1945 6538 ⁵
