4200 8342
325 1619 399 1694 384

325 1847 428 1918 agros
455 1823 647 1917 praediales
684 1823 800 1897 domui
828 1824 1027 1914 contiguos,
1070 1824 1154 1896 itcm
1180 1824 1287 1897 habet
1321 1825 1521 1915 tabernam,
1559 1824 1745 1898 habentem
1772 1846 1877 1917 agros

326 1970 390 2040 pro
418 1968 482 2020 sua
507 1946 731 2037 proprietate,
761 1965 849 2037 quae
876 1945 981 2018 solvit
1006 1967 1071 2036 pro
1094 1965 1199 2018 consu
1226 1946 1390 2018 ecclcsiae
1409 1951 1445 2019 et
1462 1946 1609 2037 plebano
1624 1946 1714 2020 duas
1731 1969 1877 2021 marcas

429 2066 918 2157 MnonzownMA1oa,villa
954 2068 1018 2139 sub
1049 2068 1215 2157 parochia
1250 2068 1293 2140 dc
1319 2067 1494 2140 Minori
1522 2066 1771 2142 Mlodzawi
1797 2070 1876 2161 sita

330 2190 428 2262 cuius
447 2189 571 2262 haeres
589 2188 768 2262 Iohannes
795 2189 839 2261 de
864 2188 1210 2281 Kuroszwanky
1236 2188 1279 2261 de
1307 2189 1408 2262 domo
1434 2189 1619 2263 Boszae.
1645 2189 1686 2261 In
1704 2209 1774 2282 qua
1794 2194 1877 2264 sunt

324 2311 483 2384 undecim
510 2331 587 2383 cum
614 2310 727 2383 modio
753 2311 845 2383 lanei
872 2310 1113 2400 cmetbonales,
1140 2311 1225 2383 item
1250 2311 1398 2383 taberna
1415 2331 1485 2382 una
1502 2309 1633 2383 babens
1651 2331 1763 2402 agros,
1790 2313 1876 2384 item

194 2423 198 2428 ’
324 2434 414 2505 duae
441 2432 661 2506 hortulaniae
696 2432 863 2504 habentes
890 2451 995 2522 agros
1030 2432 1280 2522 cmetbonales,
1320 2431 1514 2522 dequibus
1542 2432 1701 2505 omnibns
1727 2432 1875 2505 solvitur

332 2559 369 2626 et
393 2553 598 2626 conducitur
633 2553 766 2626 decima
800 2552 1025 2644 manipularis
1061 2558 1097 2625 et
1128 2551 1303 2644 canapalis
1338 2573 1402 2643 pro
1438 2552 1636 2644 praebenda
1669 2552 1873 2648 Keleaiensi,

327 2697 416 2767 qnae
443 2675 571 2748 dicitur
596 2674 890 2765 Sydlowyeczsha,
917 2680 954 2748 ct
971 2675 1069 2747 valor
1095 2676 1170 2749 eius
1188 2676 1393 2748 aestimatur
1410 2675 1456 2746 ad
1474 2674 1592 2748 decem
1617 2695 1760 2747 marcas
1786 2674 1876 2749 Item

325 2803 379 2871 est
412 2798 464 2870 ibi
489 2795 670 2888 praedium
695 2795 835 2869 unicum
869 2796 1038 2888 militare,
1074 2803 1111 2869 et
1137 2798 1226 2870 duae
1252 2797 1480 2887 hortulaniae,
1508 2796 1676 2869 babentes
1702 2816 1805 2888 agros
1832 2817 1876 2870 ex

324 2917 477 3009 praedi0,
504 2917 548 2990 de
574 2918 699 3008 quibus
726 2917 872 2990 solvitur
899 2917 1032 2991 decima
1058 2918 1284 3009 manipularis
1311 2938 1374 3010 pro
1393 2917 1539 2990 ecclesia
1559 2916 1679 2991 Sancti
1695 2917 1877 2991 Laurentii

323 3040 360 3111 in
386 3039 446 3111 Mi
459 3039 651 3130 chalow,
679 3038 776 3111 cuius
802 3040 901 3113 valor
928 3039 972 3111 ad
999 3059 1102 3112 unam
1130 3060 1280 3118 marcam
1307 3040 1519 3112 aestimatur.

428 3161 646 3249 Brnccnow,
672 3160 756 3232 villa
783 3162 847 3233 sub
873 3162 1038 3251 parochia
1064 3161 1229 3233 ecclesiae
1256 3161 1300 3233 de
1327 3160 1496 3236 Ohotel
1523 3160 1599 3251 sita,
1626 3160 1725 3233 cuim
1751 3161 1876 3234 haeres

324 3282 501 3355 Iohannes
528 3279 760 3372 Obnlyccz
787 3282 830 3353 dc
857 3281 958 3353 domo
985 3280 1306 3355 Odrowansch.
1332 3283 1373 3354 In
1401 3286 1648 3374 quasnntscx
1667 3281 1876 3356 commedio
1941 3303 1948 3309 ·

329 3402 420 3474 lanei
447 3403 697 3493 cmethonales,
724 3404 808 3475 item
833 3423 903 3475 una
928 3403 1077 3476 taberna
1101 3403 1234 3476 babens
1248 3424 1373 3495 agros,
1401 3404 1445 3475 de
1472 3403 1596 3494 quibus
1623 3403 1782 3475 omnibus
1809 3404 1879 3475 sol-

326 3526 421 3597 vitur
447 3526 485 3596 et
509 3524 713 3598 conducitur
740 3524 874 3597 decima
898 3523 1125 3615 manipularis
1143 3531 1180 3597 et
1193 3526 1367 3616 canapalis
1394 3546 1458 3616 pro
1485 3525 1643 3598 custodia
1670 3524 1878 3616 Visliciensi,

328 3650 364 3717 et
390 3646 488 3718 valor
515 3646 590 3718 eius
617 3645 822 3718 aestimatur
847 3645 892 3717 ad
920 3665 980 3717 sex
1006 3664 1150 3718 marcas.
1190 3648 1278 3719 Item
1304 3647 1341 3719 in
1369 3646 1489 3719 cadem
1515 3666 1585 3718 non
1613 3652 1695 3719 sunt
1720 3645 1880 3719 hortula-

329 3768 415 3838 niae.
442 3766 528 3840 Item
556 3767 593 3839 in
619 3766 739 3840 cadem
765 3767 849 3839 villa
875 3772 930 3839 cst
954 3769 1136 3858 praedium
1163 3768 1321 3859 militare,
1348 3768 1391 3841 de
1410 3768 1508 3841 cuius
1534 3768 1629 3859 agris
1655 3768 1789 3840 decima
1816 3769 1879 3840 ab·

327 3892 458 3960 structa
492 3893 547 3962 est
577 3890 621 3961 ab
648 3888 793 3961 ecclesia
827 3890 863 3961 in
898 3889 1083 3981 Ghotel,
1124 3890 1168 3963 ad
1204 3911 1307 3981 quam
1343 3891 1525 3982 spectabat
1559 3895 1596 3963 et
1631 3895 1766 3981 spectat
1800 3891 1879 3962 iure

324 4010 526 4102 parochiali,
554 4016 591 4084 et
617 4011 764 4084 solvitur
790 4011 956 4095 ecclesiae
981 4014 1018 4085 iu
1044 4012 1288 4085 Michalow
1321 4032 1384 4103 per
1411 4012 1682 4104 usurpationem,
1708 4016 1746 4086 et
1772 4011 1879 4086 datur

326 4153 414 4205 unus
439 4131 529 4205 forto
557 4154 620 4224 pro
647 4155 698 4206 ea.
1545 4126 1547 4130 ’

423 4253 551 4343 Lmso,
566 4255 648 4326 villa
665 4256 729 4328 sub
748 4255 913 4347 parochia
930 4255 1095 4328 ccclesiae
1111 4256 1154 4328 de
1155 4309 1200 4326 .....
1218 4256 1294 4328 sita.
1321 4256 1362 4326 In
1380 4276 1449 4347 qua
1468 4260 1550 4327 sunt
1566 4255 1657 4327 lanei
1674 4256 1877 4328 cmetbona·

322 4376 392 4464 les,
419 4376 502 4446 item
530 4376 676 4448 taberna
695 4430 808 4467 .....
834 4377 918 4449 item
944 4376 1121 4448 hortulani
1140 4432 1147 4446 .
1166 4431 1174 4447 .
1192 4432 1228 4466 .,
1255 4377 1298 4449 de
1326 4377 1449 4467 quibus
1476 4378 1635 4451 omnibus
1663 4376 1811 4452 solvitur
1839 4382 1879 4450 et

326 4494 530 4567 conducitur
564 4495 697 4567 decima
732 4495 956 4587 manipularis
983 4503 1019 4568 ct
1046 4497 1222 4588 canapalis
1256 4518 1320 4589 pro
1357 4498 1503 4570 ecclesia
1537 4498 1574 4570 in
1613 4498 1879 4591 Michalow,

323 4621 360 4690 et
385 4617 484 4689 valor
510 4617 584 4689 eius
611 4618 817 4690 aestimatur
843 4619 887 4691 ad
916 4618 1066 4710 quinque
1093 4639 1237 4710 marcas,
1263 4620 1346 4693 item
1372 4619 1565 4712 praedium.

425 4739 541 4812 Villae
567 4741 798 4832 parochiales:
825 4740 1072 4813 Michalow
1090 4794 1204 4811 .....

592 4925 595 4931 .
909 4863 1124 4937 Mnonzown
1150 4862 1289 4935 Minos.

424 4983 519 5055 Villa
544 4983 677 5056 habens
703 4984 936 5077 parochialem
963 4985 1145 5059 ecclesiam
1170 4986 1206 5056 in
1233 5006 1280 5075 so,
1307 4983 1415 5057 Sanct
1433 5035 1543 5056 .....
1570 4983 1741 5074 dicatam,
1758 4986 1878 5059 ‚cuins

321 5106 489 5194 haeredes
515 5105 694 5179 Iohannes
720 5111 757 5178 et
781 5106 973 5179 StanIslans
1000 5108 1044 5179 do
1071 5109 1177 5178 armis
1204 5107 1510 5197 Bippennium
1534 5109 1571 5178 et
1595 5105 1701 5177 iidem
1727 5108 1878 5197 patroni

321 5227 361 5296 In
389 5248 457 5316 qua
484 5230 565 5298 sunt
590 5228 657 5299 duo
685 5229 776 5299 lanei
803 5229 1045 5319 cmetbonales,
1073 5228 1261 5319 dequibus
1288 5228 1436 5300 solvitur
1454 5233 1490 5299 et
1508 5227 1712 5300 conducitur
1739 5227 1878 5303 decima

323 5347 549 5437 manipularis
583 5353 621 5419 et
655 5350 836 5439 canapalis
865 5371 929 5440 pro
965 5349 1165 5441 praebenda
1197 5349 1413 5440 Kelcziensi,
1453 5369 1541 5440 quae
1576 5354 1720 5422 vocmnr
1764 5348 1879 5424 Sidlo·

321 5468 509 5558 wyeczska,
537 5473 573 5540 et
590 5469 689 5542 valor
715 5470 790 5542 eius
817 5472 1019 5544 aestimatur
1046 5471 1204 5543 adduas
1230 5491 1374 5544 musas.
1401 5470 1488 5542 Item
1515 5475 1598 5543 sunt
1620 5471 1669 5543 ibi
1696 5475 1769 5544 tres
1797 5492 1877 5544 cum

322 5589 436 5662 medio
462 5589 563 5680 lanei,
590 5592 672 5663 item
702 5596 783 5664 sunt
809 5592 858 5664 ibi
876 5592 935 5664 alii
963 5599 1036 5666 tres
1060 5613 1137 5666 cum
1165 5593 1277 5666 medio
1304 5593 1395 5665 lanei
1422 5592 1667 5683 cmetbonales,
1694 5592 1778 5664 item
1796 5594 1879 5684 agri

322 5713 546 5784 tabcmarnm
565 5717 601 5785 ct
619 5713 909 5805 hortulaniarum,
935 5714 1019 5787 itam
1046 5714 1227 5806 praedium
1245 5735 1351 5786 unum
1373 5713 1532 5804 militare,
1559 5718 1596 5787 et
1614 5712 1657 5785 de
1675 5712 1745 5784 illis
1764 5715 1876 5786 omni·

320 5835 385 5906 bus
411 5832 559 5908 solvitur
584 5840 621 5907 ct
648 5834 854 5908 conducItur
888 5836 1023 5908 decima
1048 5836 1274 5927 manipularis
1300 5841 1337 5909 et
1363 5835 1539 5927 canapalis
1575 5855 1639 5927 pro
1666 5834 1813 5908 ecclesia
1840 5842 1879 5910 ct

319 5956 466 6046 plebano
493 5957 529 6028 in
556 5956 822 6047 Mlodzowi,
850 5962 886 6029 et
913 5957 1010 6029 valor
1036 5958 1112 6030 eius
1138 5958 1341 6031 aestimatur
1367 5956 1412 6029 ad
1440 5958 1590 6048 quinque
1611 5975 1757 6030 marcas
1784 5957 1878 6030 Item

322 6077 430 6149 habet
455 6098 577 6168 agrum
602 6099 667 6170 pro
693 6078 837 6168 praedio
864 6099 927 6151 suo
954 6078 1140 6170 plebanus,
1181 6079 1309 6155 bonnm
1336 6084 1373 6152 et
1398 6077 1621 6169 saecundum,
1658 6078 1718 6170 qni
1744 6076 1877 6153 dicitur

319 6198 500 6270 Valana
525 6197 665 6290 Gora,
691 6220 762 6271 una
783 6221 860 6272 cum
878 6201 997 6292 pratis.
1023 6201 1113 6273 Item
1130 6201 1238 6276 habat
1263 6201 1444 6276 tabernam
1471 6201 1660 6292 propriam,
1686 6199 1877 6276 habentem

319 6339 431 6410 agros,
459 6341 547 6411 quac
573 6320 678 6394 solvit
703 6321 754 6392 illi
780 6342 844 6411 pro
872 6343 976 6394 consu
1003 6341 1118 6397 annno
1137 6377 1251 6395 .....
1672 6345 1674 6352 ·

420 6442 638 6533 Banurcznu,
664 6442 748 6515 villa
775 6445 839 6517 sub
866 6423 1033 6535 parochIa
1059 6443 1103 6548 de
1129 6444 1376 6522 Mlodzowi
1402 6444 1578 6518 Minori
1613 6445 1691 6518 sita
1736 6443 1779 6518 In
1803 6467 1881 6538 qna

319 6566 401 6634 sunt
425 6563 518 6642 lanei
544 6566 787 6663 cmetbonalcs,
814 6568 899 6643 Item
925 6568 1101 6661 tabernae,
1128 6568 1213 6641 item
1238 6568 1467 6664 hortulanIac,
1494 6566 1537 6640 de
1562 6567 1688 6664 quibus
1708 6567 1880 6666 'omnim
