4200 8342
988 1862 1231 1933 Brsuurrczn.

437 1982 532 2053 Villa
557 1982 688 2052 habens
715 1983 750 2052 in
770 2002 807 2052 se
825 1982 1058 2072 parochialem
1086 1981 1266 2052 ecclesiam
1293 1981 1451 2070 ligneam,
1478 1978 1585 2050 Senot
1611 1974 1884 2068 ...¹²dicatam‚

264 2116 274 2125 ‘
333 2106 430 2173 cuius
457 2105 654 2193 proprietas
681 2103 725 2174 ad
744 2103 942 2193 episcopum
970 2102 1294 2174 wratislaviensem
1320 2102 1482 2192 pertinet.
1513 2102 1562 2172 ''ln
1583 2122 1659 2192 ¹qua
1685 2106 1768 2172 sunt
1793 2101 1885 2171 lanei

332 2223 580 2313 cmethonales,
608 2224 650 2294 de
678 2224 803 2313 quibus
831 2225 977 2295 solvitur
1005 2278 1118 2293 ....
1152 2223 1239 2294 Item
1265 2223 1373 2293 habet
1398 2221 1447 2293 ihi
1475 2221 1621 2294 ecclesia
1647 2226 1685 2294 et
1711 2222 1786 2293 eins
1813 2222 1884 2312 ple-

332 2344 442 2416 banus
469 2345 629 2436 proprios
657 2365 760 2434 agros
786 2345 915 2416 liberos
943 2350 979 2416 et
1005 2350 1120 2435 prata,
1148 2365 1212 2435 pro
1240 2364 1302 2415 suo
1329 2348 1457 2415 usu‘et
1484 2342 1701 2414 necessitate.
1720 2432 1738 2462 Ι

1019 2465 1194 2536 Knnrrhrr.
1226 2464 1229 2470 '

438 2586 531 2657 Villa
556 2587 689 2657 habens
716 2587 751 2657 in
779 2607 817 2658 se
844 2587 1020 2658 ecclesiam
1048 2587 1281 2677 parochialem
1307 2591 1489 2676 muratam,
1516 2568 1621 2658 Senot
1648 2580 1885 2681 ....„diea-

333 2714 419 2795 tam,
446 2708 542 2778 cuins
569 2707 736 2779 haeredes
764 2708 928 2780 Alhertus
960 2715 996 2781 et
1022 2708 1200 2780 lohannes
1235 2708 1369 2788 nobiles
1396 2707 1438 2780 de
1466 2705 1567 2780 domo
1675 2762 1708 2778 ..
1749 2707 1790 2778 In
1819 2728 1886 2798 qua

333 2832 414 2898 sunt
440 2829 532 2899 lanei
559 2828 792 2901 emethonales
829 2831 872 2901 de
899 2832 1023 2920 quibus
1061 2830 1209 2902 solvitur
1236 2885 1379 2900 ......
1416 2831 1503 2901 Item
1529 2829 1636 2901 habet
1662 2828 1712 2900 ibi
1740 2829 1885 2900 ecclesia

333 2952 367 3017 et
394 2949 560 3040 plebanus
587 2950 746 3043 proprios
774 2972 876 3044 agros
904 2952 1041 3043 liberos,
1070 2973 1134 3042 pro
1162 2939 1229 3025 suo
1251 2971 1331 3041 usu,
1358 2941 1500 3042 praedio
1527 2956 1563 3023 et
1588 2951 1808 3022 necessitate.

1003 3073 1209 3147 Casurauz.

434 3196 605 3286 Oppidum
643 3198 677 3266 in
705 3203 801 3267 terro
837 3195 1075 3286 Szevyeriensi
1111 3197 1234 3285 sitnm,
1270 3196 1401 3267 habens
1437 3175 1616 3266 ecclesiam
1647 3188 1883 3284 parochialem

330 3320 497 3407 ligneam,
532 3318 670 3389 honori
691 3316 882 3388 beatissimi
919 3317 1084 3389 Stanislai
1120 3317 1291 3408 pontificis
1326 3322 1362 3388 et
1388 3315 1551 3406 martyris
1578 3315 1747 3404 dicatam,
1785 3315 1882 3385 onius

331 3441 527 3528 proprietas
555 3439 598 3509 ad
618 3438 879 3510 Cracoviensem
907 3439 1104 3529 episcopum
1132 3436 1294 3529 pertinet.
1339 3438 1378 3508 ln
1407 3453 1474 3528 quo
1501 3437 1647 3526 triginta
1673 3437 1789 3507 minus
1816 3457 1883 3508 uno

330 3560 421 3630 lanei
448 3559 697 3649 oppidanorum
726 3559 922 3649 censualeS,
959 3561 1043 3631 item
1081 3564 1162 3664 sunt
1188 3565 1260 3631 tres
1288 3559 1381 3630 ultra
1407 3559 1486 3629 illos
1512 3539 1604 3629 lanei
1635 3556 1756 3653 liberi,
1794 3578 1881 3628 unns

334 3680 493 3750 advocati
532 3679 574 3750 de
602 3679 847 3770 Ozelyadz,
884 3681 952 3751 dno
978 3701 1062 3753 vero
1090 3679 1367 3771 Prelaysky,
1403 3678 1446 3750 de
1474 3666 1599 3769 quihus
1626 3677 1788 3748 omnibus
1816 3678 1883 3748 sol-

332 3802 426 3871 uitur
445 3802 576 3872 decima
594 3802 801 3892 pecuniale,
829 3801 872 3873 de
891 3803 1048 3892 quolibet
1074 3803 1173 3873 laneo
1194 3822 1255 3892 per
1273 3823 1333 3873 sex
1352 3818 1493 3892 grossos
1511 3799 1663 3872 latorum
1680 3820 1886 3899 grossorum

331 3921 564 4011 Pragcnsinn.
605 3923 692 3994 Item
719 3923 885 4013 plebanus
922 3928 957 3994 ot
984 3924 1129 3995 ecclesia
1163 3923 1269 3997 habet
1298 3923 1353 3993 ibi
1379 3921 1540 4012 proprios
1576 3941 1679 4012 agros
1707 3927 1744 3993 et
1770 3927 1882 4012 prata,

331 4066 394 4133 pro
413 4066 484 4122 ,sno
511 4045 652 4134 praedio
681 4050 717 4116 et
745 4045 961 4117 necessitate.
1290 4045 1292 4051 ’

434 4167 615 4253 Dausara,
643 4166 725 4238 villa
753 4168 816 4238 sub
844 4167 1010 4256 parochia
1037 4167 1081 4237 de
1099 4166 1426 4257 Woykowycze
1454 4165 1539 4254 sita,
1567 4165 1665 4266 onius
1682 4148 1882 4255 proprietas

331 4288 373 4357 ad
401 4286 581 4358 Nicolaum
607 4288 755 4358 indicem
783 4287 1104 4379 Szyevyeriensem‚
1136 4294 1171 4358 et
1189 4287 1233 4357 ad
1251 4286 1438 4358 Matthiam
1465 4286 1594 4358 dictum
1621 4283 1748 4356 Maez
1776 4286 1881 4356 etad

331 4408 509 4498 Byerth
537 4413 572 4479 et
591 4406 885 4499 Golaschshy
912 4409 1072 4498 pertinet.
1113 4409 1152 4479 ln
1172 4430 1241 4499 qua
1258 4414 1339 4479 sunt
1357 4414 1418 4479 sex
1437 4407 1528 4478 lanei
1555 4406 1810 4496 emethonales‚
1837 4407 1880 4478 de

331 4531 454 4618 quibus
482 4530 657 4620 perceptio
685 4529 838 4601 decimae
865 4530 1092 4619 manipularis
1120 4530 1391 4618 diversificatum
1419 4551 1498 4601 narn
1517 4550 1586 4600 nuo
1613 4543 1705 4601 anno
1733 4529 1881 4601 soluitur

329 4671 392 4740 pro
420 4651 580 4740 episcopo
608 4649 843 4739 Cracoviensi‚
871 4651 981 4722 altero
1003 4673 1092 4729 ¹uero
1120 4651 1285 4723 ecclesiae
1311 4657 1346 4722 et
1373 4651 1583 4741 plebanoin
1602 4648 1820 4740 Czeladz‚
1846 4655 1881 4721 et

330 4773 427 4843 valor
462 4773 535 4843 eius
563 4773 782 4844 aestimatur
802 4773 845 4843 ad
873 4795 933 4846 sex
960 4795 1104 4844 marcas.
1144 4772 1276 4844 Ibidem
1304 4780 1385 4844 sunt
1420 4772 1501 4843 duo
1525 4772 1669 4862 praedia
1706 4772 1906 4862 militaria'

329 4915 417 4983 qnae
444 4894 582 4964 solvunt
605 4894 772 4965 decimam
800 4895 964 4966 ecclesiae
988 4895 1106 4966 Sancti
1132 4893 1303 4965 Johannis
1330 4894 1508 4983 Baptistae
1536 4893 1570 4962 in
1590 4892 1831 4971 Cracovia.

432 5015 695 5105 Minnodunum,
731 5016 814 5085 villa
850 5015 913 5087 snb
941 4994 1107 5106 parochia
1142 5016 1184 5087 de
1212 5014 1409 5086 Gneladz
1436 5015 1523 5104 sita,
1560 5015 1657 5086 cuius
1684 5016 1881 5106 proprietas

329 5136 372 5206 ad
401 5137 636 5225 praepositum
673 5142 708 5207 et
736 5137 983 5208 monasterinm
1019 5137 1166 5208 Sanctae
1192 5137 1440 5226 Margarethae
1478 5142 1722 5208 extramuros
1750 5137 1882 5227 Bytho·

329 5258 480 5326 mienses
500 5258 659 5345 pertinet.
687 5258 726 5327 ln
747 5279 815 5346 qua
839 5262 919 5328 scrut
937 5258 1103 5328 tredecim
1126 5258 1216 5329 lanei
1235 5256 1468 5336 ¹emethonales
1495 5262 1532 5329 et
1550 5257 1638 5328 duae
1656 5257 1883 5346 hortulaniae

328 5377 371 5449 de
394 5378 517 5466 quibus
537 5378 684 5448 solvitur
712 5378 851 5448 decima.
891 5380 979 5449 Item
999 5386 1052 5449 est
1070 5380 1119 5449 ihi
1138 5379 1314 5467 scultetis,
1342 5379 1474 5449 habens
1492 5383 1565 5449 tres
1584 5379 1704 5449 laneos
1722 5383 1760 5449 et
1778 5400 1882 5450 unum

329 5499 584 5588 molendinum,
612 5506 647 5570 et
665 5520 768 5570 unam
795 5501 974 5571 tabernam
993 5501 1177 5571 habentem
1197 5522 1309 5590 agros,
1338 5507 1374 5570 et
1392 5500 1495 5572 solvit
1522 5500 1711 5570 decimam.
1726 5554 1825 5570 .....

431 5619 623 5710 Znnonzs,
659 5621 741 5692 uilla
768 5621 831 5691 sub
868 5622 1031 5711 parochia
1068 5622 1112 5692 de
1138 5622 1177 5691 M
1186 5623 1437 5712 yslouioze
1463 5622 1550 5710 sita,
1587 5622 1684 5692 cuius
1712 5621 1882 5693 haeredes

426 5742 467 5811 de
487 5742 588 5813 domo
615 5741 644 5811 P
653 5742 767 5832 plau
778 5763 807 5811 a.
848 5743 885 5812 ln
907 5765 974 5831 qna
1001 5750 1083 5813 sunt
1109 5744 1200 5814 lanei
1228 5743 1474 5832 cnrethonales,
1501 5743 1544 5813 de
1571 5743 1696 5833 quibus
1724 5744 1884 5815 omnibus

327 5864 472 5935 soluitur
499 5870 534 5935 et
553 5865 757 5936 conducitur
784 5864 917 5934 decima
935 5865 1160 5954 manipularis
1189 5871 1224 5936 ct
1242 5865 1418 5955 canapalis
1445 5885 1508 5955 pro
1526 5864 1672 5937 eeclesia
1690 5865 1884 5955 parochiali

326 5986 361 6054 in
380 5982 595 6074 Caelata,
623 5986 720 6056 cuins
738 5984 836 6056 valor
854 5984 897 6054 ad
918 6005 978 6055 sex
998 6006 1131 6057 marcas
1151 5986 1374 6074 aestimatum
1402 5986 1445 6056 de
1463 5986 1605 6076 praedio
1632 6006 1736 6077 vero,
1764 5987 1884 6062 taber·

325 6105 379 6177 nis
407 6110 443 6176 et
470 6106 663 6177 hortulanis
691 6105 839 6180 solvitur
866 6112 901 6176 et
929 6106 1033 6177 datur
1062 6107 1106 6177 ad
1133 6107 1445 6199 lllyslouicze.

1018 6227 1190 6317 lnrruscn,

325 6348 489 6437 oppidum
521 6346 653 6417 habens
682 6347 717 6416 in
743 6368 780 6418 se
802 6347 1036 6437 parochialem
1071 6349 1249 6420 ecclesiam
1277 6355 1466 6440 muratam,
1498 6356 1534 6422 et
1558 6351 1686 6424 Sancto
1716 6352 1881 6426 Andreae

326 6467 494 6556 Apostolo
514 6467 679 6556 dicatam,
707 6468 803 6539 cuius
831 6470 1026 6560 proprietas
1046 6471 1090 6541 ad
1110 6471 1374 6542 Serenissimum
1392 6472 1556 6544 Poloniae
1574 6494 1693 6563 regern
1719 6476 1882 6565 pertinet.

327 6586 367 6662 In
395 6607 461 6683 qno
489 6593 570 6664 sunt
601 6588 692 6661 lanei
728 6588 995 6686 oppidanorum,
1033 6590 1230 6690 dequibus
1266 6592 1413 6669 solvitur
1448 6599 1485 6670 et
1512 6593 1717 6675 conducitur
1748 6594 1883 6680 emina
