4200 8342
124 1587 128 1596 ’
267 1625 345 1696 aa

292 1834 361 1904 ten'
391 1830 527 1905 nobiles
566 1829 609 1904 cle
640 1830 747 1903 armis
781 1827 994 1927 Strepae,
1029 1826 1212 1907 fraudatum
1247 1831 1472 1902 ct=dotatnm
1502 1827 1547 1900 h
1571 1827 1615 1900 D.
1645 1827 1744 1900 1428
1780 1825 1846 1899 suh

292 1953 496 2042 pontificatu
521 1952 717 2043 Shignei
737 1949 947 2042 cardinalis,
973 1959 1009 2024 et
1034 1961 1120 2026 tuuc
1145 1951 1383 2024 Cracouiensis
1410 1950 1582 2041 episcopi,
1608 1956 1645 2022 ct
1662 1971 1729 2040 per
1754 1950 1845 2021 eius-

291 2071 369 2145 dem
395 2074 516 2144 literas
542 2073 801 2161 confirmatum
828 2079 1020 2165 pronaum
1044 2080 1160 2144 autem
1186 2071 1418 2153 dicti-altaris
1444 2071 1504 2143 isti
1529 2077 1620 2142 sunt.

394 2193 725 2283 Wnoaaromcza,
751 2195 835 2265 villa
863 2195 935 2269 snb
958 2196 1130 2291 parochia
1155 2194 1198 2265 de
1234 2191 1596 2283 Oppatkowicze
1622 2193 1712 2280 sita,
1747 2192 1844 2262 cuius

290 2314 459 2387 haeredes
485 2313 842 2404 Wrohlowsczy,
868 2313 994 2403 inqua
1010 2320 1093 2387 sunt
1117 2315 1212 2385 lanei
1235 2315 1484 2403 cmethonales,
1506 2314 1549 2385 (le
1568 2314 1695 2405 thus
1711 2312 1845 2384 decima

291 2435 458 2505 ccclesiae
493 2434 527 2504 S
551 2432 677 2506 Jacohi
710 2435 747 2505 in
773 2433 1038 2524 casimiria;
1073 2436 1157 2506 item
1192 2436 1307 2507 estin
1334 2435 1456 2507 cadem
1480 2435 1566 2506 villa
1590 2435 1740 2506 taberna
1763 2454 1843 2521 una,

144 2580 165 2664 ‘.
291 2555 340 2625 ad
365 2554 620 2647 proprietatem
654 2554 777 2625 altaris
810 2553 844 2625 S.
869 2553 994 2628 Jacohi
1029 2553 1345 2662 incasimiria
1377 2556 1577 2646 pertinens,
1613 2555 1659 2627 de
1685 2576 1756 2645 qua
1780 2574 1844 2644 pro

291 2671 408 2746 annuo
434 2696 541 2747 censu
566 2675 750 2746 solvuntur
775 2675 955 2747 altaristae
981 2731 1097 2746 .....

395 2794 706 2885 hommem,
741 2795 827 2866 villa
852 2797 917 2867 snb
942 2797 1108 2886 parochia
1133 2795 1297 2867 ecclesiae
1322 2797 1367 2869 ue
1385 2794 1479 2887 Gay
1505 2796 1584 2867 sita
1608 2795 1699 2866 Item
1726 2794 1845 2865 altan-

290 2922 347 2987 sta
371 2915 609 2989 SJaoobiin
626 2914 880 2988 Gasimiria
904 2916 1084 3006 praelatus
1105 2917 1215 2988 hahet
1239 2917 1276 2988 in
1293 2917 1414 2988 molem
1438 2917 1524 2988 villa
1547 2917 1718 3006 piscinam
1735 2934 1842 3005 prope

289 3036 433 3108 flurium
457 3036 628 3128 Wylga

393 3157 758 3247 Scnwoscnomczn,
784 3158 869 3228 uilla
894 3159 960 3229 sub
977 3158 1145 3248 parochia
1170 3157 1335 3227 ecelesiae
1361 3156 1405 3228 de
1423 3212 1432 3227 .
1450 3211 1459 3226 .
1477 3212 1512 3226 ..
1539 3157 1617 3228 sita
1650 3157 1740 3228 Item
1757 3156 1842 3226 alta·

288 3279 378 3350 rista
401 3279 525 3350 altaris
559 3277 742 3363 &staphi
778 3279 814 3348 iu
840 3277 1096 3351 Gasimiria
1128 3279 1235 3349 habet
1267 3278 1318 3349 ibi
1344 3298 1408 3367 pro
1441 3277 1525 3349 dote
1558 3299 1624 3349 sua
1657 3276 1840 3367 praedium

291 3399 421 3471 honum
446 3418 526 3469 cum
551 3398 645 3488 agris
671 3404 709 3469 et
733 3398 854 3488 pratia

393 3518 712 3607 anssnawrczn,
737 3519 823 3591 villa
847 3519 913 3590 suh
935 3520 1102 3608 parochia
1128 3518 1292 3591 ccclesiae
1318 3518 1361 3591 de
1379 3574 1495 3590 .....
1520 3520 1599 3591 sita
1637 3518 1728 3603 item
1754 3517 1841 3589 alta·

274 3639 379 3710 'rista
404 3638 439 3711 S.
452 3628 580 3731 Japohi
604 3639 713 3710 hahet
737 3640 787 3711 ibi
812 3661 920 3710 unum
946 3641 1163 3713 emethoncm
1177 3639 1224 3710 ad
1249 3640 1563 3731 sepertincntem,
1588 3640 1653 3730 qui
1674 3638 1710 3711 ei
1739 3637 1844 3708 soluit

288 3782 354 3850 pro
377 3781 484 3833 cmm
509 3781 625 3831 annuo
650 3779 938 3832 ruam-marcam

393 3880 529 3952 Hortus
554 3857 866 3952 inllasimiria
891 3903 934 3952 er
952 3882 1112 3971 opposito
1139 3880 1305 3952 ecclesiae
1331 3880 1364 3951 S.
1381 3878 1507 3953 Jaoohi
1531 3881 1569 3955 iu
1586 3881 1724 3970 angulo,
1751 3880 1843 3950 inter

289 4022 407 4073 muros
425 4000 706 4090 Cmimirienscs,
730 4008 768 4072 et
785 4001 925 4072 domum
949 4002 1090 4092 plebani
1116 4001 1150 4072 S.
1165 4000 1292 4073 Jacobi
1317 4001 1452 4072 mediae
1477 4002 1713 4090 partissitus,
1740 4019 1843 4091 quem

287 4122 395 4196 hahet
420 4123 584 4193 altarista
608 4143 675 4212 pro
699 4123 917 4195 habitatione
935 4144 1008 4194 sna
1047 4121 1163 4193 Onera
1189 4129 1306 4192 autem
1324 4121 1447 4192 altaris
1458 4121 1637 4212 ,praedicti
1662 4127 1747 4192 sunt
1770 4129 1843 4191 tres

288 4245 417 4314 missae
444 4244 481 4312 in
498 4243 655 4332 qualibet
672 4244 869 4332 septimana
890 4242 980 4333 feria
997 4243 1150 4314 secunda
1175 4263 1239 4332 pro
1258 4241 1449 4332 defunctis,
1474 4233 1645 4314 sahhatho
1670 4241 1716 4313 de
1733 4243 1847 4313 Beata

289 4361 455 4452 Virgine,
481 4368 519 4433 et
541 4360 601 4451 uie
625 4361 799 4461 dominica
821 4362 867 4453 §e
892 4363 1081 4453 die,.quae
1103 4363 1266 4441 altarista
1290 4364 1431 4453 explere
1457 4369 1623 4434 tenetur.-

393 4481 590 4553 Proventns
616 4488 767 4572 quatuor
789 4462 1108 4555 Mansionariorum
1134 4484 1171 4552 in
1193 4484 1339 4554 ecclesia
1366 4483 1485 4555 Sancti
1510 4483 1634 4556 Jacohi
1647 4485 1695 4554 in
1723 4483 1846 4556 Gasi-

288 4604 444 4692 miria,
488 4624 577 4695 quae
612 4623 682 4697 uop
717 4609 800 4677 suut
834 4608 1041 4693 perpetuae,
1075 4604 1138 4674 scd
1174 4604 1371 4693 manuales,
1406 4610 1488 4675 sunt
1522 4603 1844 4697 istit-Lanaeus,

289 4724 373 4794 villa
407 4724 666 4814 suu-parochia
689 4716 856 4795 ecclcsiae
891 4723 935 4794 de
961 4723 1195 4813 Xagnicze
1231 4725 1319 4812 sita,
1353 4725 1452 4795 cuius
1486 4725 1611 4795 haeres
1646 4723 1844 4814 Salpen-

289 4845 374 4936 sky
408 4845 454 4919 ue
478 4843 713 4919 Prokocia
748 4844 792 4915 de
828 4845 934 4916 armis
965 4843 1180 4933 Strepae,
1214 4846 1251 4914 in
1286 4865 1355 4934 qna
1396 4850 1590 4928 sunt·octo
1624 4845 1720 4915 lanei
1753 4865 1845 4915 cme·

287 4967 464 5056 thonalcs,
499 4969 582 5039 item
609 4965 790 5057 praedium
816 4987 941 5054 unum,
975 4964 1019 5035 de
1050 4965 1177 5055 quibus
1203 4965 1361 5036 omnihus
1392 4965 1541 5036 solvitur
1566 4970 1615 5036 et·
1635 4964 1844 5036 conducitur

287 5086 421 5158 decima
453 5088 680 5177 manipularis
714 5094 752 5159 et
778 5086 954 5176 canapalis
984 5106 1049 5177 pro
1076 5085 1318 5157 mansionariis
1344 5085 1551 5175 praedictis,
1577 5092 1616 5157 et
1638 5086 1741 5156 valor
1767 5087 1843 5158 mm

289 5208 495 5278 aestimatur
520 5207 566 5277 ad
591 5207 710 5279 decem
735 5228 879 5279 marcas.
1755 5208 1760 5213 '
1893 5218 1894 5221 ’

394 5325 558 5416 Onszmn,
583 5327 682 5416 villa,
709 5329 841 5398 hahens
858 5329 896 5398 in
913 5347 951 5396 se
968 5326 1203 5416 parochialem
1228 5325 1409 5397 ecclesiam
1435 5324 1542 5396 Sanct
1558 5378 1567 5395 .
1584 5379 1593 5394 .
1611 5380 1647 5396 ..
1682 5327 1845 5417 dicatam,
1881 5360 1885 5367 ·

270 5447 387 5521 cuius
404 5448 531 5519 haeres
548 5446 713 5518 Nicolaus
731 5447 1011 5538 Bnczynsky
1029 5446 1074 5518 de
1091 5446 1432 5535 armisStrepa'e,
1450 5446 1574 5539 inqua
1656 5450 1844 5540 tquinque

288 5569 382 5640 lanei
408 5568 660 5656 emethonales,
695 5567 739 5638 dc
765 5568 890 5657 quibus
926 5568 1074 5641 solvitur
1099 5573 1137 5638 ct
1162 5567 1368 5639 conducitur
1393 5566 1526 5637 decima
1551 5588 1585 5637 m
1633 5568 1782 5658 ipnlaris
1809 5576 1845 5641 et

288 5688 467 5778 canapalis
491 5709 557 5778 pro
583 5688 1004 5777 mansionariis'quatnor
1029 5687 1063 5758 S.
1089 5687 1213 5759 Jacobi
1238 5688 1275 5757 in
1293 5686 1564 5776 Gasimiria,
1589 5693 1626 5758 et
1643 5689 1744 5759 valor
1770 5690 1846 5760 eiua

287 5811 494 5882 aestimatur
520 5809 566 5881 ad
575 5863 690 5880 .....
729 5806 819 5878 Item
835 5814 892 5879 est
908 5809 958 5879 ihi
975 5809 1157 5897 praedium
1181 5806 1351 5895 militare,
1378 5806 1422 5879 de
1440 5808 1539 5878 cuius
1567 5809 1664 5897 agris
1689 5809 1846 5881 soluitur

290 5927 424 6001 noema
448 5930 674 6021 manipularis
700 5928 806 6000 altari
833 5982 949 5997 .....
984 5930 1022 5999 in
1046 5927 1285 6021 Woyniez,
1319 5929 1403 5998 item
1430 5933 1513 5998 sunt
1548 5929 1584 5998 in
1609 5929 1733 6000 eadem
1760 5931 1847 6002 villa

290 6047 398 6138 aliqui
425 6051 520 6138 agri,
556 6051 599 6122 (le
626 6051 751 6140 quihus
778 6048 928 6120 solvitur
952 6048 1086 6119 decima
1110 6049 1274 6137 episcopo
1300 6045 1541 6136 ssuaooviensi,
1576 6048 1621 6119 de
1652 6050 1733 6121 aliis
1759 6072 1846 6123 uero

289 6168 384 6256 agris
410 6158 603 6240 decimatur
629 6168 812 6239 decanatui
839 6222 981 6238 ......
1020 6167 1109 6238 Item
1136 6175 1218 6237 sunt
1244 6168 1292 6240 ibi
1319 6168 1409 6240 (luae
1434 6169 1611 6241 tabernae.

379 6287 614 6360 Jun’owrczn
639 6286 842 6377 Snrnmon,
878 6288 963 6360 uilla
997 6287 1062 6359 sub
1092 6288 1259 6376 parochia
1292 6288 1337 6358 (le
1362 6286 1728 6377 Oppathcwieze
1764 6294 1845 6385 sita,

290 6407 390 6480 cuius
416 6407 586 6483 haeredes
613 6407 747 6477 nobiles
773 6407 816 6478 de
835 6410 941 6479 armis
967 6407 1185 6497 Strepae,
1211 6408 1247 6479 iu
1275 6428 1344 6497 qua
1370 6415 1453 6479 sunt
1478 6409 1569 6481 lanei
1595 6412 1845 6504 emethonales,

261 6627 264 6631 ,
290 6527 572 6630 θῐ·(ιυί1ἰὶ)οι;ὼ
596 6529 698 6599 laneo
723 6526 829 6598 solvit
854 6529 1096 6632 mansionariis
1122 6528 1157 6599 S.
1182 6527 1306 6600 Jacobi
1330 6548 1395 6618 pro
1422 6527 1559 6603 (lecim
1580 6533 1754 6622 pecuniali
1781 6550 1867 6628 pn·
