4200 8342
318 1617 392 1693 428

421 1827 659 1916 Znoonznm,
696 1824 779 1896 villa
814 1824 879 1896 suh
909 1821 1074 1915 parochia
1109 1821 1153 1893 de
1187 1819 1455 1892 Ostroncze
1492 1820 1578 1908 sita,
1613 1817 1712 1890 cuius
1745 1813 1880 1890 haeres

318 1948 474 2022 Mathias
501 1945 545 2020 dc
571 1947 678 2020 armis
714 1945 1034 2038 Bippennium.
1074 1943 1213 2034 inqua
1247 1948 1329 2014 sunt
1364 1940 1457 2013 lanei
1494 1939 1746 2030 cmethonales,
1789 1939 1880 2012 item

300 2065 423 2150 :Turnum
448 2067 630 2160 praedium
657 2067 829 2157 militare,
864 2065 908 2138 de
934 2065 1061 2156 quihus
1087 2064 1234 2136 solvitur
1260 2069 1297 2134 et
1324 2062 1527 2135 conducitur
1554 2061 1687 2134 decima
1713 2061 1878 2150 manipn-

318 2191 404 2262 laris
429 2197 467 2264 et
493 2190 669 2280 canepalis
698 2210 760 2282 pro
788 2187 935 2261 ecclesia
960 2187 997 2258 in
1023 2183 1100 2259 Sol
1113 2206 1240 2277 yecz,
1266 2192 1304 2258 et
1330 2185 1429 2257 valor
1454 2184 1529 2256 eius
1556 2183 1600 2255 ad
1628 2182 1713 2256 duas
1735 2202 1880 2254 marcas

318 2314 535 2384 aestimatur.

422 2433 593 2522 Hrnnow,
620 2431 704 2502 villa
730 2431 795 2502 snb
821 2428 987 2521 parochia
1012 2428 1057 2500 de
1082 2426 1348 2501 Ostrowcze
1374 2428 1453 2499 sita
1479 2426 1520 2499 In
1548 2431 1716 2518 quaeunt
1735 2479 1877 2515 ......

319 2553 363 2626 de
389 2551 513 2644 quibus
550 2552 697 2624 solvitur
731 2557 767 2622 et
794 2549 998 2624 conducitur
1032 2549 1167 2624 decima
1202 2549 1427 2641 manipularis
1463 2569 1527 2639 pro
1564 2545 1711 2622 ecclesia
1736 2546 1773 2618 in
1801 2545 1879 2617 So-

319 2674 467 2764 lyecz,
494 2680 530 2745 et
555 2672 654 2744 valor
679 2672 754 2746 cius
781 2673 882 2744 unius
909 2672 1064 2745 ledonis.

425 2795 633 2884 Saparnos,
661 2794 745 2868 uilla
772 2795 836 2866 sub
863 2794 1030 2884 parochia
1056 2793 1099 2866 de
1117 2847 1126 2863 .
1145 2848 1152 2864 .
1171 2848 1206 2862 ..
1232 2794 1310 2864 sita.
1336 2792 1377 2864 ln
1396 2810 1465 2884 qua
1491 2796 1573 2864 sunt
1599 2791 1691 2863 lanei
1717 2790 1878 2863 cmetho-

318 2916 434 3007 nelca,
460 2917 504 2987 de
531 2915 657 3007 quihus
684 2916 835 2988 solvitur,
857 2915 991 2989 decima
1026 2914 1254 3005 manipularis
1280 2914 1445 2986 ecclesiae
1472 2914 1508 2985 in
1535 2912 1746 3006 Solyecn;
1774 2912 1880 2984 valor

319 3039 393 3107 cius
420 3038 464 3108 ad
491 3058 596 3109 unam
622 3057 784 3108 marcam.

423 3158 661 3248 Gzrnsnonn,
696 3158 781 3230 villa
807 3159 872 3231 suh
898 3157 1065 3248 parochia
1092 3157 1135 3229 de
1162 3156 1466 3230 Proholowicze
1505 3157 1592 3248 sita,
1622 3156 1720 3227 cuius
1747 3155 1878 3226 haeres

318 3278 496 3351 lohannes
523 3279 849 3370 Ropsthinsky
876 3277 921 3350 do
946 3280 1053 3350 anuis
1080 3277 1402 3368 Bippennium.
1427 3278 1469 3349 ln
1493 3300 1562 3370 qua
1584 3282 1665 3350 sunt
1691 3297 1750 3348 sen
1778 3275 1877 3348 lanei

316 3401 573 3490 tmethonalcs,
609 3402 692 3471 item
729 3401 877 3472 taberna
910 3399 1269 3472 Nadrosznicza
1303 3400 1435 3472 hahens
1467 3419 1570 3491 agnos
1606 3398 1792 3489 speciales,
1830 3398 1877 3468 de

176 3507 179 3512 ’
322 3523 446 3611 quibus
474 3521 620 3592 solvitur
647 3527 684 3592 et
711 3521 915 3593 conducitur
951 3521 1084 3593 decima
1114 3520 1341 3613 manipularis
1369 3529 1405 3595 et
1431 3522 1607 3612 canapalis
1634 3541 1698 3612 pro
1724 3540 1877 3610 praepo·

320 3644 432 3713 situra
467 3641 683 3732 Visliciensi,
719 3649 755 3714 et
781 3641 880 3714 valor
916 3644 991 3714 eius
1027 3643 1232 3714 aestimatur
1258 3643 1301 3715 ad
1329 3640 1407 3714 octo
1434 3663 1578 3714 marcas.
1617 3641 1705 3714 item
1742 3647 1797 3712 est
1823 3642 1878 3713 ihi

320 3763 499 3853 praedium
528 3764 666 3835 unicum
693 3762 860 3853 militare,
897 3763 988 3854 qaod
1016 3765 1166 3835 decimat
1193 3764 1357 3836 ecclesiae
1385 3766 1419 3835 in
1448 3765 1659 3856 Solyecn,
1686 3763 1784 3834 cuius
1811 3763 1878 3848 de-

321 3886 431 3956 cimae
458 3884 557 3956 valor
584 3886 788 3957 aestimatur
815 3886 858 3958 ad
886 3886 973 3958 duas
1001 3907 1145 3957 marcas.

423 4005 536 4079 Lissa
563 4006 690 4096 Gonu,
726 4007 810 4079 villa
836 4008 900 4080 suh
927 4008 1093 4098 parochia
1128 4008 1171 4078 de
1191 4061 1357 4078 .......
1385 4009 1461 4078 sita.
1499 4007 1539 4078 ln
1568 4012 1744 4110 quaeunt
1779 4005 1877 4078 lanei

322 4130 578 4219 emethonales,
606 4134 643 4201 et
669 4129 808 4202 solvunt
833 4128 1000 4201 decimam
1033 4127 1244 4219 pecnnlalcm
1274 4149 1337 4218 pro
1365 4129 1510 4200 ecclesia
1536 4130 1572 4198 in
1600 4126 1792 4218 Solyecz
1812 4183 1819 4197 .
1841 4182 1877 4198 ..

320 4248 364 4322 de
390 4250 491 4323 laneo
510 4305 517 4319 .
537 4301 545 4319 .
563 4305 597 4319 ..

424 4369 631 4458 Powazorn
658 4369 741 4440 villa
766 4371 831 4442 sub
858 4371 1027 4460 parochia
1045 4422 1161 4441 .....
1188 4370 1267 4442 sita.
1302 4370 1342 4442 ln
1371 4391 1440 4461 qua
1466 4371 1614 4460 decima,
1651 4369 1694 4442 ad
1723 4368 1876 4442 mediam

320 4509 471 4560 marcam
500 4511 536 4559 se
564 4490 769 4580 extendens,
797 4490 946 4562 solvitur
964 4492 1143 4564 ecclesiae·
1163 4492 1200 4563 in
1228 4492 1430 4584 Solyecz.
1732 4567 1734 4572 ,

426 4609 577 4700 Zenon,
613 4610 697 4682 villa
722 4612 786 4683 sub
813 4613 979 4702 parochia
1005 4611 1049 4684 de
1076 4611 1273 4704 Solyecz
1301 4615 1388 4704 sita,
1420 4615 1518 4686 cuius
1544 4611 1669 4686 haeres
1694 4611 1876 4686 Johannes

322 4733 365 4804 dc
391 4732 627 4822 Rithwyani
654 4732 828 4824 palatinus
856 4733 1106 4806 cracoviensis.
1142 4734 1181 4806 ln
1206 4754 1274 4826 qua
1291 4744 1372 4807 sunt
1389 4736 1481 4808 lanei
1509 4735 1761 4824 cmethonales,
1789 4736 1874 4806 item

319 4855 504 4944 tabernae,
531 4855 615 4925 item
641 4854 836 4946 hortulani,
865 4854 909 4926 de
928 4855 1052 4946 quibos
1072 4855 1220 4928 solvitur
1238 4863 1274 4927 ct
1292 4857 1496 4929 conducitur
1522 4858 1655 4930 decima
1680 4855 1876 4946 manipula·

320 4976 370 5045 ris
398 4984 434 5047 et
460 4975 635 5065 canapalis
662 4997 726 5068 pro
745 5030 860 5047 .....
892 4976 979 5048 ltem
1006 4983 1070 5049 est·
1088 4978 1136 5049 ibi
1163 4977 1343 5067 praedium
1371 4980 1507 5054 unicum
1534 4981 1705 5070 militare,
1732 4977 1775 5050 de
1802 5001 1874 5071 quo

321 5096 516 5168 decimatur
542 5097 708 5170 ecclesiae
734 5099 770 5169 in
798 5097 1137 5189 Solyeomeuius
1165 5097 1263 5172 valor
1290 5101 1333 5172 ad
1360 5122 1463 5172 unam
1492 5121 1707 5192 sexagenum.

424 5216 538 5288 Villae
557 5219 790 5314 parochiales:
818 5218 1030 5310 Solyocz,
1057 5219 1224 5311 Janon,
1252 5221 1453 5313 Zhorow,
1480 5221 1654 5312 Zukow‚
1680 5221 1876 5314 Powazi,

323 5333 515 5408 Welnin.
814 5334 822 5348 ’

977 5461 1216 5536 Osnnowczn.

424 5579 518 5652 Villa
553 5580 684 5653 habens
720 5582 756 5653 in
792 5584 1035 5656 aeecclesiae]
1072 5586 1305 5676 parochialem
1341 5592 1529 5679 muratam,
1565 5588 1693 5661 Sancto
1718 5588 1874 5664 Johanni

320 5701 502 5793 Baptistae
529 5701 698 5794 dicatam,
725 5725 827 5795 quam
854 5705 1032 5778 lohannes
1060 5707 1274 5800 Naszyon
1296 5711 1515 5800 praepositus
1543 5710 1760 5783 Visliciensis
1788 5711 1870 5784 albo

319 5822 434 5913 lapide
461 5823 662 5915 tahr'icavit;
689 5827 786 5897 cuius
813 5827 936 5899 haeres
963 5828 1142 5901 lohannes
1170 5830 1358 5922 Naszyon
1387 5831 1430 5903 de
1456 5832 1562 5904 armis
1589 5832 1873 5923 Bippeunium.

322 5943 362 6015 ln
390 5967 458 6035 qua
485 5954 566 6019 sunt
594 5955 743 6039 quatuor
769 5970 845 6020 cum
881 5951 994 6022 medio
1022 5950 1113 6021 lanei
1154 5952 1405 6044 emethonales,
1442 5955 1524 6024 item
1551 5975 1655 6025 unum
1692 5954 1873 6045 praedium

319 6066 489 6158 militare,
526 6070 609 6140 item
642 6092 710 6141 una
734 6071 882 6144 taberna
916 6070 1109 6161 plebanalis
1146 6073 1278 6146 habens
1314 6095 1436 6165 agree,
1472 6074 1515 6147 de
1551 6077 1676 6167 quibus
1712 6075 1913 6172 omnihusf,

320 6185 468 6258 solvitur
495 6195 531 6259 et
549 6188 753 6262 conducitur
771 6192 904 6264 decima
921 6193 1147 6284 marripularis
1170 6186 1206 6267 et
1225 6197 1418 6287 cenapolis,
1446 6197 1612 6270 ecclesiae
1630 6199 1666 6270 in
1693 6198 1875 6274 Ostrow·
1893 6169 1919 6216 '¹

320 6326 409 6394 cre,
436 6309 533 6379 cuius
569 6307 666 6379 valor
701 6311 747 6380 ad
773 6333 833 6383 sen
869 6334 1014 6386 marcas.
1049 6313 1138 6386 Item
1174 6313 1321 6390 ecclesia
1354 6318 1462 6391 hahet
1496 6321 1697 6412 tabernam,
1731 6318 1775 6390 do
1802 6339 1874 6410 qua

321 6421 424 6495 datur
451 6427 518 6498 sibi
545 6448 614 6499 una
640 6449 757 6502 marca
784 6452 862 6505 cnm
889 6435 1020 6526 media,
1048 6438 1132 6509 item
1151 6437 1258 6510 hahet
1285 6461 1388 6530 agros
1406 6441 1599 6530 praediales
1618 6446 1655 6513 et
1672 6439 1741 6512 duo
1759 6446 1871 6530 prata.

425 6543 558 6618 Gonnn
585 6548 749 6644 Wonrn,
777 6553 860 6628 villa
877 6555 942 6630 snb
961 6558 1128 6646 parochia
1154 6557 1197 6628 de
1223 6558 1482 6633 Ostroucze
1508 6563 1595 6654 sita,
1622 6563 1718 6636 culn
1744 6562 1871 6636 haeres
