4200 8342
257 1637 329 1713 208

256 1848 294 1916 ln
323 1867 391 1935 qua
418 1850 499 1915 sunt
524 1843 615 1916 lanei
643 1837 894 1933 emethonales,
929 1840 1013 1913 item
1047 1842 1231 1932 tabemae‚
1267 1843 1351 1937 item
1377 1838 1592 1933 hortulani‚·
1613 1837 1658 1913 de
1685 1837 1803 1932 quibus

257 1967 404 2037 solvitur
430 1972 466 2037 et
484 1961 686 2036 conducitur
713 1965 845 2035 decima
871 1964 1103 2063 manipularis¹
1116 1971 1153 2035 et
1171 1963 1347 2053 canapalis
1374 1984 1438 2054 pro
1461 1964 1708 2054 praepositura
1726 1962 1805 2035 Gra·

256 2088 416 2176 coviensi,
443 2093 478 2157 et
504 2086 601 2158 valor
628 2086 702 2156 eius
729 2086 774 2156 ad
792 2139 822 2155 ..
841 2140 874 2154 ..
901 2106 1034 2157 marcas
1061 2086 1275 2157 aestimatur.
1301 2085 1390 2155 Item
1416 2084 1585 2175 plebanus
1603 2083 1804 2156 eteoclesia

255 2208 362 2278 habet
388 2208 437 2278 ibi
464 2207 631 2297 speciales
658 2227 760 2295 agros
786 2206 915 2277 liberos
942 2211 978 2276 et
1003 2211 1115 2295 prata,
1142 2226 1206 2296 pro
1233 2227 1295 2277 suo
1322 2226 1387 2276 usu
1413 2211 1451 2277 et
1477 2205 1696 2277 necessitate.

358 2327 585 2414 Rssennon,
612 2327 785 2398 villasub
812 2327 979 2431 parochia
1004 2327 1048 2397 de
1075 2326 1185 2417 Slup
1213 2328 1290 2415 sita,
1317 2327 1414 2398 cuius
1431 2326 1602 2398 haeredes
1619 2325 1806 2413 Johannes‚

256 2448 380 2520 Petrus
407 2453 443 2519 et
468 2447 651 2537 Nicolaus²
679 2447 811 2518 nobiles
838 2446 880 2518 de
908 2447 1009 2518 domo
1036 2446 1359 2520 Odrowansch.
1390 2447 1443 2519 ·ln
1470 2467 1540 2537 qua
1561 2447 1694 2538 uiginti
1721 2466 1807 2518 uuus

254 2570 374 2640 laneus
401 2568 635 2656 cmethonalis‚
668 2567 711 2638 de
738 2568 862 2657 quibus
889 2566 1023 2640 decima
1048 2568 1275 2658 manipularis
1302 2574 1339 2639 et
1365 2567 1541 2658 canapalis
1568 2566 1728 2639 solvitur
1745 2587 1807 2657 pro

152 2679 154 2684 ’
257 2687 500 2780 praepositura
527 2687 755 2777 Oracoviensi,
783 2694 819 2759 et
836 2689 935 2760 valor
952 2690 1026 2760 eius
1043 2689 1089 2760 ad
1107 2689 1302 2779 quindecim
1329 2676 1464 2759 mareas
1482 2688 1702 2778 aestimatur;
1728 2689 1808 2759 item

255 2814 412 2898 taberna;
439 2810 522 2881 item
548 2809 734 2898 hortulani,
761 2809 844 2880 item
870 2809 920 2879 ibi
946 2816 1027 2880 sunt
1055 2810 1122 2881 duo
1149 2810 1292 2900 praedia
1309 2809 1475 2881 militaria
1500 2815 1537 2880 et
1563 2808 1653 2880 duae
1672 2805 1828 2895 -curiaa'

257 2952 345 3022 quae
372 2933 447 3002 iure
473 2930 663 3020 parochiali
690 2929 929 3018 pertinentia
956 2928 1283 3021 Sczekoczini,
1310 2931 1354 3001 de
1372 2951 1521 3021 quorum
1539 2930 1635 3020 agris
1662 2929 1810 3001 solvitur

257 3050 391 3122 decima
417 3050 642 3141 manipularis
668 3050 703 3120 in
730 3049 1047 3121 Sczekoczini.

895 3294 1165 3367 Znauowracz.

362 3412 535 3506 Oppidum
561 3415 691 3488 habens
718 3416 754 3486 in
782 3435 819 3487 se
846 3416 1080 3505 parochialem
1117 3387 1296 3487 ecclesiam
1332 3413 1480 3486 Sanctae
1509 3413 1645 3487 Mariae
1672 3415 1809 3488 Nativi-

258 3536 324 3605 tati
352 3535 517 3624 dicatam,
554 3536 651 3605 cuius
684 3536 881 3625 proprietas
916 3536 960 3607 ad
996 3537 1253 3607 serenissimum
1289 3534 1454 3607 Poloniae
1488 3556 1607 3626 regem
1644 3537 1808 3626 pertinet

258 3657 354 3726 cuius
380 3656 548 3745 plebanus
574 3657 739 3745 magister
765 3655 934 3728 Matthias
961 3657 1005 3727 de
1036 3655 1274 3747 Cobylino.
1317 3656 1358 3726 In
1385 3676 1454 3746 quo
1480 3663 1562 3728 sunt
1588 3657 1683 3729 lanei
1711 3658 1808 3747 oppi-

259 3776 444 3864 danorum,
480 3781 516 3846 et
540 3775 583 3847 de
604 3778 721 3866 agris,
758 3777 816 3867 qui
852 3776 1245 3849 Studzenniczno·
1267 3782 1455 3867 vocantur,
1491 3777 1638 3849 solvitur
1675 3778 1809 3849 decima

258 3896 446 3985 pecunialis
471 3916 536 3985 pro
563 3897 773 3967 monasterio
800 3898 836 3967 in
863 3896 1224 3987 lmramowicze;
1251 3898 1294 3969 de
1321 3897 1399 3970 aliis
1426 3904 1542 3970 antem
1557 3900 1666 3989 ‚agiis
1690 3898 1809 3989 oppidi

258 4017 404 4087 solvitur
431 4022 467 4087 et
493 4016 696 4088 conducitur
730 4017 862 4088 decima
897 4018 1123 4109 manipularis
1158 4037 1234 4108 pro,
1248 4018 1459 4091 monasterio
1497 4018 1811 4090 sanctimonialium

256 4135 373 4207 Sancti
401 4135 563 4207 Andreae
590 4137 627 4207 in
655 4135 892 4210 Gracovia
936 4138 1024 4209 Item
1050 4138 1219 4228 plebanus
1253 4138 1408 4211 eiusdem
1443 4139 1562 4233 oppidi
1597 4139 1708 4211 babet
1733 4144 1807 4211 tres

256 4256 374 4328 laneos
402 4277 573 4347 agrorum,
601 4257 773 4329 dictorum
800 4256 1044 4348 Gonnos,
1072 4279 1136 4348 pro
1154 4259 1298 4349 praedio
1325 4279 1399 4349 suo,
1416 4264 1453 4331 et
1469 4264 1574 4350 prata
1591 4258 1812 4348 sufficientia

258 4378 339 4448 item
367 4378 473 4448 habet
499 4385 536 4448 et
562 4378 850 4451 columhationem
877 4399 920 4450 ex
946 4379 1091 4469 oppido,
1127 4380 1212 4451 item
1238 4379 1346 4451 babet
1371 4380 1587 4452 hammonias
1613 4381 1650 4451 iu
1677 4381 1809 4471 oppido

259 4499 295 4568 iu
320 4499 406 4586 loco,
434 4500 492 4589 qui
521 4506 664 4569 vocatur
691 4499 946 4588 Morawka3
961 4557 965 4560 .
981 4501 1065 4572 item
1092 4501 1128 4571 in
1155 4501 1225 4572 alia
1251 4521 1334 4572 vero
1361 4507 1461 4592 parte
1496 4501 1677 4573 laneorum
1703 4502 1814 4573 habet

259 4619 426 4709 plebanus
454 4625 568 4691 certas
594 4625 713 4711 partes
740 4619 824 4710 agri,
851 4621 937 4692 alias
962 4618 1064 4715 nziwy,
1091 4641 1196 4711 penes
1222 4621 1395 4711 publicam
1421 4622 1512 4695 uam
1539 4623 1704 4712 meantem
1731 4622 1823 4693 item

258 4746 311 4839 est
338 4740 387 4812 ibi
414 4741 558 4812 ecclesia
575 4741 611 4811 in
629 4741 738 4812 laneis
765 4741 934 4831 praedicti
953 4741 1072 4830 oppidi
1090 4743 1166 4832 sita,
1193 4743 1318 4815 honori
1344 4741 1463 4814 Sancti
1480 4743 1664 4815 Adalberti
1682 4743 1810 4833 dicata,

259 4862 387 4934 matrix
414 4861 614 4952 praedictae
642 4862 806 4934 ecclesiae
832 4863 969 4934 noviter
994 4861 1166 4953 fundatae,
1194 4883 1296 4953 quam
1323 4863 1491 4954 plebanus
1517 4863 1663 4953 singulis
1690 4863 1823 4936 diebus

260 4983 440 5055 dominicis
466 4989 502 5055 et
527 4982 662 5055 lestinis
689 4991 828 5057 tenetur
856 4983 1026 5073 officiare,
1061 4985 1144 5054 item
1172 4991 1227 5056 est
1253 4984 1436 5056 advocatia
1460 4984 1496 5055 in
1523 4983 1644 5057 eodem
1672 4984 1815 5076 oppido,

258 5106 389 5176 habens
416 5112 488 5175 tres
515 5105 634 5177 laneos
662 5126 833 5194 agrorum,
861 5105 1046 5195 dequibus
1074 5106 1221 5176 solvitur
1247 5105 1381 5175 decima
1398 5104 1623 5195 manipularis
1641 5105 1817 5177 ecclesiae

260 5232 296 5294 et
322 5225 469 5312 plebano
496 5226 532 5295 in
559 5225 880 5316 Zarnowyecz‚
908 5233 944 5297 et
970 5227 1069 5299 valor
1095 5226 1168 5297 eius
1187 5227 1391 5298 aestimatur
1416 5226 1461 5297 ad
1488 5230 1637 5317 quatuor
1663 5247 1819 5315 marcas;

260 5345 346 5413 item
373 5347 490 5414 estin
518 5345 637 5414 eodem
665 5346 790 5435 oppido
818 5346 1007 5436 advocatia,
1034 5347 1167 5418 habens
1194 5346 1342 5437 speciale
1357 5347 1601 5419 molendinum
1619 5347 1656 5417 in
1674 5347 1827 5419 flumine

260 5463 545 5553 Unyeowka;
572 5465 655 5535 item
682 5471 736 5535 est
762 5465 812 5535 ibi
839 5462 1017 5554 praedium
1044 5469 1188 5558 regium,
1216 5468 1259 5539 de
1277 5467 1374 5538 cuius
1401 5468 1495 5558 agris
1513 5467 1663 5540 solvitur
1680 5468 1827 5540 decima

262 5584 487 5674 manipularis
489 5638 551 5654 .......
1320 5665 1323 5673 ,

364 5705 562 5777 Notandum
590 5713 706 5794 autem
734 5709 825 5799 quod
852 5709 997 5783 ecclesia
1023 5711 1231 5801 parochialis
1258 5709 1378 5782 Sancti
1403 5708 1587 5783 Adalberti
1612 5710 1649 5783 in
1682 5709 1824 5785 nnti-

261 5848 346 5919 qua
380 5827 703 5919 Zarnowyecz,
739 5850 826 5920 quae
852 5853 942 5903 nunc
970 5833 1167 5923 appellatur
1193 5832 1236 5903 do
1262 5832 1392 5920 laneis,
1426 5829 1493 5903 luit
1518 5825 1753 5904 ventrosaet
1782 5835 1819 5905 iu

262 5948 487 6038 proventibus
515 5954 551 6020 et
578 5949 719 6020 decimis
756 5952 1028 6041 manipularibus
1065 5954 1264 6041 abundans;
1299 5952 1360 6025 sed
1396 5972 1514 6023 omnes
1550 5953 1706 6024 decimae
1742 5955 1818 6026 eius

261 6071 420 6141 meliores
447 6052 638 6161 applicatae
657 6078 694 6142 et
712 6073 825 6143 unitae
845 6079 926 6144 sunt
943 6075 1154 6146 monasterio
1182 6072 1494 6145 sanctimonialium
1512 6072 1633 6144 Sancti
1650 6073 1815 6145 Andreae

264 6193 299 6261 in
326 6190 570 6282 Cracouia,
596 6213 659 6282 por
686 6193 886 6264 Boleslaum
913 6194 1074 6283 pudicum
1101 6194 1222 6265 ducem
1249 6194 1515 6266 Graeoviensem
1533 6200 1570 6265 et
1587 6196 1815 6267 monarcham

264 6313 362 6401 regui
389 6311 564 6402 Poloniae,
592 6320 629 6382 et
647 6315 721 6383 eius
740 6313 911 6385 ducissam
930 6313 1092 6385 Sanctam
1120 6315 1332 6404 Kingam,
1358 6320 1524 6405 temporo,
1551 6336 1620 6405 quo
1646 6316 1815 6387 moniales

264 6433 307 6504 de
333 6432 631 6504 Zaniobosth
668 6435 704 6504 in
730 6434 923 6532 „Skalam
963 6436 1166 6524 transtulit;
1201 6436 1313 6508 relicti
1348 6440 1464 6508 autem
1491 6440 1684 6526 proventus
1711 6435 1816 6509 iufra·

267 6553 389 6644 scripti
415 6553 595 6627 ecclesiae:
662 6643 665 6646 .
1541 6584 1545 6589 ·
