4200 8342
1763 1650 1810 1717 57

363 1843 642 1935 Mrcnanovvvm,
669 1846 753 1917 villa
779 1847 842 1917 sub
870 1849 1036 1936 parochia
1062 1848 1105 1918 de
1132 1847 1155 1919 J
1165 1850 1365 1937 angrotlr
1393 1851 1471 1939 sita,
1498 1851 1595 1925 cuius
1614 1852 1811 1940 proprietas

258 1964 304 2036 ad
330 1965 568 2054 episcopatum
594 1965 858 2038 cracoviensem
884 1969 1045 2058 pertinet,
1073 1970 1108 2039 in
1136 1990 1204 2057 qna
1231 1973 1312 2038 sunt
1338 1969 1531 2057 quindecim
1548 1970 1639 2049 lanei
1658 1972 1810 2041 emethe-

259 2084 365 2175 noles,
391 2087 476 2156 item
502 2107 574 2157 una
598 2086 755 2177 taberna,
782 2087 914 2158 habens
941 2108 1058 2178 agros,
1085 2087 1128 2158 de
1155 2088 1280 2178 quibus
1308 2089 1466 2159 omnibns
1493 2090 1639 2159 solvitur
1665 2094 1702 2162 et
1729 2111 1809 2161 con·
1906 2178 1909 2184 .

260 2205 406 2276 ducitur>
425 2206 558 2276 decima
583 2207 809 2296 manipularis
835 2213 871 2279 et
897 2207 1074 2297 canapaIIs
1089 2227 1164 2297 pro
1191 2210 1353 2298 episcopo
1380 2208 1622 2301 CrocovIensi,
1649 2216 1686 2281 et
1712 2211 1811 2282 valor

257 2326 333 2397 eins
360 2317 564 2397 aestimatur
598 2326 642 2397 ad
669 2327 787 2398 decem
812 2348 957 2429 marcas.
983 2328 1073 2399 Item
1097 2328 1245 2418 quilibet
1272 2329 1407 2399 ametho
1435 2327 1477 2400 de
1504 2329 1604 2400 laneo
1632 2334 1668 2401 et
1693 2331 1810 2402 taber·
1915 2400 1919 2415 ,

257 2449 360 2517 nator
385 2446 430 2518 de
456 2467 542 2537 agro
568 2451 707 2518 tenetur
732 2449 868 2519 ratione
885 2434 1039 2519 maschuc
1056 2448 1222 2520 ecclesiae
1241 2449 1277 2519 in
1294 2448 1318 2520 J
1326 2449 1526 2538 angroth
1554 2450 1809 2522 solverennam

257 2587 456 2638 mensuram
482 2586 613 2639 avenae
640 2572 676 2638 et
702 2568 860 2657 siliginis,
886 2589 1069 2640 mensurae
1096 2569 1361 2640 Illcuschiensis.

362 2687 614 2778 Tazsczvnsz,
640 2688 730 2759 villa·
759 2689 822 2760 sub
849 2689 1015 2779 parochia
1042 2689 1085 2760 de
1111 2688 1135 2760 J
1144 2690 1348 2778 angroth
1375 2690 1461 2779 sita,
1489 2691 1586 2762 cuius
1613 2692 1809 2780 proprietas

256 2807 302 2877 ad
327 2809 577 2881 monasterium
596 2808 907 2882 Immramoviense
934 2809 1067 2881 ordinis
1094 2811 1484 2899 praemonstratensium
1502 2813 1666 2901 pertinet
1685 2813 1721 2882 in
1741 2833 1810 2902 qua

256 2933 340 2999 sunt
365 2906 546 2999 duodecim
571 2929 663 3000 lanei
690 2930 934 3019 emethonules,
960 2931 1045 3001 item
1071 2950 1141 3000 nna
1164 2930 1318 3020 taberna,
1337 2930 1470 3001 habeus
1488 2952 1600 3022 agros,
1620 2931 1663 3002 de
1682 2933 1808 3020 quibus

258 3048 406 3119 solvitur
426 3055 468 3120 et
493 3049 699 3122 conducitur
725 3050 857 3121 decima
882 3049 1108 3138 manipularis
1135 3055 1172 3122 et
1198 3050 1378 3139 canapalis
1399 3071 1463 3139 pro
1489 3028 1611 3122 eodem
1637 3057 1810 3147 mona-stef

257 3169 312 3241 rio
338 3168 609 3271 Imramoviensi,
635 3176 678 3242 et
698 3171 798 3242 valor
824 3171 898 3242 eius
925 3170 970 3241 ad
983 3174 1075 3251 ‚octo
1101 3190 1243 3241 marcas.
1269 3169 1358 3241 Item
1384 3171 1544 3243 scoltetia
1562 3176 1616 3241 est
1634 3171 1669 3241 in
1688 3171 1809 3241 eadem

258 3290 350 3380 villa,
377 3290 510 3362 habens
537 3287 625 3363 dnos
651 3291 769 3365 laneos
795 3292 956 3382 proprios
982 3296 1019 3363 ot
1044 3290 1184 3381 liberos,
1211 3290 1254 3361 de
1282 3271 1406 3380 quibus
1433 3290 1566 3361 decima
1583 3290 1809 3382 manipularis

258 3411 408 3482 solvitur
442 3411 608 3484 eeclesiae
632 3413 834 3502 parochiali
860 3418 899 3485 et
924 3413 999 3495 eius
1025 3411 1173 3500 plebano
1200 3412 1237 3483 in
1264 3411 1287 3483 J
1295 3410 1514 3500 angroth,
1542 3417 1579 3482 et
1605 3411 1705 3481 valor
1733 3412 1809 3482 eius

258 3532 461 3602 aestimatur
487 3532 532 3603 ad
559 3531 645 3603 duas
671 3553 816 3629 marcas.
842 3533 931 3603 Item
958 3533 1139 3622 praedium
1167 3531 1375 3621 coenobiale,
1401 3552 1493 3602 nunc
1519 3531 1678 3620 militare,
1700 3538 1755 3604 est
1773 3534 1809 3603 in

258 3652 378 3723 eadem
405 3653 506 3743 villu,
534 3660 574 3722 et
595 3658 676 3724 sunt
702 3653 941 3743 hortulaniae,
967 3653 1010 3725 de
1037 3653 1163 3742 quibus
1189 3652 1323 3725 decima
1348 3652 1573 3740 maniprdaris
1600 3652 1747 3722 solvitur
1774 3658 1811 3722 et

257 3773 461 3845 conducitur
488 3774 654 3845 ecclesiae
679 3773 765 3845 inJ
775 3775 985 3864 angroth.
1012 3774 1102 3844 ltem
1128 3775 1326 3845 emethones
1353 3773 1456 3845 villae
1474 3773 1651 3863 praelatae
1671 3773 1810 3843 solvunt

257 3915 320 3983 pro
356 3893 502 3966 ecclesia
536 3894 572 3966 in
607 3893 630 3965 J
639 3886 840 3984 angroth
874 3895 1162 3966 columbationem
1197 3901 1234 3965 et
1268 3888 1447 3966 denarium
1484 3894 1601 3965 Sancti
1636 3894 1733 3964 Petri
1770 3914 1811 3964 ac

257 4035 453 4086 mensuram
479 4034 619 4105 avenae,
646 4021 682 4086 et
708 4036 816 4086 unum
840 4035 1000 4104 grossum
1027 4015 1071 4085 dc
1097 4015 1252 4104 quolibet
1277 4015 1388 4086 laneo.

914 4133 1180 4207 Gonaczowr.'

360 4254 465 4345 Villa,
492 4256 623 4328 habeus
649 4256 686 4328 in
713 4276 751 4328 se
777 4234 1008 4346 parochialem
1036 4255 1235 4345 ecclesiam,
1262 4255 1393 4326 Beatae
1418 4254 1554 4326 Mariae
1571 4254 1810 4344 ·Magdalenae
1952 4270 1954 4275 ·

259 4376 428 4466 dicatam,
455 4376 623 4448 advene
659 4375 879 4449 Cracovieusi
907 4377 1069 4466 episcopo
1096 4374 1275 4449 fundatam
1302 4382 1338 4446 et
1365 4376 1541 4465 dotatam,¹
1567 4396 1670 4465 quam
1697 4375 1739 4445 Α.
1766 4377 1808 4446 Ι).

262 4499 361 4568 1430
379 4497 555 4587 ¹magister
581 4496 710 4568 Paulus
737 4498 780 4567 de
806 4496 980 4570 Zathor
1013 4497 1230 4569 decretorum
1258 4496 1380 4568 doctor
1398 4497 1583 4567 canonicus
1600 4493 1808 4568 (lracovien-

257 4618 314 4707 sis,
340 4624 426 4689 tunc
451 4618 606 4690 eiusdem
631 4618 795 4693 ecclesiae
822 4618 1000 4707 plebanus,
1027 4638 1049 4688 a
1074 4618 1195 4707 primis
1222 4616 1454 4688 fundamentis
1477 4617 1628 4705 initians,
1646 4616 1683 4686 in
1701 4618 1810 4688 omni·

257 4739 321 4808 bus
358 4738 430 4809 suis
464 4739 624 4828 partibus
659 4720 775 4828 lapide
811 4737 900 4819 albo,
916 4737 1118 4827 fabricavit,
1146 4746 1182 4808 et
1208 4738 1353 4828 pulchro
1379 4756 1484 4827 opere
1511 4737 1746 4826 continuavit,
1773 4738 1808 4808 iu

258 4880 326 4948 qua
361 4865 443 4932 sunt
477 4859 644 4930 tredecim
680 4836 757 4935 cum
792 4858 906 4930 medio
933 4858 1025 4931 lanei
1051 4859 1287 4930 emethonales
1313 4865 1350 4930 et
1375 4880 1445 4928 una
1471 4858 1649 4946 scoltetia,
1676 4859 1808 4927 habens

257 4978 344 5051 duos
370 4980 498 5069 laneos,
525 5000 628 5051 unam
654 4981 837 5051 tabernam
864 4985 900 5051 et
926 4999 1029 5050 unam
1057 4980 1310 5071 hortulanium3
1338 4981 1420 5050 item
1448 4984 1529 5049 sunt
1552 4979 1604 5053 ibi
1622 4977 1710 5049 duae
1729 4978 1810 5061 hur·

257 5100 412 5171 tnlaniae
439 5101 661 5193 episcopales,
688 5101 732 5173 de
759 5102 885 5192 quibus
912 5101 1070 5173 omnibus
1097 5100 1245 5173 solvitur
1271 5106 1307 5171 ct
1329 5101 1533 5171 conducitur
1550 5099 1683 5170 decima
1702 5099 1811 5169 mani-

257 5221 390 5309 pularis
417 5228 453 5292 et
479 5221 655 5311 canapaIIs
682 5242 746 5310 pro
772 5222 919 5293 ecclesia
945 5227 980 5291 et
1007 5221 1154 5310 plebano
1182 5221 1218 5292 iu
1245 5219 1528 5310 Golaczovy‚
1557 5225 1593 5290 et
1618 5219 1717 5295 valor
1735 5220 1810 5290 eius

258 5342 461 5413 aestimatur
487 5341 533 5413 ad
558 5342 753 5432 quindecim
779 5363 924 5413 marcas.
950 5343 1039 5413 Item
1066 5341 1211 5413 ecelesIa
1238 5348 1274 5412 et
1299 5341 1468 5431 plebanus
1494 5342 1625 5412 habent
1653 5340 1700 5412 ihi
1720 5341 1810 5412 duos

257 5462 376 5537 laneos
410 5484 573 5553 agrorum
607 5464 737 5537 liberos
763 5470 799 5536 et
825 5469 927 5555 prata
951 5484 1015 5553 pro
1043 5484 1106 5535 suo
1132 5464 1284 5553 praedio-
1303 5468 1338 5534 et
1365 5463 1581 5534 necessitate.
1621 5464 1710 5533 Item
1740 5484 1809 5534 non

260 5590 312 5655 est
337 5584 523 5675 praedium
546 5585 581 5656 ia
608 5584 728 5674 eadem
755 5584 840 5657 villa
866 5585 1070 5675 episcopale.

362 5703 615 5795 (inunmvilla
639 5706 705 5793 sub
732 5706 898 5795 parochia
923 5704 967 5779 de
994 5703 1268 5796 GoI-aczowy
1296 5706 1378 5795 sita,
1417 5704 1515 5775 cuins
1542 5703 1739 5793 proprietas
1767 5702 1811 5772 ad

260 5827 459 5917 episcopum
486 5825 750 5898 cracoviensem
777 5827 947 5916 pertInet,
983 5826 1019 5896 in
1047 5847 1116 5916 qna
1143 5831 1224 5896 sunt
1259 5826 1350 5897 lanei
1377 5824 1610 5896 curethonales
1647 5828 1812 5912 quatuor-

260 5947 380 6037 deeim,
408 5946 450 6017 de
470 5947 597 6037 quibus
615 5948 775 6019 omnibus
801 5947 949 6018 solvitur
967 5953 1003 6017 et
1021 5946 1225 6019 conducitur
1253 5946 1385 6016 decima
1411 5943 1637 6032 manipularis
1656 5949 1692 6013 et
1710 5964 1812 6015 rana-

259 6069 345 6158 paIIs
372 6089 435 6157 pro
463 6069 625 6159 episcopo
652 6068 883 6158 Gracoviensi,
910 6074 947 6139 et
964 6069 1063 6141 valor
1081 6069 1155 6140 eius
1174 6068 1219 6138 ad
1237 6065 1415 6138 duodecim
1442 6085 1577 6135 marcas
1596 6066 1811 6137 aestimatur.

258 6188 346 6259 Item
373 6195 427 6260 est
454 6189 490 6259 in
517 6189 638 6260 eadem
675 6189 760 6261 villa
791 6211 860 6276 una
896 6190 1073 6279 scultetis,
1110 6209 1197 6278 quae
1233 6188 1340 6258 babet
1375 6186 1462 6257 dnos
1498 6186 1618 6257 laneos
1645 6193 1681 6257 et
1708 6208 1812 6257 uuam

258 6310 447 6400 tabernam,
475 6311 660 6382 habentem
681 6332 801 6401 agros,
828 6311 871 6382 de
899 6312 1023 6400 quibus
1041 6311 1175 6381 decima
1201 6309 1357 6379 solvitur.
1384 6308 1472 6379 Item
1492 6314 1546 6379 est
1564 6309 1612 6379 ibi
1631 6309 1811 6396 praedium

260 6431 463 6521 episcopale,
491 6431 535 6503 de
562 6432 659 6511 cuius
686 6433 781 6521 agris
800 6484 970 6503 .......
970 6501 972 6506 ,
1331 6492 1346 6506 ,θ
1387 6494 1391 6501 .

362 6551 501 6643 Sucnn,
527 6552 612 6637 villa
637 6553 704 6625 sub
729 6554 896 6643 parochIa
920 6553 964 6625 de
991 6551 1267 6643 Golaezovvy
1294 6552 1390 6644 situ,
1417 6551 1514 6624 cuius
1540 6551 1739 6642 proprietas
1765 6548 1811 6633 od
1852 6548 1856 6557 '
1910 6546 1917 6563 “

361 6719 410 6761 aa.
424 6720 521 6763 aenae.
540 6721 570 6761 m
754 6753 757 6766 ,
1605 6691 1624 6751 8
