4200 8342
1663 1650 1734 1723 381

176 1852 271 1943 palis
296 1874 361 1945 pro
388 1854 590 1945 episcopatu
616 1850 855 1944 cracoviensi,
884 1860 919 1925 et
945 1855 1043 1927 valor
1069 1855 1144 1926 eius
1170 1854 1372 1928 aestimatur
1399 1854 1444 1926 ad
1471 1860 1620 1946 quatuor
1648 1876 1738 1929 mar-

179 1994 258 2065 cas,
294 1976 377 2046 item
403 1975 551 2047 taberna
576 1996 646 2047 una
676 1976 808 2047 hahens
835 1996 956 2066 agros,
983 1976 1066 2047 item
1092 1976 1337 2066 hortulani...,
1364 1977 1447 2048 item
1483 1978 1662 2068 praedium
1689 1981 1736 2052 ihi

180 2096 320 2167 unicum
346 2095 507 2187 militare,
534 2096 577 2167 de
604 2116 672 2186 quo
701 2096 892 2168 decimatur
927 2097 1091 2170 ecclesiae
1119 2096 1154 2167 in
1181 2095 1204 2167 J
1214 2098 1370 2187 anina,
1406 2104 1444 2169 et
1468 2099 1566 2171 valor
1592 2100 1667 2172 eius
1693 2101 1737 2172 ad
1845 2148 1848 2155 ,

181 2215 270 2289 duas
298 2237 443 2289 mmcas.

285 2337 515 2429 Ponunnnr,
541 2338 625 2411 villa
650 2339 715 2411 sub
750 2339 917 2430 parochia
943 2337 987 2410 de
1013 2337 1036 2410 J
1046 2340 1186 2410 anina
1212 2339 1300 2429 sita,
1336 2340 1433 2412 cuius
1459 2342 1583 2413 haeres
1610 2340 1737 2415 Petrus

181 2458 400 2553 Baliczsky
426 2458 600 2553 praefatus
627 2459 670 2532 de
701 2460 802 2532 domo
829 2467 866 2532 et
891 2458 1022 2531 familia
1052 2459 1332 2550 Bippennium.
1363 2461 1404 2532 ln
1432 2456 1505 2560 qua}
1533 2468 1615 2535 sunt
1641 2464 1733 2536 lanei

182 2581 437 2673 cmethonales,
462 2582 506 2653 de
533 2583 658 2673 quihus
684 2581 832 2654 solvitur
858 2586 895 2652 et
921 2580 1125 2653 conducitur
1160 2581 1293 2654 decima
1318 2582 1545 2673 manipularis
1572 2590 1608 2655 et
1635 2604 1738 2656 cana·

182 2702 272 2793 pulis
299 2724 364 2793 pro
390 2704 591 2794 episcopatu
618 2702 849 2793 Oracoviensi,
876 2708 913 2775 et
930 2703 1029 2775 valor
1056 2702 1131 2775 eius
1158 2703 1362 2775 aestimatur
1384 2703 1429 2774 ad
1447 2723 1549 2775 unam
1576 2724 1737 2778 marcam.

181 2822 270 2895 Item
299 2824 444 2896 taberna
469 2844 540 2896 una
564 2825 698 2897 habens
724 2846 845 2916 agros,
872 2826 954 2896 item
971 2824 1218 2896 hortulaniae..
1234 2878 1260 2915 .,
1287 2825 1368 2896 ilem
1396 2825 1575 2915 praedium
1601 2827 1737 2898 unicum

181 2944 344 3035 militare,
370 2946 413 3017 de
441 2967 508 3037 quo
536 2946 728 3019 decimatur
755 2946 921 3019 ecclesiae
947 2946 983 3017 iu
1010 2943 1033 3017 J
1039 2946 1176 3035 anina,
1204 2951 1240 3017 et
1266 2945 1365 3019 valor
1382 2947 1427 3018 ad
1445 2966 1549 3019 unam
1576 2967 1737 3019 marcam.

289 3065 469 3156 Kosmas,
505 3066 589 3139 villa
624 3068 688 3140 sub
724 3067 889 3159 parochia
915 3065 958 3138 de
984 3064 1008 3138 J
1017 3066 1156 3138 anina
1192 3067 1279 3157 sita,
1315 3067 1413 3139 cuius
1448 3067 1573 3157 haeres
1609 3068 1736 3141 Petrus

180 3186 323 3260 Kuoth
349 3188 475 3261 nobilis
494 3188 537 3260 de
560 3189 661 3261 domo
688 3188 849 3260 Pilaua.
876 3188 917 3259 In
944 3208 1013 3279 qua
1038 3192 1122 3259 sunt
1147 3188 1239 3259 lanei
1266 3188 1513 3279 emethouales,
1542 3188 1585 3261 de
1612 3189 1736 3281 quibus

181 3308 334 3382 solvitur
360 3316 397 3381 et
423 3309 627 3383 conducitur
654 3309 787 3380 decima
812 3309 1038 3399 manipularis
1066 3313 1103 3380 et
1129 3309 1305 3400 canopalis
1332 3331 1396 3401 pro
1424 3311 1623 3401 episcopatu
1651 3309 1736 3382 Gra·

183 3431 348 3521 curiensi,
375 3438 412 3501 et
434 3432 532 3504 valor
550 3433 625 3503 eius
643 3432 848 3503 aestimatur
865 3431 910 3502 ad
929 3436 1080 3522 quatuor
1106 3450 1250 3503 marcas
1277 3431 1366 3504 Item
1392 3431 1573 3522 praedium
1599 3431 1738 3504 unicum

181 3552 356 3642 militare,
383 3552 426 3625 de
454 3574 521 3644 quo
548 3552 740 3625 decimatur
767 3552 932 3624 ecclesiae
959 3552 996 3622 in
1021 3551 1046 3623 J
1055 3551 1216 3643 anina,
1244 3557 1280 3624 et
1307 3554 1404 3626 valor
1431 3554 1505 3625 eius
1531 3554 1738 3625 aestimatur

184 3672 230 3745 ad
256 3694 362 3745 unum
387 3694 548 3746 marcam.
573 3675 662 3747 Item
688 3674 855 3746 tabernae
881 3692 950 3745 non
977 3680 1067 3763 sum7
1095 3673 1179 3746 item
1204 3672 1423 3746 hortulauiae
1450 3695 1519 3746 non
1546 3680 1634 3747 sunt

290 3794 550 3886 Wrnucnown,
576 3796 659 3867 villa
685 3796 749 3868 suh
776 3796 942 3886 parochia
967 3794 1011 3865 de
1036 3793 1210 3866 Janina
1236 3794 1320 3884 sita,
1360 3796 1457 3868 euius
1482 3794 1651 3869 haeredes
1677 3793 1738 3868 Jo-

184 3916 320 3987 huunes
355 3916 562 3988 Naschian
589 3917 632 3988 do
658 3918 764 3987 armis
799 3916 1083 4008 Bippennium,
1120 3922 1156 3987 et
1182 3915 1309 3989 Petrus
1343 3914 1664 4006 Myedzigorslry
1695 3914 1738 3987 de

185 4036 296 4109 umis
320 4035 606 4130 Kopaszyna
638 4038 678 4109 ln
706 4059 775 4129 qua
800 4042 883 4108 suut
908 4037 999 4109 lanei
1026 4036 1278 4127 cmothonales,
1306 4037 1349 4108 ds
1376 4037 1501 4127 quihus
1528 4037 1677 4110 solvitur
1703 4040 1739 4108 et

186 4156 392 4230 conducitur
426 4159 560 4231 decima
586 4158 811 4249 manipularis
838 4165 875 4230 et
901 4158 1077 4249 canapalis
1108 4178 1172 4248 pro
1199 4160 1400 4249 episcopatu
1436 4157 1677 4247 Crotoniensi,
1704 4162 1739 4229 et

186 4278 288 4351 valor
313 4280 388 4351 eius
414 4281 618 4352 aestimatur
644 4280 689 4351 ad
715 4280 802 4352 duas
828 4299 970 4353 marcas.
996 4279 1085 4350 Item
1112 4279 1362 4372 hortulani...,
1389 4281 1471 4352 item
1498 4281 1646 4352 taberna
1672 4299 1741 4351 una

186 4398 321 4471 habens
346 4420 460 4492 agros,
486 4402 570 4473 item
597 4401 665 4473 duo
692 4400 836 4491 praedia
861 4400 1042 4491 militaria,
1069 4398 1112 4471 de
1140 4401 1265 4492 quihus
1291 4400 1484 4474 decimatur
1510 4382 1738 4473 ecclesiae'in

188 4518 211 4593 J
218 4520 374 4611 anina,
400 4529 437 4593 et
463 4523 561 4595 valor
587 4523 661 4595 eius
688 4523 894 4594 aestimatur
920 4522 965 4593 ad
991 4520 1078 4595 duas
1105 4542 1248 4596 marcas.

291 4641 573 4735 Munnzreoazn,
600 4644 682 4716 villa
708 4644 772 4716 suh
799 4644 963 4735 parochia
989 4643 1032 4715 de
1049 4643 1074 4714 J
1078 4644 1200 4715 anina
1225 4644 1311 4733 sita,
1339 4644 1436 4716 cuius
1462 4644 1586 4717 haeres
1612 4641 1738 4717 Petrus

189 4762 509 4856 Myedzigorslry
535 4766 578 4837 de
605 4765 706 4838 domo
733 4765 1007 4856 Kopasszyna
1037 4765 1077 4836 In
1105 4786 1174 4855 qua
1192 4771 1274 4837 sunt
1299 4765 1391 4836 lanei
1422 4765 1666 4855 emethonules,
1693 4764 1736 4837 de

191 4884 316 4977 quihus
343 4885 489 4957 solvitur
507 4894 544 4958 et
561 4887 765 4959 conducitur
791 4885 924 4958 decima
950 4885 1175 4976 manipularis
1202 4892 1238 4957 et
1264 4886 1440 4977 canapalis
1457 4905 1522 4977 pro
1540 4886 1740 4975 episcopatu

191 5004 428 5098 maceriensi,
454 5015 492 5080 et
518 5010 616 5081 valor
642 5008 717 5081 cius
744 5009 948 5080 aestimatur
975 5007 1019 5079 ad
1046 5028 1149 5079 unam
1175 5012 1335 5077 marram.
1362 5006 1450 5077 Item
1476 5005 1644 5078 tabernae
1671 5026 1740 5077 non

190 5133 281 5219 suut,
307 5129 392 5201 item
409 5130 646 5201 hortulani...
673 5132 761 5203 ltem
778 5150 883 5202 unum
897 5128 1077 5219 praedium
1094 5128 1252 5217 militaro,
1280 5128 1323 5199 de
1342 5148 1409 5217 quo
1427 5128 1617 5201 decimatur
1635 5127 1743 5199 eccle·

188 5250 262 5323 siae
289 5250 326 5321 iu
352 5249 377 5321 J
385 5250 541 5341 anina,
568 5257 604 5323 et
629 5252 728 5324 valor
754 5252 828 5323 eius
855 5251 899 5323 ad
925 5270 1028 5321 unam
1056 5270 1216 5322 marcam.

295 5371 512 5463 Scrrrrurur,
538 5374 622 5445 villa
647 5375 711 5447 sub
738 5374 904 5465 parochia
930 5372 1094 5445 ecclesiae
1121 5372 1164 5443 de
1190 5372 1213 5445 J
1223 5371 1362 5443 anina
1388 5372 1465 5463 sita
1492 5372 1590 5445 cuius
1616 5371 1740 5443 haeres

185 5490 320 5567 Petrus
345 5492 481 5566 Mrnk
516 5494 560 5568 de
587 5496 692 5567 armis
695 5550 863 5567 .......
889 5496 929 5567 In
957 5516 1025 5586 qua
1050 5500 1134 5567 sunt
1160 5495 1252 5567 lanei
1278 5494 1522 5586 cmethonales,
1547 5494 1591 5566 de
1618 5494 1742 5585 quibus

186 5616 404 5691 solvitur-et
429 5616 634 5690 conducitur
659 5618 793 5691 decima
818 5617 1043 5708 manipularis
1071 5623 1106 5688 et
1133 5617 1309 5709 canapalis
1336 5636 1401 5707 pro
1428 5615 1574 5688 eeclesia
1601 5616 1636 5684 in
1664 5614 1743 5683 Da-

187 5739 445 5829 leachicze,
472 5744 509 5811 et
526 5738 624 5811 valor
641 5740 716 5811 eius
744 5740 789 5811 ad
816 5742 967 5833 quinque
994 5760 1129 5811 marcas
1156 5739 1369 5811 aestimatur.
1396 5737 1484 5810 Item
1510 5756 1615 5807 unum
1643 5754 1743 5824 prae-

189 5860 286 5933 dium
314 5861 474 5953 miliiare,
501 5860 632 5953 dequo
658 5861 850 5935 decimatur
876 5862 1040 5934 ecelesiae
1066 5862 1102 5933 in
1129 5859 1153 5934 J
1158 5861 1288 5949 anina,
1315 5865 1352 5930 ot
1370 5856 1468 5931 valor
1485 5854 1559 5929 eius
1576 5853 1621 5927 ad
1640 5873 1742 5926 unam

182 5992 356 6057 mm

296 6102 466 6199 Zmumr,
492 6105 557 6178 suh
584 6104 749 6196 parochia
774 6103 818 6177 de
844 6103 1159 6177 Scaouorzisa
1186 6102 1271 6191 sita,
1307 6100 1403 6171 cuius
1430 6100 1552 6171 haeres
1580 6095 1743 6171 Nicolaus

189 6222 380 6319 Roszpad
406 6226 450 6299 de
472 6226 574 6299 domo
596 6224 770 6317 Koszlye
797 6246 905 6317 rogy.
930 6224 971 6299 Iu
995 6244 1063 6316 qua
1080 6228 1161 6295 sunt
1179 6222 1270 6293 lanei
1288 6221 1531 6313 cmethonales,
1557 6220 1743 6311 dequibus

196 6348 342 6437 cuntur
368 6353 406 6421 et
430 6350 635 6422 conducitur
661 6348 793 6418 decima
825 6346 1050 6435 manipularis
1077 6352 1113 6417 et
1140 6343 1315 6435 canapalis
1341 6365 1405 6434 pro
1432 6344 1576 6416 ecelesia
1601 6343 1638 6412 in
1665 6342 1744 6412 Ila-

197 6470 451 6564 leachicae,
485 6479 524 6546 et
549 6472 648 6545 valor
674 6470 750 6543 eins
776 6468 981 6541 aestimatur
1006 6468 1052 6537 ad
1079 6487 1139 6538 sex
1166 6486 1317 6555 marcas,
1354 6468 1436 6537 item
1461 6466 1625 6554 taberna,
1661 6464 1744 6535 item

195 6586 389 6697 brisiam,
420 6594 506 6667 item
531 6593 711 6685 praedium
737 6592 789 6665 ibi
813 6589 952 6663 unicum
985 6589 1153 6680 militare,
1188 6588 1232 6662 de
1259 6608 1326 6679 quo
1352 6586 1544 6659 decimatur
1578 6585 1744 6659 ecelesiae
