4200 8342
263 1638 337 1713 214

262 1844 395 1918 decima
425 1843 551 1915 ibidem
578 1866 642 1935 pro
668 1845 816 1935 plebano
844 1845 880 1916 in
906 1844 1221 1936 Sczekoczpn,
1248 1849 1284 1915 et
1311 1843 1410 1915 valor
1435 1842 1511 1914 eius
1538 1839 1744 1913 aestimatur
1766 1838 1798 1911 ad

262 1972 411 2059 quatuor
437 1985 579 2037 marcas.
605 1967 692 2037 Item
720 1972 774 2037 est
800 1967 849 2038 ibi
876 1987 981 2037 unum
1009 1965 1189 2055 praedium
1215 1964 1376 2053 militare,
1404 1964 1447 2035 de
1475 1963 1573 2034 cuius
1602 1960 1697 2051 agris
1723 1958 1800 2031 dcci·

261 2091 374 2159 matur
400 2108 463 2180 pro
491 2087 636 2158 ccclesia
664 2108 726 2159 sua
753 2087 901 2175 ibidem,
928 2088 1010 2158 item
1038 2086 1184 2158 ecclesia
1210 2091 1257 2156 et·
1273 2084 1442 2175 plebanus
1459 2084 1568 2156 babet
1585 2082 1637 2154 ibi
1655 2080 1801 2175 propolas

260 2228 362 2299 agros
389 2207 519 2280 liberos
545 2212 582 2279 et
607 2214 718 2298 prata,
746 2224 809 2298 pro
837 2228 899 2279 suu
927 2228 1002 2297 usu,
1027 2207 1175 2298 praedio·
1197 2212 1234 2278 ct
1260 2206 1476 2278 necessitate.

364 2329 609 2418 Bunowrcza,
636 2328 720 2401 villa
746 2329 809 2400 sub
836 2329 1002 2419 parochia
1020 2327 1063 2417 de
1090 2327 1377 2399 Sczekoczin
1404 2326 1480 2417 sita,
1498 2323 1598 2397 cuius
1617 2316 1804 2429 propnetas

261 2450 305 2520 ad
332 2449 614 2522 sanctimoniales
640 2448 758 2521 Sancti
785 2449 947 2521 Andreae
975 2449 1010 2519 in
1038 2446 1270 2521 Gracovia
1295 2447 1454 2540 pertinet
1480 2446 1522 2517 Iu
1541 2466 1613 2536 qua
1631 2444 1715 2517 suut
1733 2464 1805 2533 qua·

259 2569 452 2642 tnordecim
477 2570 570 2642 lanei
597 2569 848 2660 emethunales,
875 2571 918 2641 de
944 2570 1069 2660 quibus
1105 2569 1252 2643 solvitur
1278 2568 1409 2642 decima
1434 2588 1498 2659 pro
1525 2566 1669 2639 eisdem
1686 2564 1806 2636 monia·

202 2702 206 2707 '
260 2691 360 2781 libus,
387 2697 424 2762 et
450 2691 548 2763 valor
574 2691 648 2763 eins
674 2691 719 2761 ad
746 2695 877 2783 septem
904 2711 1039 2762 marcas
1066 2691 1278 2763 aestimatur.
1304 2690 1392 2761 Item
1418 2694 1474 2761 est
1489 2688 1539 2760 ibi
1556 2686 1752 2779 praedium,
1768 2685 1805 2757 dc

261 2833 328 2903 qno
355 2813 459 2883 etiam
487 2811 676 2883 decimatur
702 2833 766 2902 pro
794 2812 923 2884 eisdem
950 2811 1166 2900 monialibus,
1193 2816 1229 2883 et
1255 2812 1354 2883 valor
1380 2810 1454 2882 eius
1481 2809 1525 2881 ad
1552 2808 1706 2880 mediam
1723 2826 1805 2878 mur·

260 2953 335 3003 cam
361 2934 575 3005 aestimatur.
601 2933 688 3005 Item
716 2939 770 3004 est
796 2933 844 3004 ibi
871 2933 1030 3005 scoltetia
1056 2933 1188 3006 habeus
1215 2933 1302 3005 duos
1329 2932 1465 3022 laneos,
1492 2930 1535 3003 de
1563 2930 1694 3022 quibus
1721 2928 1804 3001 deci·

261 3060 375 3128 matur
402 3054 565 3127 ecclesiae
584 3055 619 3125 in
647 3054 983 3146 Sczekoczyny.
1746 3132 1748 3137 ,

363 3174 574 3267 Gannrucz,
601 3176 684 3247 villa
711 3177 774 3248 sub
802 3176 968 3266 parocbia
995 3174 1038 3246 de
1065 3174 1352 3247 Sczekoczin
1379 3175 1464 3265 sita,
1492 3173 1590 3246 cuius
1618 3171 1808 3262 proprietas

260 3302 314 3369 est
340 3296 653 3369 sanctimonialium
681 3296 798 3369 Sancti
826 3296 997 3368 Andreae.
1023 3296 1064 3366 In
1092 3315 1160 3386 qna
1185 3301 1268 3368 sunt
1292 3302 1426 3387 septem
1452 3294 1544 3367 lanei
1570 3291 1809 3380 cmetbomlm,

260 3418 303 3489 de
331 3419 455 3508 quibus
483 3418 640 3490 omnibus
666 3418 799 3490 'decima
826 3439 890 3509 pro
917 3417 1060 3489 eisdem·
1074 3416 1291 3507 monialibus,
1318 3422 1355 3487 ct
1381 3415 1480 3488 valor
1505 3416 1580 3486 eius
1608 3414 1810 3486 aestimatur

260 3537 304 3608 ad
332 3558 391 3609 sex
418 3558 563 3610 marcas.
589 3540 676 3610 Item
704 3540 870 3612 scoltetus
889 3536 932 3610 de
959 3539 1240 3630 Bunowycze
1267 3535 1427 3609 habetin
1445 3533 1687 3626 Grabyecz
1712 3552 1810 3606 mum

261 3659 441 3731 tabernam
467 3659 652 3731 habentem
679 3680 791 3752 agros,
819 3680 906 3752 quae
935 3660 1084 3731 decimat
1111 3680 1174 3749 pro
1202 3657 1347 3730 ecclesia
1373 3657 1409 3728 in
1436 3654 1769 3728 Sczekoczini'

363 3778 589 3871 Ruscnnow,
616 3780 699 3852 villa
725 3782 788 3854 sub
816 3781 980 3871 parocbIa
1006 3780 1049 3851 do
1076 3778 1186 3870 Slup
1214 3779 1292 3869 sita,
1320 3777 1417 3851 culus
1435 3775 1603 3849 haeredes
1622 3775 1809 3881 Iohannes,

260 3902 385 3972 Petrus
413 3907 449 3972 et
476 3901 639 3974 Nicotaus
666 3901 709 3973 dc
735 3901 836 3974 domo
864 3901 1181 3974 Odrowansch.
1207 3900 1249 3971 In
1276 3917 1344 3990 qua
1370 3903 1452 3970 sunt
1468 3897 1593 3991 viginti
1611 3918 1704 3970 unus
1721 3896 1811 3967 lane-

260 4044 301 4093 us
328 4022 562 4114 cmetbonaliS,
590 4022 632 4093 de
662 4022 785 4115 quibus
813 4023 1004 4094 decimatur
1025 4018 1535 4112 praeposituraecracoviensi,
1554 4024 1590 4091 et
1609 4017 1812 4090 aestimatur

261 4143 303 4214 ad
332 4142 525 4233 quindecIm
560 4163 703 4216 marcas.
739 4143 828 4215 Item
855 4149 937 4215 sunt
970 4143 1019 4215 ibi
1046 4142 1114 4216 duo
1142 4143 1285 4233 praedia
1312 4148 1348 4214 et
1374 4141 1463 4214 duae
1490 4140 1607 4212 curiae
1633 4139 1810 4228 militares,

260 4262 476 4352 pertinentes
503 4264 578 4334 inre
604 4264 796 4354 parochiali
823 4264 867 4335 ad
886 4264 1065 4337 ecclesiam
1084 4265 1119 4336 in
1146 4262 1464 4352 Sczekoczini,
1492 4262 1535 4333 de
1553 4255 1705 4351 quorum·
1721 4260 1811 4351 agris

261 4382 453 4454 decimatur
488 4383 653 4457 ccclesiae
685 4384 721 4455 in
749 4382 1045 4474 Sczekocini,
1073 4388 1108 4455 et
1135 4384 1233 4457 valor
1260 4383 1334 4456 elus
1361 4383 1564 4457 aestimatur
1590 4381 1636 4453 ad
1664 4386 1812 4473 quatuor

265 4523 408 4575 marcas.

364 4625 536 4716 Wrwun,
562 4626 647 4698 villa
673 4627 736 4698 sub
762 4627 928 4717 parocbia
955 4627 998 4698 de
1025 4626 1306 4698 Sczekoczin
1334 4627 1411 4714 sita,
1438 4625 1534 4696 cuius
1552 4624 1678 4696 haeres
1697 4622 1809 4696 Staui-

262 4749 355 4819 slans
390 4747 598 4820 Koscz‘on
634 4747 677 4819 de
713 4747 813 4819 domo
850 4748 1154 4839 Accipitrum.
1190 4748 1229 4817 ln
1258 4768 1326 4837 qua
1350 4746 1442 4817 lanei
1469 4745 1706 4818 cmethonales
1732 4750 1810 4817 sunt

258 4867 448 4958 duodecim,
475 4868 518 4940 dc
545 4870 670 4961 quibus
698 4869 830 4941 decima
857 4869 1005 4940 solvitur
1033 4889 1096 4959 pru
1124 4869 1367 4959 praepositura
1392 4864 1624 4957 Gracoviensi,
1651 4872 1690 4938 et
1715 4866 1811 4937 valor

260 4992 333 5061 eius
369 4991 575 5063 aestimatur
602 4991 647 5062 ad
684 4990 802 5061 decern
838 5009 980 5061 marcas.
1022 4988 1113 5061 Item
1149 4994 1203 5061 est
1239 4989 1288 5060 ibi
1322 5008 1427 5059 unum
1463 4988 1643 5078 praedium
1681 4992 1718 5060 et
1744 5006 1810 5059 una

260 5112 406 5183 taberna
430 5112 563 5184 habens
590 5132 702 5203 agros,
730 5113 773 5183 do
801 5113 924 5202 quibus
952 5112 1047 5201 agris
1067 5109 1201 5181 decima
1217 5130 1282 5202 pro
1301 5109 1445 5181 ecclesia
1462 5109 1498 5180 in
1526 5107 1810 5181 Sczekocziu

260 5229 416 5321 solvitur,
442 5237 479 5304 et
505 5232 604 5304 valor
630 5233 704 5304 eius
732 5232 776 5303 ad
803 5238 877 5303 tres
903 5251 1038 5303 marcas
1066 5231 1279 5302 aestimatur.
1662 5306 1664 5311 ,

361 5350 571 5435 Wsruown,
597 5353 681 5423 villa
707 5354 771 5424 sub
798 5353 964 5443 parocbia
981 5353 1024 5424 de
1042 5350 1323 5424 Sczekoczin
1350 5351 1428 5441 sita,
1446 5352 1543 5423 cuius
1562 5351 1687 5423 haeres
1705 5350 1809 5443 Pye-

258 5470 433 5564 nyuzek
459 5472 503 5544 de
530 5472 631 5544 domo
658 5472 978 5545 Odrowansch.
1005 5473 1046 5543 In
1066 5493 1134 5563 qua
1152 5479 1235 5544 sunt
1253 5472 1434 5544 duodecim
1452 5471 1545 5543 lanei
1564 5470 1810 5559 cmetboualcs,

258 5595 301 5666 de
328 5594 453 5685 quibus
481 5594 614 5665 decIma
649 5593 796 5665 soletur
823 5599 859 5664 ot
885 5593 1088 5667 conducitur
1115 5593 1341 5684 manipularis
1368 5613 1431 5685 pro
1459 5591 1703 5683 praepositura
1728 5590 1810 5664 Ora·

257 5714 426 5805 coviensi,
453 5719 491 5787 et
525 5714 624 5786 valor
658 5714 732 5785 eius
769 5715 974 5786 aestimatur
1009 5716 1054 5788 ad
1091 5715 1208 5786 decem
1243 5734 1387 5801 marcas.
1426 5712 1517 5785 Item
1543 5717 1599 5784 est
1620 5704 1676 5785 'ibi
1702 5732 1808 5785 unum

256 5836 455 5926 praedium,
483 5836 526 5908 de
561 5835 657 5908 cuius
695 5836 789 5926 agris
821 5835 954 5907 decima
980 5857 1043 5927 pro
1072 5836 1216 5908 ccclesIa
1251 5837 1287 5906 in
1323 5833 1608 5907 Sczekoczin
1645 5832 1811 5923 sobitum

261 5957 345 6028 item
372 5957 421 6029 ibi
448 5963 527 6030 octo
555 5957 774 6029 hortulaniae
801 5962 837 6028 et
855 5957 943 6029 duae
962 5959 1129 6030 tabernae
1148 5957 1316 6028 habentes
1334 5974 1446 6045 ugron,
1465 5953 1508 6027 de
1527 5954 1653 6045 quibus
1672 5955 1814 6032 solvunt

261 6078 428 6149 decimam
455 6080 557 6151 etiam
587 6100 651 6169 pro
677 6078 920 6170 praepositura
947 6077 1178 6151 Oracoviensi.

944 6199 1137 6270 Pnznnow.

357 6318 530 6413 Oppidum
566 6321 665 6393 lauta
698 6321 840 6394 fluvium
867 6319 1156 6412 Wyerczpna
1191 6319 1315 6410 situm,
1341 6319 1474 6392 habens
1500 6320 1537 6391 iu
1565 6338 1604 6392 se
1631 6321 1812 6395 ecclesiam

254 6441 412 6529 ligneam,
439 6438 586 6513 Sanctae
612 6440 810 6515 Dorotheae
837 6442 1005 6531 dicatam,
1032 6442 1129 6512 cuius
1156 6442 1351 6532 proprietas
1379 6441 1423 6511 ad
1448 6460 1566 6535 regem
1593 6442 1751 6531 pertinet
1776 6448 1812 6516 et

256 6560 523 6657 iuspatroaatus.
549 6540 591 6637 In
617 6558 688 6663 omi
706 6567 794 6643 'sunl
819 6560 913 6641 lanei
929 6558 1190 6681 oppidanorum,
1208 6562 1251 6643 <10
1271 6562 1395 6663 quibus
1413 6548 1545 6641 dem
1561 6580 1628 6655 9¹¹⁰
1647 6563 1814 6665 illm
