4200 8342
1649 1636 1724 1711 423

175 1851 413 1945 simmpcbs
438 1871 504 1944 pro
530 1850 678 1923 ecclesia
703 1850 740 1921 in
767 1849 1036 1939 Pnczanow,
1064 1855 1100 1922 ct
1127 1849 1224 1922 valor
1251 1848 1325 1919 eius
1352 1847 1558 1921 aestimatur
1585 1848 1630 1921 ad
1788 1856 1790 1861 '

175 1974 263 2063 lum
289 1966 433 2047 suntin
459 1973 580 2045 codem
617 1972 745 2065 oppido
781 1971 849 2045 duo
876 1973 1021 2064 praedia
1046 1973 1232 2061 militaria,
1268 1992 1372 2049 unum
1400 1970 1546 2045 duorum
1580 1969 1726 2051 fratrum

175 2094 348 2177 videlicet:
365 2094 464 2177 Petri
482 2100 519 2167 et
536 2094 692 2169 Floriani
708 2115 963 2186 germanorum,
985 2094 1082 2170 aliud
1100 2093 1247 2187 praefati
1265 2093 1363 2165 Petri
1380 2093 1522 2165 Sanun
1533 2093 1728 2186 ignyew·

175 2220 258 2313 sky
284 2218 329 2291 (le
354 2216 485 2293 eisdem
511 2217 617 2289 armis
645 2214 856 2308 Gelitba,
883 2218 927 2291 dc
955 2219 1079 2310 quibus
1107 2217 1266 2292 omnibus
1294 2215 1442 2289 solvitur
1467 2214 1601 2288 decium
1618 2217 1727 2287 mani-

175 2340 307 2433 pularis
333 2345 404 2414 mm
431 2340 475 2413 de
501 2359 653 2431 canapo,
680 2339 773 2413 sicut
798 2338 842 2411 de
868 2339 958 2430 lino,
994 2340 1084 2412 sicut
1110 2345 1146 2412 ct
1173 2338 1215 2411 de
1242 2338 1320 2410 aliis
1347 2336 1532 2410 frumentis
1563 2337 1727 2411 ecclesiae

175 2468 212 2537 et
236 2462 387 2553 plebano
414 2460 450 2533 in
477 2460 738 2553 Pacznnow,
766 2466 802 2533 et
827 2462 926 2534 valor
953 2462 1028 2534 eius
1056 2462 1101 2536 ad
1119 2515 1257 2532 ......
1283 2460 1372 2533 Item
1399 2459 1442 2535 dc
1468 2459 1599 2533 eisdem
1627 2481 1726 2552 prae-

175 2584 434 2793 mutur
461 2583 630 2658 haeredes
663 2585 748 2657 (lare
773 2585 922 2677 plebano
959 2584 1128 2657 decimum
1156 2604 1311 2674 caseum,
1348 2580 1518 2656 docmnum
1544 2580 1727 2673 agnellum,

176 2784 204 2821 „³
370 2705 569 2797 porcellum.
595 2706 684 2779 ltem
711 2706 754 2780 dc
779 2705 923 2779 lacubus
949 2706 1047 2779 Petri
1075 2704 1499 2797 Sauczignyowsky
1526 2702 1629 2779 datur
1656 2704 1727 2794 ple·

175 2827 266 2917 bano
292 2826 445 2907 lacinus
471 2828 587 2919 piscis
630 2828 719 2901 Item
755 2828 861 2901 babet
886 2828 1056 2925 plebanus
1092 2829 1127 2899 in
1155 2826 1275 2900 eodem
1310 2826 1437 2919 oppido
1471 2826 1539 2899 duo
1576 2826 1728 2915 macella,

175 2970 266 3061 puna
290 2970 357 3045 pro
383 2970 498 3023 annuo
526 2970 630 3025 censu
657 2951 798 3023 solvunt
815 3004 929 3022 .....
956 2950 1044 3023 Item
1071 2951 1178 3023 babet
1205 2950 1373 3041 plebanus
1401 2949 1486 3021 duas
1514 2948 1728 3025 hortulnuias

175 3072 212 3145 in
238 3072 417 3163 suburbio,
445 3093 590 3164 qnorum
618 3072 794 3164 quaelibet
820 3072 997 3145 annuatim
1024 3072 1130 3145 solvit
1157 3092 1217 3145 sex
1234 3092 1385 3163 grossos,
1412 3075 1448 3143 ct
1473 3071 1611 3144 laborat
1633 3070 1727 3173 rilem

175 3194 213 3269 iu
239 3195 442 3289 septimana.
469 3195 558 3268 Item
583 3195 620 3267 iu
643 3195 769 3269 eodem
796 3194 962 3269 suburbio
997 3195 1104 3269 babet
1138 3196 1306 3289 plebanus
1333 3194 1510 3269 arnnuatbn
1546 3192 1589 3269 da
1616 3192 1729 3266 tribus

175 3317 279 3415 areis,
305 3316 349 3389 (le
375 3316 530 3410 qualibet
555 3322 628 3391 tres
653 3338 805 3413 grossos

282 3437 632 3530 Nrneosunwrczn,
658 3438 743 3513 uilla
769 3440 833 3514 sub
860 3440 1026 3534 parocbia
1052 3440 1096 3513 de
1122 3439 1372 3513 Paczunow
1400 3440 1486 3530 aba,
1522 3437 1620 3511 cuins
1646 3438 1729 3509 bac·

176 3560 280 3637 mles
315 3561 441 3635 Petrus
468 3567 505 3634 et
530 3562 714 3637 Florianus
750 3562 1102 3659 Paczauowslry.
1147 3564 1187 3635 lu
1215 3583 1283 3655 qua
1309 3568 1390 3637 sunt
1424 3556 1606 3637 duodecim
1638 3559 1730 3632 lanei

175 3684 432 3777 croetbonales,
468 3684 512 3759 de
540 3684 664 3778 quibus
699 3686 858 3760 omuibus
894 3685 1042 3759 solvitur
1078 3685 1212 3759 decima
1238 3684 1462 3777 manipularis
1494 3688 1530 3756 ut
1555 3682 1730 3775 uunapulis

177 3828 241 3901 pto
268 3808 415 3883 ecclesia
440 3812 478 3879 et
502 3808 651 3899 plebano
678 3808 752 3881 eius
779 3808 817 3881 in
842 3808 1102 3901 Paczanow,
1128 3814 1165 3880 ct
1192 3808 1289 3882 valor
1315 3808 1389 3881 eins
1408 3860 1521 3879 .....

283 3928 476 4021 Scuuomn,
503 3930 588 4001 villa
614 3929 678 4003 sub
704 3929 871 4021 parocbia
898 3929 941 4002 de
967 3929 1216 4002 Paczanow
1243 3930 1322 4021 situ,
1349 3929 1448 4001 cubus
1474 3926 1643 4007 baeu-euos
1665 3948 1729 4019 pro

178 4052 293 4139 madia
326 4058 428 4145 parte
454 4051 581 4125 Petrus
607 4058 644 4125 et
669 4052 856 4126 Florianus
882 4051 925 4135 (le
960 4051 1234 4142 Paczanow;
1275 4051 1442 4133 medietm
1479 4055 1595 4129 auteur
1628 4047 1730 4121 villae

179 4174 357 4271 praelatae
381 4174 430 4249 ad
454 4162 640 4269 plebanum
667 4174 711 4247 clo
737 4173 988 4248 Paczanou
1014 4180 1183 4269 perpetuo
1210 4174 1372 4267 pertinet.
1399 4172 1439 4251 lu
1466 4192 1536 4264 qua
1554 4175 1635 4244 sunt
1652 4175 1730 4243 octo

180 4296 272 4371 lunai
298 4296 542 4387 cmetbouales‚
569 4302 718 4388 quatuor
744 4295 907 4370 videlicet
932 4296 1029 4370 Petri
1056 4302 1093 4369 ct
1111 4296 1266 4369 Floriani
1293 4293 1491 4385 haeredum,
1519 4299 1555 4366 et
1582 4298 1731 4385 quatuor

179 4418 319 4513 plebani
345 4419 381 4492 in
408 4418 669 4492 Paczanow.
695 4420 784 4492 ltem
811 4425 893 4496 sunt
918 4419 968 4493 ibi
993 4419 1063 4493 duo
1090 4418 1243 4511 praedia,
1270 4439 1376 4491 unum
1404 4417 1565 4507 militare,
1583 4421 1620 4488 et
1637 4413 1732 4487 aliud

178 4542 319 4641 plcbupi
344 4542 389 4615 rie
415 4539 683 4633 PaczunoW,
719 4542 763 4615 ule
789 4542 916 4635 quibus
943 4542 1102 4616 omnibus
1130 4541 1278 4615 soluitur
1305 4545 1340 4613 ct
1364 4538 1571 4615 conducitur
1597 4537 1730 4611 decima

179 4663 406 4757 minuas
432 4670 469 4738 et
495 4664 670 4756 canapalis
697 4684 761 4755 pro
788 4665 934 4738 ccclesia
959 4672 996 4739 et
1022 4666 1171 4757 plebano
1198 4665 1234 4737 iu
1261 4662 1530 4753 Paczanou‚
1571 4668 1608 4733 et
1634 4660 1733 4732 valor

181 4786 256 4873 aius
281 4786 486 4865 mutinum
511 4785 556 4859 ad
574 4839 742 4857 .......
782 4785 869 4859 Item
898 4792 951 4859 est
976 4787 1013 4858 in
1040 4787 1161 4860 eadem
1188 4786 1271 4858 villa
1297 4786 1407 4875 lacus,
1435 4804 1537 4875 quem
1564 4779 1732 4855 haerodes

180 4906 312 5024 ΒΜ
346 4906 565 4985 medictatem
600 4914 636 4981 et
662 4909 833 5000 plebanus
869 4908 1108 5001 medietatem,
1150 4909 1202 4981 ita
1228 4906 1320 5000 quod
1356 4906 1524 4979 haeredes
1554 4904 1733 4997 piscantur

181 5024 319 5123 quando
345 5030 530 5105 voluntat
555 5030 723 5125 plebanus
750 5030 887 5123 quando
915 5030 1008 5122 vult,
1035 5051 1140 5123 super
1167 5050 1268 5123 quem
1295 5028 1406 5101 lacum
1432 5027 1540 5101 babet
1565 5026 1732 5119 plebanus

180 5151 401 5245 privilegium
427 5152 586 5245 speciale.

282 5272 494 5365 Soonsmo,
528 5275 613 5348 villa
639 5274 702 5348 sub
729 5274 896 5367 parochia
920 5274 964 5347 de
990 5273 1249 5366 Myelyecz,
1289 5274 1385 5347 cuius
1412 5270 1580 5347 haeredes
1606 5270 1733 5345 Petrus

179 5400 217 5471 et
243 5394 428 5475 florinum
455 5395 826 5489 Paczanowsczy
852 5396 897 5469 de
923 5396 1028 5469 armis
1057 5394 1260 5470 Gulitha.
1303 5395 1344 5467 ln
1372 5416 1441 5488 qua
1477 5400 1559 5471 sunt
1584 5398 1733 5487 quatuor

180 5518 274 5603 huoi
300 5518 549 5609 cmetbonales,
586 5518 629 5592 dc
656 5518 782 5611 quibus
807 5510 957 5593 soluitur
982 5523 1019 5590 et
1045 5518 1250 5593 conducitur
1286 5518 1419 5591 decima
1446 5516 1672 5608 manipularis
1699 5521 1734 5588 ct

182 5640 358 5741 anepolis
384 5662 448 5732 pro
474 5641 622 5715 ecclesia
647 5642 682 5712 in
709 5640 971 5733 Panaenum,
996 5642 1095 5714 cuius
1122 5641 1221 5715 valor
1239 5696 1353 5713 .....

285 5762 472 5855 Zammac,
499 5762 584 5835 villa
609 5762 674 5837 sub
701 5763 868 5855 parocbia
893 5762 937 5837 ‹le
963 5761 1211 5837 Paczanou
1237 5764 1315 5853 sita,
1342 5762 1439 5835 cuius
1465 5761 1590 5835 haeres
1608 5757 1733 5831 Petrus

182 5876 606 5976 Sunczignyewsky
646 5883 690 5956 ule
716 5884 822 5956 armis
849 5882 1052 5957 Gelithu.
1097 5886 1137 5956 ln
1165 5905 1234 5977 qua
1259 5905 1328 5956 nou
1356 5889 1438 5955 sunt
1463 5881 1555 5953 lanei
1582 5880 1734 5953 umetbo-

180 6006 297 6099 mes,
331 6006 394 6083 scal
420 6007 497 6099 agri
523 6007 560 6078 in
586 6012 704 6098 partes
732 6006 907 6099 distincti,
943 6006 986 6079 de
1012 6007 1139 6098 quibus
1166 6007 1314 6079 solvitur
1348 6005 1481 6079 decima
1508 6001 1734 6095 manipularis

179 6132 220 6207 ,ct
243 6128 421 6221 cunapulis
447 6149 512 6222 pro
538 6128 687 6220 plebano
714 6130 750 6201 in
777 6127 1036 6221 Paczanow‚
1064 6136 1101 6223 ct
1127 6130 1226 6211 rolor
1253 6129 1327 6201 cius
1353 6127 1557 6203 aestimatur
1583 6126 1628 6199 ad
1647 6181 1654 6195 .
1673 6180 1681 6195 .
1700 6178 1733 6195 ..

286 6250 394 6349 Scor,
420 6251 505 6325 uilla
532 6252 596 6327 sub
622 6251 788 6344 parocbia
814 6249 857 6325 de
883 6248 1134 6325 Paczauou·
1161 6252 1239 6343 situ,
1266 6250 1363 6323 cuius
1390 6247 1558 6323 haerodes
1586 6245 1734 6321 Grotb

180 6372 349 6455 Nicobuli
374 6380 412 6449 a
437 6373 680 6468 Skubysclr
707 6373 751 6446 de
777 6372 885 6451 armis
903 6427 1046 6445 ......
1072 6374 1113 6446 ln
1141 6395 1209 6467 qua
1236 6396 1305 6447 non
1333 6380 1413 6449 sunt
1440 6371 1542 6462 lanei,
1569 6370 1631 6443 sed
1658 6370 1735 6471 agri

180 6495 425 6589 inportionec
447 6496 564 6581 divisi.
595 6496 683 6569 Item
710 6501 793 6569 suut
817 6494 867 6603 ibi
892 6492 1134 6587 praedia-tria
1160 6496 1334 6589 militaria,
1361 6497 1405 6569 de
1422 6495 1547 6589 quibus
1575 6493 1733 6575 omuibus

181 6616 623 6713 annumerabuntur
649 6616 783 6695 neuma
807 6617 1035 6715 manipularis
1062 6639 1127 6714 pro
1153 6618 1298 6697 ecclesia
1324 6618 1360 6697 iu
1387 6602 1596 6711 Gauron,
1636 6614 1733 6701 cuius
