4200 8342
257 1303 385 1396 partim
420 1320 483 1391 pro
519 1300 666 1390 plebano
703 1299 741 1370 in
785 1298 842 1381 Sa
857 1299 1059 1377 udalsch
1073 1320 1154 1388 aw3
1198 1301 1284 1371 item
1328 1299 1475 1390 quilibet
1510 1299 1649 1369 cmetho
1684 1299 1809 1388 hospes

258 1424 307 1497 de.
320 1424 428 1495 'laneo
454 1421 560 1494 solvit
597 1419 762 1493 ecclcsiae
779 1424 825 1511 ¹et
849 1420 998 1517 plebano
1034 1420 1073 1491 in·
1098 1417 1221 1491 Gora
1244 1440 1309 1511 pro
1335 1415 1466 1491 atebaa
1497 1438 1607 1517 ¹ursum
1639 1438 1809 1509 grossum,

248 1534 445 1635 'inquilinos
472 1539 642 1613 medium:
668 1540 753 1613 item
779 1561 849 1619 non
875 1543 931 1611 est
957 1538 1007 1613 ubi
1031 1540 1231 1641 praedium,¹
1249 1561 1320 1612 non
1338 1543 1420 1613 suut
1437 1539 1615 1629 tabernae,
1642 1560 1713 1613 non
1731 1546 1811 1611 aunt

255 1664 494 1751 hortulauiae3
529 1662 614 1733 item
640 1666 694 1732 est
719 1660 768 1733 ibi
794 1640 972 1751 scoltetia,
1008 1682 1096 1752 quae
1123 1661 1227 1733 soluit
1253 1662 1400 1751 plebano
1426 1661 1463 1732 in
1482 1714 1651 1739 .......
1662 1710 1679 1731 -.
1706 1680 1811 1733 unum

256 1806 416 1877 grossum
442 1804 505 1873 pro
532 1778 669 1852 scotoma.
1231 1876 1233 1879 Ι

364 1902 604 1992 Guouruozn,
630 1903 714 1974 uilla
741 1903 804 1973 sub
822 1902 988 1992 parochia
1010 1901 1176 1972 ecclesiae
1194 1902 1238 1972 de
1257 1898 1367 1973 Gora
1385 1903 1462 1991 sita,
1490 1904 1587 1973 cuius
1613 1902 1812 1993 proprietas

257 2027 302 2099 ad
329 2024 589 2097 castellanatum
625 2022 937 2096 Sandomiriensem
973 2023 1133 2112 pertinet.
1168 2023 1209 2093 In
1238 2044 1306 2111 qua
1333 2029 1414 2093 sunt
1439 2023 1531 2093 lanei
1567 2022 1812 2111 cmethonales,

259 2148 300 2218 de
329 2146 452 2237 quibus
479 2165 560 2234 pars
588 2144 739 2214 decimae
776 2144 922 2214 soluitur
957 2143 1172 2233 episcopatui
1212 2134 1451 2232 Cracovions'i,
1476 2165 1557 2233 pars
1584 2144 1812 2215 ecclesiaeIn

260 2265 568 2339 Sandzischou:
597 2265 680 2335 item
708 2264 906 2335 ornethones
934 2264 976 2334 de
1003 2264 1131 2335 ibidem
1164 2270 1327 2335 tenentur
1354 2264 1437 2334 dare
1464 2264 1612 2353 plebano
1641 2265 1677 2335 in
1706 2262 1813 2335 Gora

258 2410 322 2479 pro
348 2385 558 2458 mensalibus
586 2385 671 2456 duos
697 2405 857 2475 grossos3
888 2385 971 2456 item
998 2389 1053 2456 est
1080 2385 1128 2456 ibi
1155 2386 1314 2456 scoltetia
1340 2386 1471 2456 habens
1490 2406 1605 2477 agnos,
1634 2406 1725 2475 quae
1752 2405 1813 2474 pro

260 2509 394 2579 decima
426 2511 566 2578 tenetur
602 2506 685 2576 dare
717 2506 882 2577 ecclesiae
920 2528 1024 2576 unum
1060 2504 1249 2594 fertonem;
1286 2509 1368 2577 Item
1396 2513 1450 2576 est
1477 2506 1525 2577 ibi
1553 2526 1623 2577 una
1658 2507 1814 2593 taberna,

260 2650 347 2720 quae
375 2628 479 2700 solvit
503 2648 567 2717 pro
585 2623 715 2700 dehac
740 2626 888 2717 plebano
915 2628 951 2697 in
978 2624 1090 2697 Gora
1114 2647 1283 2717 grossum,
1311 2627 1392 2697 item
1411 2627 1632 2698 hortulauiae
1660 2626 1815 2715 eiusdem

259 2751 371 2838 villae,
398 2754 434 2821 et
460 2748 620 2838 inquilini
647 2747 786 2818 solvunt
812 2747 924 2818 eidem
950 2747 1102 2820 medium
1128 2769 1296 2837 grossum.

364 2869 561 2958 Sanonun,
588 2867 671 2940 uilla
696 2869 760 2939 sub
787 2869 953 2958 parochia
979 2867 1145 2943 ecclesiae
1173 2870 1216 2939 de
1242 2867 1353 2940 Gora
1379 2869 1465 2957 sita,
1493 2869 1591 2940 cuius
1614 2869 1816 2959 proprietas

260 2991 304 3062 ad
332 2990 587 3061 serenissimum
615 2988 779 3059 Poloniae
806 3010 922 3079 regern
949 2990 1110 3078 pertinet.
1137 2990 1178 3060 ln
1198 3011 1266 3080 qua
1284 2977 1366 3063 suut
1393 2988 1587 3080 quindecim
1613 2989 1706 3060 lanei
1726 3009 1816 3061 ome·

260 3110 438 3198 thonaleS,
465 3109 507 3179 de
535 3109 787 3200 quihus.....
898 3200 902 3211 Ι

892 3230 1184 3302 Sannausouow.

365 3350 459 3423 Villa
485 3350 615 3421 habens
643 3352 678 3420 in
706 3372 742 3421 se
769 3352 1001 3441 parochialem
1028 3352 1218 3441 ecelesiam,
1246 3352 1360 3423 Sanct.
1381 3408 1387 3420 .
1408 3407 1415 3421 .
1435 3408 1442 3420 .
1462 3407 1495 3421 ..
1523 3352 1691 3441 dicatam,
1720 3352 1818 3424 cuius

261 3474 383 3544 haeres
409 3471 588 3543 Iohannes
615 3471 927 3543 Odrouanseh
955 3472 1130 3561 palatinus
1165 3473 1411 3562 Leopoliensis.
1447 3474 1487 3543 In
1517 3494 1584 3563 qua
1610 3478 1694 3543 sunt
1724 3473 1817 3545 lanei

262 3592 504 3682 emethonales,
532 3591 727 3683 dequibus
764 3592 911 3663 solvitur
947 3592 1079 3663 decima
1097 3646 1264 3663 .......
1296 3593 1383 3663 Item
1411 3592 1578 3682 plebanus
1605 3597 1642 3663 et
1669 3593 1817 3663 ecclesia

262 3714 369 3785 habet
395 3715 446 3795 ibi
471 3734 574 3804 agros
601 3713 729 3785 liberos
757 3719 793 3783 et
819 3718 938 3803 prata,
975 3734 1042 3802 pro
1071 3735 1133 3785 suo
1161 3735 1225 3785 usu
1252 3718 1289 3784 et
1315 3714 1530 3786 necessitate.
1566 3714 1655 3784 Item
1688 3719 1745 3785 est
1769 3714 1817 3786 ibi

266 3855 371 3905 rrnrrm
397 3834 577 3924 praedium
612 3834 781 3924 militare,
817 3834 859 3905 dc
887 3855 954 3924 quo
982 3834 1116 3907 decima
1142 3835 1369 3926 manipularis
1406 3834 1554 3907 soluitur
1590 3834 1758 3907 ecclesiae
1783 3833 1816 3906 in

270 3954 582 4046 Sandzyszow.

754 4216 1013 4299 -Deeanatus
1046 4218 1334 4323 Byeezsnala„

925 4454 1157 4528 Zaznnczrn.

371 4678 468 4750 Villa
493 4680 626 4751 habens
662 4681 840 4751 ecclesiam
877 4680 1110 4771 parochialem
1146 4681 1294 4773 ligneam
1332 4683 1367 4753 in
1396 4704 1451 4771 se,
1486 4682 1612 4755 Sancto
1648 4683 1820 4759 Stanialao

273 4800 426 4890 Martyri
453 4799 614 4889 dicatam,
641 4801 738 4872 cuius
756 4801 952 4891 proprietas
970 4801 1014 4872 ad
1033 4803 1278 4875 monasterium
1305 4802 1636 4894 Koprzp'wniezense
1662 4806 1825 4895 pertinet

267 4920 308 4990 ln
335 4940 404 5010 qua
430 4925 511 4990 sunt
538 4919 629 4990 lanei
656 4920 908 5010 cmethonalcs,
935 4921 1019 4992 item
1045 4921 1223 5012 tabernae,
1250 4924 1332 4994 item
1359 4923 1597 5013 hortulaniac‚
1624 4924 1667 4997 dc
1697 4926 1823 5016 quihus

265 5038 425 5112 omnihus
453 5039 600 5111 soluitur
626 5044 662 5111 et
689 5040 892 5113 conducitur
925 5041 1058 5114 decima
1093 5042 1318 5134 manipularis
1345 5049 1382 5115 et
1409 5044 1584 5135 canapalis
1620 5065 1686 5136 pro
1706 5100 1822 5118 .....

272 5167 310 5233 et
337 5161 434 5232 valor
461 5158 536 5231 eius
563 5161 768 5232 aestimatm·
795 5161 840 5232 ad
858 5216 998 5231 ......
1025 5162 1114 5235 Item
1140 5164 1327 5255 asseritur,
1363 5164 1456 5256 quod
1482 5164 1629 5238 ecclesia
1662 5166 1824 5256 praelata

269 5282 393 5354 habuit
417 5281 598 5353 tabernam
617 5281 744 5352 ibidem
763 5281 799 5352 in
825 5281 1089 5376 Zrzanczyn
1116 5285 1300 5356 habentem
1327 5306 1449 5376 agros,
1475 5285 1537 5358 sed
1563 5290 1618 5358 est
1644 5287 1824 5361 abstracta

266 5423 329 5493 per
356 5402 518 5475 abbatem
544 5408 582 5474 et
608 5407 814 5474 conventum
841 5402 884 5474 do
910 5402 1257 5496 Koprzywnicza:
1291 5406 1376 5477 item
1402 5406 1510 5478 habet
1535 5405 1824 5495 ibiecelesiaet

266 5522 432 5613 plebanus
459 5523 620 5615 proprios
647 5543 751 5614 agros
778 5529 815 5595 et
840 5527 961 5615 prata,
986 5544 1051 5615 pro
1078 5545 1142 5599 suo
1168 5540 1232 5598 usu
1260 5531 1297 5597 et
1323 5525 1551 5617 necessitate,
1578 5530 1615 5598 et
1641 5526 1824 5617 signanter

266 5650 347 5734 post
373 5644 539 5717 allodimn
565 5645 779 5737 contiguum,
804 5664 868 5736 per
894 5644 987 5736 quod
1012 5643 1137 5719 fluvius
1163 5645 1350 5719 Bobrka
1374 5646 1453 5719 fluit
1469 5668 1534 5738 per
1550 5646 1712 5720 medium:
1738 5650 1823 5723 item

267 5764 372 5836 habet
397 5784 506 5855 gayos
532 5768 570 5836 et
594 5764 672 5836 loca
706 5770 804 5857 certa
833 5785 897 5857 pro
923 5765 1084 5857 piscinis,
1120 5786 1208 5858 quae
1235 5767 1322 5841 olim
1352 5765 1512 5859 luerunt3
1547 5767 1608 5843 sed
1635 5768 1822 5843 demolitae

268 5889 350 5958 sunt
375 5906 439 5976 per
464 5903 573 5977 aquas
600 5888 637 5956 et
663 5886 893 5976 negligentias
918 5854 1153 5978 plflrorum.

372 6002 646 6095 Gonarowrcn,
682 6005 765 6078 villa
801 6006 865 6081 sub
899 6007 1066 6099 parochia
1099 6007 1148 6090 de¹
1177 6008 1200 6083 I
1210 6009 1336 6083 asael
1372 6008 1457 6100 sita,
1492 6010 1591 6089 cuius
1624 6012 1823 6104 proprietas
