4200 8342
260 1334 351 1411 lanei
375 1338 620 1431 cuaethoaales,
645 1338 692 1413 de
711 1339 838 1433 quibam
860 1343 1027 1417 decimam
1044 1344 1293 1437 manipularem
1320 1338 1470 1442 percipit
1486 1351 1706 1445 episcopatus
1724 1354 1809 1429 Gra-

261 1458 449 1552 coviensis,
471 1480 589 1551 quam
614 1460 785 1551 plebanus
815 1462 859 1536 de
894 1462 1091 1539 Borcvva
1121 1469 1248 1539 asserit
1283 1470 1328 1542 ad
1359 1490 1397 1541 se
1432 1477 1469 1543 et
1495 1492 1594 1545 suam
1628 1474 1808 1549 ecelesiam

259 1580 446 1672 pertinere,
470 1600 516 1653 eu
541 1580 754 1655 fundationis
779 1584 963 1677 privilegio
998 1606 1062 1677 per
1088 1587 1230 1661 Petrum
1258 1588 1422 1681 Wysch
1457 1592 1655 1685 episcopum
1682 1594 1808 1670 Greco-

262 1700 415 1775 vieusem
441 1701 653 1775 confirmato.

362 1821 575 1897 Pnsvvszss
601 1824 760 1917 Wours,
797 1827 881 1898 uilla
907 1828 971 1899 sub
998 1830 1165 1918 parochia
1192 1829 1449 1904 deBorcvva
1475 1833 1619 1925 Regia
1645 1837 1723 1909 sita
1767 1838 1807 1908 In

258 1962 327 2034 qua
351 1949 435 2016 sunt
460 1946 613 2036 qunque
639 1946 730 2018 lanei
757 1949 1009 2038 cmethonaleS,
1036 1950 1079 2021 de
1108 1951 1232 2040 quibus
1260 1953 1417 2024 omuibus
1446 1954 1592 2025 solvitur
1619 1960 1655 2026 et
1681 1957 1807 2028 condu-
1910 2030 1915 2041 ,

258 2063 351 2135 citur
376 2064 509 2136 decima
534 2067 760 2156 manipularis
787 2075 823 2139 ct
849 2070 1024 2159 canapalis
1051 2091 1116 2160 pro
1143 2072 1345 2162 episcopatu
1372 2072 1612 2164 cracoviensi,
1648 2081 1684 2146 et
1711 2076 1808 2147 valor

213 2194 217 2199 ’
258 2184 464 2257 aestimatur
482 2187 527 2259 ad
543 2193 617 2258 tres
643 2210 787 2261 marcas.
813 2189 913 2261 Hanc
936 2192 1041 2262 etiarn
1060 2190 1226 2263 decimam
1254 2195 1381 2265 asserit
1408 2195 1575 2284 plebanus
1602 2194 1645 2266 de
1671 2195 1809 2267 Boro-

259 2324 322 2377 ua
346 2305 392 2377 ad
419 2327 457 2377 ss
483 2309 669 2397 pertinere.
695 2308 783 2381 Item
811 2311 860 2382 ibi
888 2333 958 2383 non
985 2318 1039 2383 est
1065 2313 1253 2402 praedium.

363 2425 479 2500 Villae
504 2430 729 2519 parochiales:
757 2430 966 2522 Bassus,
993 2433 1131 2523 Plau,
1157 2432 1398 2506 Plawszka
1424 2435 1591 2533 Wolyha.

1552 2606 1572 2647 0

951 2673 1124 2746 (lzvuuvu.

362 2791 457 2865 Villa
490 2793 622 2865 habens
657 2794 693 2864 in
721 2814 759 2864 se
784 2795 1018 2884 parochialem
1054 2796 1231 2869 ecclesiam
1267 2796 1435 2887 ligneam,
1476 2796 1602 2870 Sancto
1639 2796 1808 2869 Clementi

258 2914 404 3005 martyri
431 2914 599 3005 dicatam,
635 2916 732 2986 cuius
767 2916 936 2987 haeredes
966 2924 1004 2988 et
1030 2918 1169 3007 patroni
1206 2917 1389 2988 Florianus
1425 2924 1461 2989 et
1496 2918 1622 2989 Petrus
1647 2918 1808 2988 Pacza-

257 3054 495 3125 uowszczy
520 3035 565 3107 de
591 3036 698 3107 armis
725 3034 928 3108 Gelitha
954 3038 995 3108 Iu
1016 3059 1084 3128 qua
1102 3044 1184 3109 suut
1211 3038 1301 3109 lanei
1319 3039 1564 3129 cmethonales,
1591 3040 1672 3109 item
1690 3039 1808 3110 taber-

257 3164 341 3243 nae,
377 3156 460 3226 item
486 3156 706 3228 hortulaniae
741 3157 907 3228 habentes
934 3180 1056 3248 agros,
1093 3160 1174 3229 item
1210 3158 1389 3248 praedium
1426 3160 1576 3233 militare
1603 3180 1726 3247 unum,
1763 3158 1806 3229 de

258 3275 385 3365 quibus
412 3278 570 3348 omnibus
597 3278 744 3348 solvitur
770 3284 806 3348 et
833 3279 1036 3350 conducitur
1068 3279 1200 3349 decima
1227 3280 1452 3370 manipularis
1479 3285 1515 3350 et
1541 3280 1716 3370 canapalis
1744 3299 1808 3370 pro

257 3396 407 3469 ecclesia
428 3398 467 3471 in
504 3391 724 3490 Gzyrnin,
759 3404 795 3469 et
821 3400 920 3471 valor
955 3401 1029 3471 cius
1057 3400 1260 3471 aestimatur
1295 3401 1340 3471 ad
1373 3401 1498 3489 viginti
1533 3421 1676 3472 marcas.
1721 3399 1809 3470 Item

255 3513 405 3589 ecclesia
427 3519 537 3591 habet
561 3540 665 3608 agros
691 3541 756 3610 pro
782 3505 926 3610 praedio
945 3521 979 3591 iu
998 3519 1156 3610 praelata
1182 3520 1273 3610 villa,
1301 3520 1548 3610 protendentes
1575 3541 1612 3591 se
1639 3520 1686 3591 ab
1702 3519 1810 3590 eccle·

258 3637 313 3710 sia
338 3658 449 3729 usqiae
475 3639 520 3711 ad
545 3640 687 3712 fluvium
714 3639 851 3731 Bran,
887 3646 923 3712 et
949 3647 1052 3731 prata
1087 3640 1215 3712 eisdem
1253 3641 1347 3729 agris
1375 3642 1546 3729 contigua.
1589 3638 1677 3712 Item
1704 3639 1811 3710 habet

258 3764 420 3851 stagnum
447 3761 483 3831 in
507 3760 613 3833 fluvio
649 3761 855 3852 Viszuya
889 3781 995 3852 penos
1022 3762 1173 3852 sylvam,
1210 3782 1298 3852 quae
1334 3762 1425 3833 iacet
1455 3762 1491 3831 in
1518 3762 1627 3832 latere
1662 3756 1810 3849 praefati

259 3878 409 3953 fluminis
435 3880 564 3955 Bren.
607 3882 695 3953 Item
722 3882 829 3954 habet
853 3884 1035 3956 tabernam
1063 3884 1098 3954 iu
1127 3882 1247 3954 eadem
1274 3882 1357 3954 villa
1387 3881 1589 3973 Czyrnin
1624 3879 1809 3952 habentem

258 4020 381 4094 agros,
418 4023 506 4092 quse
533 4002 638 4075 solvit
662 4023 727 4094 pro
754 4025 858 4075 ceusu
884 4004 1033 4094 plebano
1061 4023 1162 4075 unam
1191 4023 1417 4092 sexagenum,
1452 4007 1489 4074 et
1514 4001 1598 4073 facit
1623 4001 1748 4074 brasea
1774 4004 1810 4071 et

260 4120 387 4194 braxat
412 4123 594 4195 cervisiam
622 4145 685 4215 pro
713 4125 868 4214 qualibet
893 4125 1101 4196 necessitate
1128 4124 1276 4214 plebani,
1303 4130 1339 4195 et
1357 4143 1417 4194 sex
1445 4122 1519 4194 dics
1546 4123 1581 4192 in
1608 4140 1720 4192 messe
1746 4141 1810 4210 pro

261 4240 409 4334 plebano
435 4244 581 4317 laborat.
607 4244 695 4316 Item
713 4245 820 4316 habet
837 4246 1004 4335 plebanus
1032 4245 1217 4335 specialem
1244 4265 1366 4335 agrum
1394 4245 1430 4314 iu
1448 4244 1559 4315 latere
1578 4241 1811 4328 dumussuae,

262 4362 522 4453 protendentem
548 4387 586 4436 se
612 4385 734 4438 versus
762 4366 893 4437 curiam
920 4365 1033 4436 villae.

364 4484 587 4578 szruvow,
615 4488 698 4561 villa
724 4488 788 4560 sub
815 4487 982 4578 parochia
1006 4487 1050 4557 de
1077 4485 1279 4577 Ozyruin
1306 4485 1392 4574 sita,
1429 4483 1525 4553 cuius
1551 4483 1675 4553 haeres
1702 4479 1808 4570 Aegi-

263 4604 341 4679 dins
366 4606 595 4681 Sudolszh
604 4632 628 4701 y
655 4609 698 4682 de
725 4609 829 4683 domo
856 4608 1093 4681 Habdank.
1120 4607 1159 4677 In
1187 4626 1255 4697 qua
1281 4610 1418 4677 tantum
1445 4609 1500 4674 est
1528 4603 1625 4674 curia
1650 4601 1811 4673 militaris

263 4734 300 4801 ot
320 4728 513 4822 praedium,
539 4735 578 4802 et
602 4730 692 4803 duae
718 4731 936 4802 hortulaniae
962 4729 1132 4801 habentes
1160 4748 1273 4819 agros,
1300 4727 1343 4798 de
1370 4725 1495 4817 quibus
1523 4723 1680 4796 omnibus
1707 4722 1811 4795 solvi-

263 4854 322 4921 tur
347 4850 480 4923 decima
504 4852 731 4942 manipularis
758 4872 821 4943 pro
849 4852 995 4923 ecclesia
1021 4851 1056 4921 iu
1085 4847 1305 4941 Ozyrniu,
1332 4851 1369 4920 et
1386 4846 1484 4919 valor
1507 4845 1581 4917 eius
1608 4844 1812 4917 aestimatur

264 4968 422 5045 adduas
447 4993 593 5047 marcas.

365 5092 650 5185 szsuvoweu,
685 5094 769 5167 villa
794 5094 858 5166 sub
885 5093 1051 5185 parochia
1086 5092 1252 5164 ecclesiae
1283 5090 1326 5161 dc
1353 5088 1555 5180 (lzyrnin
1592 5088 1678 5175 sita,
1715 5084 1813 5155 cuius

262 5212 387 5287 haeres
411 5214 582 5306 Aegidius
616 5214 938 5307 Schudolszky
973 5214 1146 5288 dedomo
1180 5212 1414 5285 Habdank.
1457 5209 1498 5280 Iu
1526 5227 1595 5299 qua
1630 5227 1699 5277 non
1727 5207 1809 5275 sunt

264 5336 332 5409 uisi
358 5334 426 5409 duo
452 5337 545 5410 lanai
571 5338 815 5426 cmcthonales,
843 5339 901 5428 qui
930 5338 1102 5428 quondam
1129 5341 1230 5407 eruut
1256 5331 1459 5425 praedialeS,
1485 5329 1529 5401 de
1556 5326 1681 5417 quibus
1707 5323 1813 5395 solvi-

264 5462 323 5529 tur
338 5462 377 5531 et
392 5458 598 5532 conducitur
624 5459 759 5531 decima
784 5458 1010 5550 manipularis
1028 5465 1065 5529 ct
1082 5455 1257 5546 canapalis
1284 5474 1348 5543 pro
1366 5450 1511 5522 ecclesia
1537 5448 1573 5517 iu
1601 5444 1747 5535 Gzyru
1759 5444 1814 5531 iu,

265 5583 302 5651 et
325 5578 427 5653 valor·
451 5581 526 5654 eius
554 5582 758 5655 aestimatur
785 5581 829 5653 ad
856 5581 942 5651 duas
969 5600 1113 5651 marcas.

368 5700 517 5775 Woavs
543 5702 848 5791 Lvsssuovvsus,
882 5700 966 5773 villa
997 5700 1062 5771 suh
1089 5696 1255 5789 parochia
1290 5692 1333 5764 de
1360 5689 1560 5783 Gzyrnin
1596 5688 1681 5777 sita,
1718 5683 1814 5756 cuius

264 5820 388 5893 haeres
414 5822 448 5893 N
466 5877 582 5894 .....
609 5822 953 5914 Lyssahovsky
981 5820 1024 5892 de
1051 5818 1308 5913 domo.,....
1334 5814 1374 5884 Iu
1403 5832 1471 5903 qua
1497 5814 1580 5884 sunt
1605 5806 1697 5879 lanei
1724 5824 1814 5877 ome

265 5942 434 6035 thonales,
460 5945 544 6017 itera
570 5947 748 6035 tabernae,
775 5944 858 6015 item
885 5940 1075 6031 hortulani,
1103 5938 1145 6010 de
1174 5937 1298 6028 quibus
1325 5934 1483 6006 omnibus
1510 5930 1658 6005 solvitur
1684 5925 1816 5998 decima

265 6064 490 6157 manipularis
525 6087 590 6156 pro
616 6069 819 6157 episcopatu
847 6062 1088 6152 cracoviensi,
1122 6066 1158 6131 et
1184 6059 1283 6131 valor
1318 6058 1392 6128 eius
1419 6054 1625 6126 aestimatur
1658 6046 1816 6121 adduas
