4200 8342
296 1624 370 1695 478

297 1836 455 1901 muratae
482 1832 573 1917 sunt,
601 1826 691 1896 serie
719 1830 754 1896 et
780 1824 882 1927 niodo
909 1823 1027 1895 italico
1054 1828 1091 1894 61
1109 1822 1240 1914 humili,
1259 1827 1296 1894 et
1313 1822 1498 1912 pleraeque
1517 1823 1623 1894 etiam
1644 1828 1727 1894 sunt
1745 1828 1848 1893 testu·

299 1951 455 2040 dinatae,
482 1954 518 2019 ot
554 1948 663 2017 omnis
698 1945 832 2018 fabrica
857 1946 1001 2016 muralis
1028 1944 1114 2015 dicti
1140 1944 1363 2033 monasterii,
1389 1945 1481 2034 quod
1510 1940 1700 2016 Gedeon
1729 1942 1849 2014 Craco

299 2073 426 2145 niensis
461 2070 643 2160 episcopus
679 2068 721 2140 do
755 2087 883 2158 genere
918 2072 954 2137 et
990 2067 1092 2137 domo
1129 2064 1234 2136 (1111
1238 2065 1255 2136 1
1261 2086 1391 2137 onum
1428 2064 1463 2137 in
1498 2063 1606 2137 fundo
1634 2067 1850 2156 episcopatus

299 2193 538 2266 Craeovicnsis
563 2190 730 2279 fundavit,
758 2188 862 2260 etde
888 2188 990 2261 bonis
1016 2208 1156 2261 mensae
1183 2187 1391 2277 episcopalis
1418 2186 1570 2277 dotavit,
1599 2208 1708 2279 opere
1735 2188 1852 2259 italico

299 2321 460 2387 extructa
495 2319 567 2403 est;
602 2312 827 2401 aprimaera
853 2310 944 2381 enirn
970 2308 1171 2381 fundatione
1199 2309 1283 2381 dicti
1310 2309 1532 2400 monasterii,
1559 2329 1630 2382 uon
1658 2308 1854 2381 incolebant

301 2436 385 2509 illud
421 2436 498 2526 alii,
526 2434 592 2505 nisi
619 2432 753 2522 Italici,
781 2452 889 2521 usquo
916 2431 960 2502 ad
987 2451 1114 2501 annum
1141 2430 1281 2502 Domini
1314 2431 1421 2502 1420.
1449 2430 1613 2521 quoniam
1640 2429 1766 2502 Poloni
1794 2450 1853 2501 nec

301 2558 475 2647 solebant,
509 2576 573 2627 nec
608 2554 771 2625 volebant
805 2573 883 2624 esse
917 2551 1094 2642 religiosi,
1129 2557 1166 2624 et
1200 2551 1284 2643 quia
1318 2551 1355 2622 in
1381 2556 1539 2641 regestro
1566 2552 1855 2624 monasteriorum

300 2678 448 2770 praelati
475 2676 677 2749 monasterii
703 2672 1075 2764 proventussingnlos
1102 2672 1359 2763 descripsimus,
1385 2672 1463 2745 ideo
1491 2672 1587 2745 illam
1615 2672 1675 2745 bic
1703 2673 1855 2746 obmitti-

299 2822 385 2871 mus,
412 2799 501 2870 Sunt
528 2803 641 2869 antem
669 2797 704 2867 in
731 2795 858 2885 oppido
885 2793 1041 2884 praelato
1069 2793 1156 2865 certi
1183 2793 1269 2884 agri,
1296 2800 1508 2866 nontamen
1535 2794 1571 2865 in
1595 2793 1719 2867 lancos
1737 2792 1856 2866 distin·

301 2922 368 3011 cti,
403 2921 446 2992 do
482 2920 605 3009 quibus
640 2916 788 2988 solvitur
822 2921 859 2987 et
894 2915 1098 2987 conducitur
1133 2914 1267 2985 decima
1302 2914 1528 3005 manipularis
1554 2935 1620 3005 pro
1646 2915 1855 2986 monastello

301 3041 589 3129 Wanolroczcnsi,
616 3043 652 3109 61
687 3037 785 3108 valor
820 3036 894 3107 6166
931 3036 1136 3107 aestimatur
1163 3035 1207 3106 ad
1235 3035 1415 3107 duodecim
1442 3056 1585 3108 marcas.
1625 3035 1716 3108 Item
1744 3043 1799 3107 est
1822 3036 1854 3107 iu

301 3165 421 3235 eodem
457 3161 583 3253 oppido
610 3159 790 3250 praedium
817 3157 1036 3248 coenobiale,
1064 3157 1106 3228 de
1133 3158 1231 3228 cuius
1258 3157 1352 3247 agris
1379 3158 1628 3231 monasterium
1656 3179 1729 3230 non
1756 3156 1856 3229 solrit

301 3285 477 3373 decimam,
505 3282 566 3354 661
593 3303 668 3353 eam
696 3301 760 3370 pro
788 3300 825 3350 se
852 3279 953 3350 tollit
979 3279 1067 3350 Item
1095 3279 1212 3350 estin
1239 3279 1359 3351 eodem
1387 3278 1514 3369 oppido
1532 3277 1681 3351 ecclesia
1700 3280 1855 3370 parocbi-

300 3407 365 3479 ulis
391 3407 516 3496 lignea,
543 3402 694 3475 Sanctae
720 3401 904 3472 Elizabeth
931 3400 1062 3471 electae
1089 3399 1212 3490 dicata,
1240 3420 1327 3490 quae
1355 3420 1418 3490 pro
1446 3420 1510 3471 sua
1527 3399 1608 3473 dote
1627 3401 1739 3473 lrabet
1757 3422 1852 3491 agros

302 3526 496 3617 praedialcs
523 3531 559 3596 61
584 3529 695 3614 prata,
732 3522 820 3594 Item
848 3526 902 3593 est
928 3522 964 3592 in
992 3521 1112 3592 eodem
1139 3521 1266 3612 oppido
1293 3521 1494 3613 advocatia,
1520 3542 1610 3612 quae
1636 3522 1748 3594 habet
1774 3523 1852 3594 duos

301 3648 420 3719 laneos
446 3666 627 3737 agrorum,
655 3645 697 3715 de
725 3643 851 3733 quibus
877 3641 1045 3714 decimam
1071 3640 1321 3733 manipularem
1349 3642 1454 3714 solvit
1481 3648 1518 3714 et
1543 3642 1662 3715 reddit
1690 3644 1850 3716 ecclesiae

303 3768 492 3859 parochiali
519 3773 555 3839 61
581 3766 730 3857 plebano
756 3765 792 3836 in
819 3762 1165 3854 Vanchoczsko,
1187 3768 1229 3847 ¹et
1255 3762 1354 3836 valor
1380 3764 1454 3836 eius
1482 3765 1692 3837 aestimatur
1711 3764 1756 3836 ad
1775 3765 1851 3837 duas

301 3910 445 3963 inarcas.
483 3889 571 3960 Item
608 3886 771 3976 oppidani
807 3886 849 3956 16
885 3885 1031 3975 singulis
1059 3886 1132 3957 suis
1159 3885 1254 3975 agris
1281 3884 1421 3958 solvunt
1446 3883 1600 3957 61666166
1627 3887 1852 3959 ccclesiaect

301 4013 450 4103 plebano
476 4008 760 4099 Wancboczensi,
778 4006 968 4079 secundum
987 4006 1216 4097 quantitatem
1236 4027 1399 4097 agrorum
1417 4009 1452 4080 in
1472 4007 1610 4099 siligine
1628 4015 1665 4081 et
1685 4010 1721 4081 16
1741 4028 1851 4081 arena

405 4133 659 4205 Sunazrczsno
686 4129 895 4201 coenobialis
922 4128 1023 4218 villa,
1050 4127 1114 4200 sub
1141 4129 1307 4219 parochia
1333 4128 1376 4201 de
1402 4128 1757 4204 Wancboczsko
1783 4132 1851 4222 sita

303 4257 400 4328 cuius
426 4255 622 4346 proprietas
649 4251 693 4322 ad
720 4250 965 4322 rrronasterium
992 4250 1028 4320 in
1056 4247 1396 4322 Wanchoczsko
1423 4252 1584 4342 pertinet
1611 4252 1653 4323 In
1683 4274 1754 4343 qna
1779 4259 1850 4325 sunt

301 4378 393 4447 lanei
420 4373 670 4462 cmetlronales,
699 4374 780 4443 item
807 4372 973 4444 tabernae
1000 4376 1074 4442 tros
1100 4372 1268 4443 habentes
1294 4393 1407 4462 agros.
1446 4372 1533 4444 Item
1559 4373 1766 4446 lrortulania
1791 4395 1850 4447 uua

196 4530 209 4539 ··
302 4498 433 4569 liabens
460 4515 572 4585 agros,
600 4492 643 4563 de
670 4493 794 4583 quibus
822 4492 979 4564 omnibus
1007 4493 1155 4565 solvitur
1182 4498 1218 4564 et
1245 4493 1449 4565 conducitur
1475 4493 1611 4566 decima
1628 4496 1850 4586 manipularis

302 4626 338 4692 61
365 4617 539 4708 cariapalis
566 4635 629 4706 pro
656 4614 800 4685 ecclesia
826 4622 862 4686 61
889 4613 1035 4704 plebano
1054 4617 1089 4685 in
1108 4613 1463 4706 Wanchoczsko,
1482 4622 1518 4687 et
1536 4617 1635 4688 vralor
1656 4618 1734 4689 eius
1753 4619 1850 4691 aesti-

302 4748 416 4813 matur
443 4739 486 4811 ad
514 4743 593 4809 octo
620 4756 763 4807 nrarcas.
790 4736 878 4807 Item
906 4757 975 4808 non
1001 4742 1055 4807 est
1081 4737 1129 4806 ibi
1156 4736 1346 4826 praedium,
1374 4758 1485 4828 neque
1512 4738 1761 4811 molendinum.

404 4862 542 4951 Barna,
569 4860 652 4932 villa
678 4859 742 4930 sub
770 4858 937 4948 parochia
962 4858 1127 4929 ecclesiae
1155 4858 1198 4930 do
1225 4857 1567 4932 Wanclroczsko
1595 4861 1675 4951 sita,
1703 4883 1768 4952 per
1786 4883 1849 4934 ma·

300 5007 404 5074 11666(
432 4985 589 5055 comitem
618 4981 858 5053 Nicolaum
895 4981 1104 5052 monasterio
1141 4979 1288 5070 donata,
1315 4982 1413 5052 66166
1439 4982 1638 5071 proprietas
1666 4982 1712 5054 ad
1741 5004 1849 5055 mona-

301 5108 445 5177 sterinm
473 5104 752 5175 Wanclroczense
779 5103 940 5193 pertinet.
966 5102 1006 5173 ln
1035 5123 1104 5193 qua
1130 5107 1212 5173 sunt
1238 5107 1388 5192 quatuor
1414 5103 1505 5174 lanei
1532 5105 1789 5194 cmetlronales,
1813 5104 1848 5175 do

302 5227 426 5315 qrribus
461 5225 607 5295 solvitur
642 5228 678 5294 et
712 5224 915 5295 6661661161
942 5223 1074 5294 decima
1100 5223 1328 5313 manipularis
1354 5229 1391 5294 et
1416 5225 1591 5314 canapalis
1618 5246 1684 5315 pro
1713 5200 1867 5297 ecelesia

302 5352 339 5417 61
365 5345 512 5435 plebano
540 5345 574 5414 in
602 5344 966 5434 Wanclroczsko,
994 5351 1030 5416 et
1057 5346 1154 5416 valor
1181 5346 1255 5417 eius
1281 5347 1487 5417 aestimatur
1513 5346 1558 5417 ad
1585 5353 1742 5438 quatuor
1769 5368 1848 5421 mar-

301 5488 369 5539 cas
408 5465 495 5535 Item
531 5486 599 5534 non
635 5471 689 5534 661
724 5466 773 5535 111
805 5465 984 5554 praedium
1021 5468 1237 5558 coenobiale,
1263 5489 1332 5540 666
1369 5474 1452 5540 6661
1477 5468 1719 5562 hortulaniae,
1747 5488 1849 5561 neque

301 5590 478 5663 tabernae.

405 5708 578 5783 11116611
604 5704 789 5799 bisancii,
826 5708 908 5780 villa
942 5708 1007 5781 snb
1040 5711 1206 5800 parochia
1239 5709 1282 5781 de
1310 5709 1657 5783 illanchoczsko
1685 5719 1724 5784 et
1751 5730 1848 5805 propa

301 5832 464 5925 oppidum
491 5832 567 5903 sita.
594 5830 635 5901 ln
662 5852 731 5921 qua
748 5835 829 5901 6661
846 5830 936 5903 lanei
956 5832 1199 5922 cinethonalcs,
1218 5833 1300 5904 item
1319 5839 1469 5925 quatuor
1487 5833 1709 5905 hortulaniae
1728 5835 1849 5907 lrabea-

299 5963 355 6028 tes
381 5976 494 6047 agroa,
522 5954 564 6025 de
592 5952 715 6043 qnibns
742 5953 888 6023 solvitur
915 5959 952 6024 et
978 5954 1181 6026 conducitur
1208 5953 1342 6025 decima
1368 5954 1595 6045 manipularis
1621 5960 1661 6026 et
1679 5956 1849 6047 canapalis

299 6099 363 6169 pro
390 6075 601 6148 monasterio
629 6074 663 6144 in
692 6073 1046 6164 Wanclroczsko,
1073 6076 1170 6147 euius
1197 6075 1295 6147 valor
1323 6076 1365 6147 ad
1394 6096 1454 6148 sex
1480 6096 1616 6147 mareas
1641 6078 1850 6148 aestimatur.

299 6201 387 6271 ltern
413 6221 481 6269 non
510 6200 565 6267 661
591 6196 639 6267 ibi
666 6195 855 6286 praedium,
882 6217 993 6287 noque
1020 6196 1263 6288 molendinum,
1291 6220 1359 6271 non
1387 6204 1469 6271 sunt
1494 6199 1674 6271 tabernae

403 6319 658 6390 1166111661
686 6316 840 6408 ll'onrn,
867 6318 950 6389 villa
976 6319 1041 6389 sub
1068 6319 1234 6408 parrochia
1252 6320 1295 6391 dc
1313 6319 1633 6392 Wanchoczko
1662 6321 1744 6413 sita,
1761 6320 1851 6393 cuius

299 6442 497 6532 proprietas
532 6439 577 6511 ad
612 6440 857 6511 monasterinm
892 6439 1173 6513 ll'anclroczense
1209 6442 1369 6532 pertinet.
1410 6442 1450 6515 ln
1478 6464 1546 6533 qua
1572 6448 1657 6515 sunt
1683 6441 1754 6515 duo
1780 6449 1851 6515 tau-

299 6562 477 6635 tummodo
512 6560 605 6634 lanei
641 6561 892 6654 emethonales,
918 6563 1002 6635 item
1033 6562 1193 6637 scoltetia
1219 6563 1351 6641 babens
1373 6563 1465 6653 dnos
1490 6564 1631 6657 laneos,
1658 6564 1702 6639 de
1730 6564 1850 6659 611116
