4200 8342
257 1600 330 1703 am

151 1914 159 1924 ,
255 1836 502 1925 Msthoviensi‚
538 1839 677 1925 praeter
707 1824 800 1905 'duos
835 1814 972 1922 laneos,
999 1835 1081 1923 post
1116 1852 1202 1923 quos
1229 1828 1421 1905 decimatur
1445 1828 1484 1902 in
1509 1827 1687 1904 Zorarr:
1712 1827 1794 1903 valor

256 1958 408 2028 decimae
434 1957 639 2027 aestimatur
666 1955 711 2025 ad
738 2009 744 2024 .
773 2009 780 2023 .
808 2009 815 2023 .
1599 1972 1603 1979 ·

358 2076 627 2166 Mommsenio,
654 2075 737 2147 villa
764 2074 828 2146 suh
854 2076 1021 2173 parochia
1048 2075 1212 2146 ecclesiae
1240 2075 1283 2145 da
1309 2073 1472 2147 Zoraw
1498 2074 1576 2164 sita,
1601 2073 1705 2144 cuius
1729 2072 1796 2145 hae

256 2196 357 2269 redes
382 2195 561 2269 lohannes
588 2202 625 2267 et
650 2196 815 2267 Nicolaus
842 2194 885 2267 de
912 2196 1045 2267 armis.
1073 2250 1081 2265 .
1108 2250 1116 2264 .
1143 2250 1151 2266 .
1178 2195 1218 2266 ln
1245 2216 1314 2284 qua
1339 2200 1422 2267 sunt
1446 2194 1539 2265 lanei
1565 2192 1798 2282 cmethonales,

255 2317 297 2388 de
325 2319 450 2410 quihus
478 2317 625 2389 solvitur
652 2317 785 2388 decima
811 2317 1012 2407 praeposito
1038 2315 1288 2405 Msthoviensi,
1315 2320 1352 2387 et
1378 2316 1476 2387 valor
1503 2316 1579 2387 eins
1608 2314 1799 2387 aestimata

255 2437 300 2509 ad
327 2493 335 2509 .
363 2493 370 2508 .
398 2492 405 2506 .
431 2438 520 2509 Item
546 2442 602 2507 est
628 2437 676 2508 ihi
703 2437 882 2527 praedium
909 2437 1069 2527 militare,
1098 2436 1140 2508 de
1159 2437 1255 2510 cuius
1273 2436 1368 2527 agris
1386 2436 1535 2509 solvitur
1552 2424 1800 2508 decima9eeclo·

258 2560 330 2630 siae
356 2559 392 2628 in
419 2556 587 2647 Zoraw.

828 2704 833 2711 ·
895 2674 1168 2750 Wronowrczn.

360 2799 532 2891 Oppidum
559 2797 691 2871 habens
717 2798 754 2869 in
781 2818 818 2870 se
844 2799 1077 2890 parochialem
1105 2799 1283 2870 ecclesiam
1310 2799 1458 2889 ligneam
1484 2797 1620 2871 Sanat.
1648 2851 1657 2868 .
1684 2833 1693 2868 ι
1719 2795 1801 2869 diea-

257 2928 339 3012 tam,
365 2922 463 2992 cuins
490 2919 657 2992 haeredes
683 2919 953 2992 Salomones
980 2918 1023 2989 de
1050 2919 1152 2993 domo
1180 2917 1446 3011 cygnorum.
1472 2920 1514 2991 ln
1532 2940 1602 3010 quo
1621 2924 1706 2990 sunt
1722 2918 1801 2989 lanei

257 3040 516 3131 oppidanorum,
543 3039 586 3110 de
613 3040 738 3130 quibus
766 3039 914 3112 solvitur
941 3045 977 3110 et
1003 3037 1208 3111 conducitur
1235 3039 1368 3111 decima
1394 3040 1625 3131 manipularis
1653 3044 1692 3110 et
1709 3058 1800 3110 cana·

257 3161 346 3251 palis
377 3182 441 3251 pro
478 3161 640 3252 episcopo
676 3158 916 3251 Oracoviensi,
941 3165 978 3230 et
1014 3161 1113 3232 valor
1147 3161 1222 3232 eius
1254 3162 1458 3233 aestimatur
1485 3159 1638 3232 edocto
1667 3179 1802 3248 marcas,

256 3281 343 3352 Item
369 3282 537 3371 plebanus
564 3287 602 3352 et
627 3281 773 3352 ecclesia
797 3281 905 3352 habet
931 3281 980 3353 ihi
1006 3302 1111 3372 agros
1137 3281 1284 3372 liberos,
1310 3301 1374 3372 pro
1401 3301 1464 3353 suo
1491 3302 1573 3373 usu,
1600 3280 1802 3372 praedicet

257 3403 472 3473 necessitate.
511 3400 684 3491 Oppidum
710 3401 804 3472 istud
831 3400 913 3473 olim
941 3402 985 3473 ad
1011 3403 1259 3474 monasterium
1285 3401 1524 3474 Msthoriense
1550 3388 1595 3474 ex
1621 3401 1803 3474 donatione

256 3521 375 3593 lvonis
401 3521 554 3611 episcopi
572 3521 809 3594 Gracoviensis
827 3522 1034 3612 pertinebat,
1054 3523 1115 3594 sed
1134 3520 1345 3593 Wladislaus
1363 3522 1495 3612 primus
1514 3523 1628 3594 dictus
1647 3520 1803 3595 Loktek

258 3641 422 3713 Poloniae
457 3662 537 3732 ren,
565 3642 655 3712 datis
691 3641 782 3713 villis
808 3641 1111 3735 Komorniky,
1137 3641 1325 3715 Morsko
1352 3649 1389 3714 et
1415 3643 1697 3734 Skarszyce‚
1724 3640 1801 3731 illud

258 3781 321 3851 per
348 3763 650 3834 commutationem
677 3763 818 3852 accepit.
850 3763 957 3835 1327.

361 3882 635 3955 Ponanszrnmr
661 3884 839 3973 praedium
867 3885 1032 3976 optimum
1049 3889 1096 3955 et
1121 3884 1257 3975 largum
1284 3886 1348 3958 sub
1375 3885 1540 3976 parochia
1563 3884 1606 3957 de
1633 3883 1803 3956 Wlodo

258 4003 395 4075 wicze
426 4004 548 4095 situm,
576 4004 673 4076 cuius
710 4005 906 4096 proprietas
940 4004 984 4076 ad
1019 4004 1194 4095 praefatos
1228 4004 1499 4078 Salomones
1533 4006 1695 4077 consules
1725 4004 1802 4077 (lm-

257 4125 434 4197 cunienses
470 4124 513 4196 de
549 4125 650 4197 domo
685 4123 941 4215 cygnorum
978 4126 1149 4217 pertinet,
1176 4125 1219 4197 de
1254 4126 1352 4198 cuius
1379 4125 1473 4218 agris
1500 4125 1650 4199 solvitur
1676 4126 1801 4198 decima

257 4246 486 4336 manipularis
510 4245 675 4317 ecclesiae
703 4246 737 4315 in
764 4244 1086 4337 Wlodowicze,
1113 4247 1209 4319 cuius
1236 4247 1336 4319 valor
1360 4246 1405 4319 ad
1432 4247 1584 4340 quinqua
1610 4268 1755 4321 marcas

362 4365 480 4456 Gonu,
507 4366 590 4437 villa
615 4367 680 4438 suh
706 4367 873 4456 parochia
898 4368 941 4438 de
968 4364 1283 4440 Wlodowicze·
1301 4368 1380 4459 sita,
1407 4369 1503 4442 cuius
1520 4369 1691 4441 haeredes
1709 4386 1800 4460 prae·

259 4486 323 4557 lati
357 4486 518 4558 Salomon
554 4494 590 4557 et
617 4541 765 4557 .....
792 4487 1061 4560 Salomones
1088 4489 1245 4561 consules
1273 4488 1528 4562 cracovienses.
1555 4490 1595 4562 In
1625 4511 1695 4582 qua
1726 4494 1799 4573 sunt

258 4606 349 4677 lanei
389 4606 640 4696 cmethonalcs‚
675 4607 717 4678 de
754 4609 877 4698 quibus
918 4609 1064 4681 solvitur
1103 4617 1140 4683 et
1175 4610 1378 4682 conducitur
1415 4610 1550 4683 decima
1582 4610 1797 4702 manipularis

256 4733 293 4797 et
319 4729 494 4818 canapalis
521 4748 584 4818 pro
612 4727 773 4820 episcopo
800 4728 1030 4821 Gracoviensi‚
1058 4731 1156 4803 cuius
1181 4731 1281 4804 valor
1306 4732 1351 4804 ad
1377 4737 1511 4824 septem
1536 4752 1676 4805 marcas
1702 4731 1795 4804 aesti-

258 4854 380 4921 matur.

359 4968 485 5061 Znow,
513 4970 596 5044 uilla
622 4973 687 5043 suh
714 4972 881 5062 parochia
907 4972 950 5044 de
976 4969 1293 5066 Wlodnwyczc
1319 4974 1398 5065 sita,
1416 4975 1513 5048 cuius
1530 4974 1658 5048 haeres
1677 4975 1795 5048 'l'rza-

257 5091 338 5162 ska
365 5092 407 5163 de
435 5093 541 5164 armis
568 5093 812 5186 Trzaszlcy.
838 5094 878 5164 ln
907 5115 975 5184 quia
1000 5100 1083 5166 sunt
1108 5094 1202 5166 lanei
1228 5095 1471 5189 emethonales,
1490 5096 1533 5169 de
1552 5098 1679 5188 quihus
1698 5096 1803 5183 omni·

257 5213 323 5283 hus
358 5213 506 5327 solvitur
542 5220 578 5285 ct
614 5215 818 5286 conducitur
851 5216 985 5287 decima
1018 5216 1244 5306 manipularis
1280 5223 1316 5289 ot
1351 5219 1526 5310 canapalis
1561 5240 1627 5309 pro
1663 5219 1824 5291 ecclesio.

262 5333 452 5421 parochiali
479 5334 513 5403 in
541 5333 856 5426 Wlodonicze‚
883 5337 980 5408 cuius
1006 5338 1106 5408 valor
1132 5338 1337 5410 aestimatur
1362 5338 1406 5410 ad
1434 5394 1442 5409 .
1470 5393 1478 5410 .
1505 5394 1512 5410 .
1807 5352 1813 5361 '

359 5452 723 5546 Psnuoscnowrozn,
751 5457 833 5527 villa
859 5459 925 5529 suh
952 5459 1118 5548 parochia
1144 5460 1309 5531 ecclesiae
1326 5460 1369 5531 de
1387 5459 1709 5552 Wlodowycze
1730 5460 1856 5537 sits

195 5631 197 5635 .
259 5575 355 5646 cuius
381 5575 549 5647 haeredes
575 5574 723 5665 praefati
750 5576 1018 5651 Salomones
1045 5582 1137 5652 cives
1164 5580 1411 5654 cracovienses
1437 5581 1480 5653 de
1503 5583 1611 5653 armis
1638 5581 1861 5674 Gygam

256 5715 359 5768 rum.
384 5697 426 5767 In
453 5717 521 5786 qua
547 5702 628 5767 snnt
653 5696 745 5768 lanei
771 5701 1005 5772 cmethonales
1032 5699 1075 5771 de
1103 5702 1227 5792 quihus
1254 5700 1402 5774 solvitur
1428 5707 1465 5774 et
1491 5701 1700 5775 conducitur
1716 5690 1861 5775 dec-‘⁵‘

256 5834 313 5887 ma
338 5817 563 5908 manipularis
590 5824 625 5888 et
653 5818 825 5908 canapalis
856 5841 919 5911 pro
947 5822 1108 5911 episcopo
1135 5820 1374 5913 (lemoviensi,
1401 5823 1499 5895 cuius
1525 5823 1625 5895 valor
1652 5824 1698 5896 ad
1726 5832 1861 5915 qua

256 5942 337 6009 tuor
363 5959 508 6010 marcas.
1447 6026 1453 6036 Ι

359 6057 561 6151 Runnrrcr,
589 6057 671 6132 villa
706 6052 770 6134 suh
798 6062 962 6153 parochia
988 6063 1032 6135 de
1059 6061 1378 6157 Wlodowycze
1404 6065 1483 6157 sita,
1510 6065 1804 6141 cuius-haered·
1819 6056 1861 6131 1¹

255 6178 422 6273 praedicti
456 6179 732 6253 Salomones.
768 6182 807 6252 In
838 6204 905 6273 qua
932 6191 1012 6256 sunt
1037 6186 1130 6256 lanei
1157 6187 1407 6277 cmethonales‚
1436 6186 1479 6258 de
1506 6174 1633 6277 quibus
1660 6188 1861 6263 minora

255 6305 291 6370 et
317 6301 521 6373 conducitur
556 6300 689 6373 decima
725 6305 949 6393 manipularis
985 6311 1022 6376 et
1048 6307 1225 6397 canapalis
1260 6328 1324 6398 pro
1352 6308 1554 6398 episcopatu
1581 6308 1861 6383 Gracorier.⁸

255 6425 290 6491 et
317 6423 414 6494 valor
440 6421 514 6494 eius
542 6423 586 6494 ad
614 6442 674 6496 sex
700 6445 834 6496 marcas
861 6427 1075 6498 aestimatur.
1247 6405 1249 6408 ⁵

361 6542 600 6637 Zaoonznnr,
626 6543 710 6619 villa
736 6544 799 6618 sub
825 6549 991 6639 parochia
1017 6549 1060 6620 de
1078 6500 1499 6644 Wlodomyczesita,
1515 6504 1842 6665 machaeram
