4200 8342
1766 1634 1839 1709 429

290 1836 470 1913 lohannes
505 1836 720 1932 Naszyon
747 1839 873 1915 nobilis
900 1842 943 1914 de
970 1840 1072 1915 domo
1109 1838 1429 1933 Bippenninm.
1464 1840 1505 1915 ln
1532 1863 1601 1935 qua
1635 1849 1717 1919 suut
1751 1845 1842 1916 lanei

290 1962 542 2053 emethouales,
576 1962 771 2054 dequibus
807 1963 959 2037 decimae
995 1964 1172 2056 perceptio
1211 1966 1388 2055 ramatum
1423 1984 1503 2037 nam
1530 1965 1574 2037 de
1599 1966 1694 2057 agris
1721 1950 1843 2037 versus

290 2082 461 2157 Novam
486 2083 740 2157 Civitatem
769 2086 846 2158 sitis
873 2085 967 2157 tollit
995 2086 1089 2159 illam
1125 2088 1344 2178 episcopatus
1380 2085 1638 2179 macrianus,
1676 2093 1712 2159 et
1740 2087 1839 2159 valor

290 2206 436 2281 eiusad
462 2226 567 2279 unam
602 2226 772 2296 marcam,
807 2212 952 2298 excepto
979 2228 1047 2281 uno
1076 2206 1190 2279 stadio
1218 2208 1262 2280 ab
1289 2209 1425 2280 horreis
1452 2228 1490 2279 se
1516 2208 1765 2300 protendente,
1795 2208 1838 2279 de

289 2348 359 2419 quo
385 2328 480 2401 tollit
506 2328 674 2420 plebanus
700 2329 736 2401 in
763 2327 1047 2421 Ostrewcae,
1083 2330 1118 2399 in
1146 2329 1259 2402 altera
1284 2350 1367 2401 vero
1394 2337 1514 2421 parte,
1551 2351 1673 2402 versus
1700 2330 1839 2421 Zago-

288 2450 418 2523 rza'ni
443 2454 480 2523 et
505 2449 733 2542 Zegocziu
760 2470 798 2523 se
816 2450 1065 2542 protendente,
1092 2450 1186 2522 tollit
1212 2451 1307 2522 illam
1335 2451 1504 2542 plebanus
1532 2452 1567 2521 in
1593 2451 1839 2542 Ostrowcze,

287 2574 431 2661 praeter
463 2566 552 2645 duos
586 2572 722 2664 laneos,
757 2578 794 2644 et
820 2572 919 2645 valor
953 2572 1108 2645 decimae
1143 2594 1207 2664 pro
1239 2573 1406 2665 plebano,
1441 2574 1647 2645 aestimatur
1682 2572 1840 2645 adduas

287 2712 490 2785 sexagenum.

390 2814 628 2907 Znaonznur,
662 2815 748 2888 uilla
782 2817 847 2888 suh
881 2816 1047 2908 parochia
1083 2817 1126 2889 de
1158 2814 1426 2890 Ostrcwcze
1462 2817 1548 2908 sita,
1584 2818 1681 2889 cuius
1717 2816 1839 2888 haeres
1920 2855 1926 2867 ·

286 2932 444 3009 Mathias
470 2936 514 3009 de
541 2937 647 3009 armis
673 2938 994 3030 Bippenuium.
1020 2938 1062 3010 Iu
1090 2958 1158 3032 qua
1184 2937 1228 3010 de
1253 2938 1397 3029 praedio
1424 2939 1568 3009 militari
1595 2958 1638 3009 ex
1665 2938 1839 3028 aliquibus

286 3059 399 3150 agris,
426 3064 463 3131 et
480 3059 524 3131 de
541 3060 676 3132 duobus
694 3060 817 3133 stadiis
836 3060 1129 3153 emethonalibus,
1152 3060 1345 3133 decimatur
1362 3081 1426 3152 pro
1445 3060 1591 3132 eeclesia
1608 3060 1643 3131 in
1662 3058 1838 3131 Ostrcu-

285 3200 376 3271 eae,
403 3187 441 3252 et
465 3181 566 3254 valor
600 3182 675 3254 eius
705 3180 855 3255 adacto
891 3189 1030 3256 scottos.
1075 3183 1162 3265 Item
1197 3188 1279 3255 sunt
1304 3183 1354 3254 ibi
1381 3182 1471 3254 lanei
1506 3182 1757 3271 emethouales,
1794 3182 1837 3252 de

285 3303 414 3393 quihus
440 3302 588 3376 soluitur
614 3309 650 3375 et
675 3304 880 3377 conducitur
906 3306 1040 3376 decima
1065 3304 1291 3397 manipularis
1318 3310 1354 3376 et
1380 3305 1573 3396 carrapalis,
1610 3304 1775 3375 ecclesiae
1801 3306 1837 3374 in

284 3422 526 3515 Bolesla'w‚
552 3431 589 3498 et
614 3426 714 3498 valor
739 3427 814 3499 eius
841 3427 885 3498 ad
912 3448 1017 3498 nuum
1043 3426 1223 3499 fertonem.

285 3573 289 3581 ·
389 3545 503 3619 Vilice
539 3549 773 3639 parochiales:
813 3548 1099 3640 Ostroueze,
1143 3548 1429 3639 Zagorzaui,
1475 3546 1632 3620 Gorna
1667 3547 1835 3639 Wolya,

285 3666 537 3760 Zegocain,
564 3669 767 3759 Hinhow,
794 3670 996 3761 Panlow,
1023 3672 1253 3762 Breshou,
1285 3670 1596 3765 Breskousha
1622 3668 1792 3761 Wolya.

441 3788 447 3793 ’
966 3792 1155 3864 Sczuczrn.
1277 3782 1279 3787 ’

387 3909 483 3984 Villa
507 3912 640 3985 habens
666 3912 844 3984 ecclesiam
871 3914 1103 4004 parochialem
1131 3914 1166 3984 in
1186 3933 1241 4003 se,
1269 3913 1304 3982 in
1331 3912 1497 3985 honorem
1524 3911 1671 3982 Sanctae
1698 3910 1834 3984 Mariae

284 4028 514 4123 Magdalenae
548 4032 714 4125 dicatam,
750 4036 848 4106 euius
882 4035 1050 4107 haeredes
1086 4040 1123 4105 et
1149 4034 1307 4126 patroni:
1341 4032 1527 4105 Florianus
1563 4038 1600 4103 et
1626 4031 1753 4103 Petrus
1790 4032 1833 4104 de

284 4150 532 4227 Paezanou
559 4153 731 4228 dedomo
759 4154 973 4247 Gelitha,
1007 4154 1133 4227 Petrus
1165 4156 1208 4227 de
1235 4154 1527 4244 Smogorzow
1553 4152 1596 4223 de
1623 4152 1724 4224 domo
1744 4209 1752 4224 .
1771 4209 1778 4223 .
1798 4208 1832 4224 ..

283 4276 319 4345 et
343 4272 629 4367 Kykousczy
665 4277 708 4349 de
735 4276 837 4349 domo
856 4330 997 4349 ......
1022 4276 1141 4349 Habet
1176 4276 1322 4347 ecclesia
1357 4294 1461 4367 agros
1487 4296 1530 4345 ex
1556 4277 1704 4364 utraque
1730 4278 1831 4364 parte

283 4395 377 4487 viae,
404 4418 492 4488 quae
511 4397 607 4470 ducit
635 4399 669 4469 in
697 4399 935 4491 Slupyecn.
960 4398 1048 4471 Item
1067 4399 1174 4471 habet
1192 4404 1352 4488 stagnum
1371 4398 1469 4469 iuxta
1485 4396 1674 4486 Vislam,
1701 4396 1830 4468 dictum

283 4514 442 4591 (ladka
466 4521 645 4609 proprium
672 4526 710 4591 et
735 4520 892 4592 liberum.
928 4520 1015 4592 Item
1041 4520 1151 4593 habet
1184 4525 1280 4593 certa
1305 4517 1454 4609 fossata,
1491 4539 1551 4592 seu
1580 4518 1698 4590 alueos
1726 4538 1831 4608 aqua-

281 4660 375 4731 rum,
402 4639 495 4715 alias-
516 4638 703 4737 aonaoly,
731 4663 835 4714 unum
854 4664 975 4715 versus
994 4643 1192 4733 Vislam,
1220 4642 1313 4713 aliud
1333 4662 1453 4713 versus
1471 4645 1633 4731 stagnum
1659 4640 1831 4727 haeredis,

281 4762 371 4853 quod
399 4762 490 4834 iacet
515 4763 579 4834 sub
607 4764 727 4835 eadeur
754 4763 844 4837 villa
874 4765 958 4837 ltem
988 4766 1022 4835 iu
1050 4764 1175 4837 eodeur
1199 4770 1323 4854 stagno
1351 4764 1458 4835 habet
1485 4761 1700 4833 obstaculum
1713 4814 1722 4850 ,
1735 4765 1829 4850 'post

280 4886 455 4956 tracturos
492 4904 640 4974 sagenae
676 4906 798 4957 versus
834 4887 1056 4958 occidentem.
1092 4887 1181 4957 ltem
1208 4886 1314 4956 habet
1349 4883 1536 4973 fossatum,
1571 4883 1657 4953 alias
1687 4878 1827 4972 mothel,

278 5004 422 5077 inierim
450 5006 640 5079 abeodem
667 5008 859 5099 obstaculo,
894 5008 1105 5101 protendens
1133 5028 1170 5077 se
1197 5026 1319 5078 versans
1346 5005 1568 5077 occidentem.
1607 5003 1693 5075 Item
1721 5002 1828 5074 habet

279 5148 321 5199 eu
347 5127 470 5200 eodem
495 5128 572 5201 lacu
599 5129 673 5202 sine
700 5135 823 5221 stagno
847 5130 1015 5233 decimum
1034 5130 1181 5220 piscem,
1209 5149 1272 5219 per
1290 5148 1405 5199 casses
1423 5127 1497 5197 sine
1516 5146 1661 5216 sagenas
1679 5129 1828 5215 captum.

277 5248 370 5321 llam
392 5251 429 5323 iu
455 5250 574 5323 eadem
594 5252 677 5322 villa
693 5258 776 5323 surrt
794 5252 884 5323 lanei
904 5252 1156 5341 emethonales,
1184 5252 1264 5321 item
1285 5250 1470 5339 tabernae,
1497 5249 1579 5319 item
1599 5245 1828 5336 hortulaniae,

277 5368 322 5443 da
348 5370 473 5463 quibus
499 5371 648 5446 solvitur
674 5380 710 5445 et
737 5373 943 5447 conducitur
970 5373 1103 5445 decima
1138 5372 1364 5463 manipularis
1391 5376 1428 5443 et
1454 5370 1628 5462 canapalis
1655 5390 1720 5460 pro
1739 5424 1746 5439 .
1767 5424 1774 5438 .
1794 5424 1827 5438 ..

244 5490 368 5651 {tam
396 5482 584 5586 praedium.

239 5630 249 5675 -·
380 5616 564 5710 Sumam,
609 5617 692 5690 villa
722 5617 855 5690 habeus
882 5618 1062 5690 ecclesiam
1090 5616 1321 5710 parochialem
1350 5617 1385 5688 in
1414 5636 1469 5706 se,
1497 5668 1639 5686 ......
1666 5612 1826 5701 dicatam,

276 5734 373 5810 euius
400 5738 568 5829 plebanus
595 5739 749 5811 Mathias
776 5739 820 5812 de
846 5740 1023 5832 Blogye
1049 5740 1253 5831 presbyter,
1280 5738 1378 5809 cuius
1405 5739 1529 5808 haeres
1555 5735 1677 5807 unicus
1704 5737 1740 5802 et
1764 5752 1826 5822 pa-

271 5864 399 5954 tronus
424 5860 603 5935 Johanuea
628 5862 937 5953 Zakrzewshy
965 5862 1009 5933 de
1036 5862 1144 5933 armis
1171 5859 1373 5931 Gelitha.
1400 5858 1440 5927 ln
1460 5876 1527 5948 qrra
1545 5858 1627 5926 sunt
1645 5852 1825 5925 duodecim

275 5978 368 6053 lanei
393 5984 649 6075 emethonaleS,
682 5986 764 6056 itenr
791 5985 938 6055 taberna
973 6004 1059 6074 una,
1096 5984 1179 6054 item
1206 5979 1402 6068 hortulani,
1437 5976 1631 6068 dequibus
1668 5975 1825 6046 omnibus

248 6102 425 6195 *duem
457 6110 494 6176 et
529 6107 731 6179 conducitur
775 6104 908 6176 decima
951 6105 1177 6194 manipularis
1217 6109 1253 6172 et
1288 6099 1462 6189 campalis
1501 6116 1566 6188 pro
1605 6095 1752 6168 eeclesia
1789 6095 1825 6166 iu

273 6222 520 6321 Scauczin,
546 6232 583 6301 et
608 6230 707 6300 valor
733 6228 808 6299 eius
836 6227 1040 6298 aestimatur
1060 6225 1240 6296 addacem
1269 6241 1411 6293 marcas.
1447 6221 1535 6293 ltem
1563 6225 1618 6290 est
1644 6218 1693 6291 ihi
1719 6236 1825 6287 uuum

272 6349 453 6437 Mum
485 6324 656 6440 militare,
693 6350 784 6441 quod
820 6348 968 6419 decimat
1007 6346 1172 6417 ecelesiae
1209 6345 1244 6414 in
1282 6342 1499 6433 Swinari,
1544 6345 1581 6413 et
1616 6339 1715 6411 valor
1750 6338 1825 6410 eius

272 6468 318 6541 ad
336 6516 480 6542 ······
1260 6474 1275 6499 a

299 6683 303 6691 Ι
376 6590 643 6685 Sfloaonzow,
667 6591 752 6666 nilla
776 6592 843 6665 sub
867 6590 1036 6683 parochia
1061 6588 1104 6661 de
1130 6588 1357 6661 Sezuczin
1383 6586 1461 6659 sita.
1486 6584 1527 6657 In
1546 6604 1614 6677 qua
1631 6586 1713 6657 sunt
1728 6581 1823 6654 lanei
