4200 8342
282 1354 347 1429 pro
372 1331 575 1431 episcopatu
600 1326 845 1427 ilnwricnsi,
870 1332 969 1409 cuius
985 1310 1085 1409 rtit'rr
1101 1328 1148 1409 ad
1165 1318 1317 1429 quinque
1344 1320 1720 1433 marcasfflestinrntur.
1746 1339 1833 1415 Item

282 1454 895 1551 anumditareastihi,
920 1456 1048 1551 dequo
1066 1454 1259 1531 decimatur
1273 1478 1339 1549 pro
1357 1459 1835 1555 ecclesiainPolanyecz.

285 1570 300 1597 ³
385 1576 535 1673 chone,
561 1578 738 1653 villasulr
758 1578 931 1673 parochia
956 1578 1000 1651 de
1025 1576 1288 1673 Polanyecz
1315 1580 1402 1673 sita,
1429 1583 1526 1656 cuius
1553 1585 1677 1658 haeres
1702 1583 1835 1661 Johan-

282 1720 346 1775 ucs
381 1698 721 1795 Bithuycnsky
755 1700 932 1793 palatinus
966 1698 1217 1774 cracoviensis.
1263 1701 1304 1773 In
1340 1722 1408 1793 qua
1443 1710 1525 1776 sunt
1559 1706 1709 1799 quinque
1744 1708 1836 1783 lanei

283 1822 538 1916 cncthonaics,
572 1822 769 1915 dequibus
796 1823 955 1896 omnibns
982 1822 1132 1895 solvitur
1157 1827 1194 1894 et
1219 1822 1423 1896 conducitur
1451 1824 1584 1899 decima
1610 1829 1836 1920 manipularis

282 1948 321 2017 at
345 1944 523 2037 canapalis
537 1952 613 2037 'pro
640 1945 843 2037 episcopatu
869 1943 1102 2036 cracoviensi,
1129 1944 1226 2017 cuius
1244 1944 1343 2017 valor
1361 1945 1406 2018 ad
1424 1945 1541 2019 decem
1568 1969 1703 2022 marcas
1731 1953 1837 2025 aesti-

285 2072 413 2140 matur.
438 2066 625 2139 Praedium
651 2087 720 2140 non
746 2070 810 2159 est,
837 2086 901 2139 nec
925 2066 1083 2157 taberna,
1110 2086 1174 2139 nec
1200 2066 1408 2140 hortulania

239 2246 257 2263 ..
389 2187 615 2281 Nrnunnzn,
650 2188 733 2261 villa
767 2189 833 2262 suh
867 2189 1034 2281 parochia
1069 2187 1113 2261 de
1148 2186 1572 2263 Gaulus'chouicze
1607 2193 1694 2286 sita,
1740 2195 1838 2269 cuins

285 2310 481 2405 proprietas
507 2310 553 2384 ad
579 2310 779 2403 episcopum
797 2310 1061 2385 Oracoviensem
1079 2309 1242 2402 pertinet,
1269 2312 1367 2384 iuxta
1383 2308 1525 2384 fluvium
1552 2312 1688 2387 Visla
1713 2316 1838 2390 iacens.

284 2432 327 2507 ln
353 2454 423 2525 qua
448 2438 530 2507 sunt
555 2454 617 2506 sex
643 2453 720 2506 cum
748 2433 861 2508 medio
888 2432 981 2505 lanei
1008 2432 1254 2525 cnuethonales‚
1281 2433 1324 2506 de
1352 2434 1477 2525 quibus
1505 2436 1664 2509 omnihus
1691 2439 1839 2512 solvitur

286 2560 324 2629 rt
348 2554 555 2629 conducitur
570 2554 715 2628 decima
731 2554 958 2647 manipularis
985 2559 1021 2628 et
1038 2554 1224 2646 canapalis,
1250 2574 1314 2646 pro
1333 2555 1479 2627 ecclesia
1505 2556 1540 2628 in
1567 2557 1840 2654 Polanyecz,

239 2668 259 2727 θ
285 2680 324 2749 at
348 2676 448 2751 valor
472 2677 549 2750 eius
583 2677 790 2750 aestimatur
816 2676 861 2750 ad
887 2661 962 2750 tres
988 2696 1133 2750 marcas.
1167 2677 1255 2750 Item
1291 2697 1359 2750 non
1387 2684 1440 2751 est
1466 2678 1516 2752 ibi
1541 2680 1741 2775 praedium,
1777 2704 1841 2757 nec

286 2798 444 2893 telrorna,
469 2818 534 2873 nec
559 2799 769 2872 hortulania

391 2918 673 3011 Znnuscnurnr,
707 2918 792 2992 villa
817 2919 882 2993 suh
908 2919 1075 3013 parochia
1101 2918 1144 2992 de
1171 2916 1592 2996 Gauluschowicze
1627 2925 1714 3018 sita,
1741 2924 1838 2999 cuius

288 3042 414 3115 haeres
440 3039 1030 3135 Nicolaum-Gelamhyowsky
1056 3041 1101 3114 de
1126 3042 1233 3115 armis
1260 3042 1283 3114 J
1293 3044 1443 3116 anina.
1482 3044 1522 3115 In
1550 3066 1618 3138 qua
1644 3051 1726 3120 sunt
1752 3069 1842 3120 unus

287 3158 366 3237 cun'r
393 3163 507 3237 medio
532 3163 625 3237 lanei
651 3164 897 3256 emethonoles,
923 3184 1000 3236 cunr
1027 3165 1281 3255 excrescentiis,
1309 3165 1500 3257 dequibus
1527 3168 1673 3240 solvitur
1699 3175 1736 3242 et
1762 3190 1843 3244 con-

289 3285 431 3359 ducitur
455 3284 590 3359 decima
607 3284 833 3377 manipularis
852 3291 888 3358 ct
905 3285 1089 3377 cenapolis,
1115 3305 1179 3376 pro
1198 3284 1343 3357 ecclesia
1361 3287 1396 3358 in
1423 3286 1663 3380 Polanyecz,
1692 3292 1844 3375 ctualor

290 3406 367 3479 eius
393 3408 599 3480 aestimatur
626 3406 670 3479 ad
697 3414 847 3499 quatuor
882 3425 1028 3479 marcas.
1063 3406 1151 3478 item
1178 3412 1233 3478 est
1260 3406 1308 3478 ihi
1335 3420 1440 3479 unum
1467 3408 1646 3498 praedium
1683 3412 1844 3503 militare,

289 3528 336 3601 de
361 3528 461 3603 cuins
486 3528 581 3621 agris
607 3528 800 3601 decimatur
833 3528 1016 3601 decanatui
1051 3526 1342 3621 Sandomiriensi,
1377 3528 1474 3601 cuius
1508 3530 1605 3603 valor
1642 3533 1845 3605 aestimatur

290 3648 337 3723 ad
361 3648 510 3723 mediam
536 3670 696 3724 marcam.
729 3650 813 3723 Fuit
838 3655 955 3723 autem
991 3648 1078 3721 haec
1106 3647 1188 3722 villa
1214 3650 1362 3739 primum
1398 3648 1524 3723 fundus
1551 3652 1715 3725 ecclesiae
1743 3675 1845 3745 paro-

292 3770 417 3845 chiclis
443 3772 479 3844 in
505 3770 753 3864 Polauyecz,
784 3792 828 3845 ex
855 3776 936 3864 post
962 3790 1045 3844 vero
1087 3769 1305 3844 initiandus
1332 3772 1520 3844 decauntus
1547 3772 1847 3869 Sandomiriensis,

292 3892 481 3967 nouissime
515 3914 599 3967 vero
633 3894 803 3986 magister
836 3893 924 3966 alias
959 3892 1082 3966 doctor
1117 3892 1327 3985 'theologiae
1363 3893 1513 3966 decanus
1546 3894 1846 3988 Sandomiriensis‚

246 3974 265 4011 ⁹
292 4016 504 4108 permutauit
515 4016 610 4088 illam
628 4036 693 4108 pro
711 4016 795 4090 villa
808 4014 1051 4106 Mothicze,
1065 4014 1223 4088 addendo
1242 4014 1463 4088 ducentas...
1482 4015 1626 4091 Nicolao
1641 4017 1847 4111 Golyam-

293 4136 514 4232 lriorrshy,
549 4144 587 4211 et
611 4137 737 4211 exinde
774 4136 867 4211 iacta
902 4143 957 4210 cst
983 4136 1163 4228 militaris,
1200 4136 1334 4209 decima
1368 4142 1483 4211 tamen
1520 4140 1746 4231 manipularis
1782 4161 1846 4231 pro

292 4258 426 4333 decano
451 4258 722 4333 Sandomiriensi
749 4259 926 4350 remansit,
953 4265 1035 4351 post
1060 4279 1165 4350 agros
1192 4258 1364 4332 duntaxat
1390 4259 1595 4350 praedialea
1654 4271 1657 4277 ’

405 4379 719 4474 Knanurnunczu,
763 4380 847 4453 villa
889 4379 954 4453 sub
998 4380 1165 4471 parochia
1208 4379 1252 4452 de
1296 4377 1723 4454 Gauluschowicze
1768 4383 1846 4474 sita,

296 4504 407 4579 cuius.
429 4504 555 4577 haeres
591 4502 772 4577 lohannes
807 4502 906 4575 Felix
942 4500 1252 4594 Tharnousky
1288 4501 1331 4574 de
1367 4500 1469 4575 domo
1497 4482 1676 4575 Leliwa.
1711 4502 1752 4575 ln
1780 4523 1850 4595 qna

295 4632 379 4703 sunt
403 4626 497 4700 lanei
522 4626 777 4717 enethonales,
807 4625 851 4697 de
878 4624 1004 4718 quihus
1031 4622 1180 4697 solvitur
1205 4628 1241 4696 et
1267 4623 1473 4697 conducitur
1498 4624 1632 4698 decima
1657 4625 1849 4718 manipula·

296 4748 346 4825 ris
372 4754 411 4823 ct
437 4746 613 4841 canapalis
638 4769 704 4840 pro
730 4746 876 4821 ecclesia
902 4746 938 4819 in
964 4744 1243 4838 Polanyecz,
1278 4751 1316 4820 et
1341 4745 1440 4819 valor
1466 4746 1540 4819 eius
1575 4747 1779 4821 aestimatur
1805 4747 1851 4821 ad

297 4870 386 4947 duaa
410 4890 556 4944 marcas.

401 4991 582 5083 Znssow,
608 4990 692 5064 villa
709 4992 775 5064 snb
792 4990 958 5084 parochia
983 4991 1028 5064 de
1055 4986 1480 5064 Gauluschouicze
1507 4992 1583 5083 sita,
1611 4992 1709 5065 cuius
1727 4992 1851 5063 haeres

297 5112 477 5189 iohannes
506 5111 606 5187 Felix
641 5112 948 5206 Tharnowsky
976 5113 1148 5186 dedomo
1175 5110 1357 5186 Leliwa.
1383 5112 1423 5184 ln
1452 5119 1619 5204 quasunt
1643 5112 1735 5185 lanei
1762 5132 1852 5185 cmc-

297 5236 476 5330 tlronnles,
501 5236 547 5309 (le
574 5236 700 5329 quihus
726 5236 874 5309 solvitur
899 5240 936 5308 et
961 5235 1168 5308 conducitur
1194 5234 1327 5307 decima
1353 5232 1577 5323 manipularis
1603 5237 1641 5305 et
1666 5232 1851 5323 canapalis,

298 5378 365 5453 pro
381 5357 529 5433 ccclesia
553 5358 590 5430 in
616 5355 895 5451 Polanyecz;
921 5362 957 5429 et
982 5356 1081 5430 valor
1099 5357 1174 5429 eius
1192 5356 1396 5428 aestimatur
1414 5353 1457 5425 ad
1484 5352 1572 5426 duas
1590 5338 1734 5425 marcas.
1761 5353 1850 5425 Item

300 5480 477 5574 novimum
495 5480 589 5553 circa
604 5478 809 5571 Zdalrow,
828 5478 961 5551 hahens
979 5498 1100 5571 agros,
1119 5476 1303 5567 dequibus
1321 5475 1514 5546 decimatur
1532 5474 1567 5546 in
1585 5472 1853 5566 Polanyecz.

406 5602 521 5676 Villae
530 5600 767 5695 parochiales:
784 5599 1026 5692 Polauyecz,
1043 5597 1214 5688 ostrow,
1236 5597 1424 5689 Zowada,
1440 5595 1552 5669 Glini
1579 5596 1724 5687 Maior,
1742 5594 1854 5668 Glini

303 5722 456 5818 Minor,
477 5723 692 5815 Rihithui,
714 5720 914 5813 Okragla,
928 5720 1165 5810 Brzozowa,
1180 5717 1562 5810 Ruscze,Zdzyecz‚
1588 5717 1856 5810 Zdrzamhyn,

302 5846 572 5941 Lyuachicza,
608 5844 766 5919 Tursko
798 5843 948 5935 Minor,
982 5840 1112 5931 Rada,
1148 5838 1349 5932 Rudniky,
1380 5840 1547 5933 Sczeka,
1575 5840 1708 5913 claua.

495 6054 499 6062 .
945 5961 1218 6037 Ganoswnunr.

407 6086 582 6184 Oppidum
617 6089 751 6162 hahens
782 6088 818 6160 in
844 6106 883 6159 se
908 6084 1089 6168 ecclesiam
1124 6083 1375 6177 parochialem,
1411 6083 1526 6176 lapide
1561 6082 1640 6157 albo
1671 6090 1856 6176 murman,
