4200 8342
260 1597 333 1672 110

255 1803 492 1893 Bauzanow,
517 1809 553 1875 et
570 1803 667 1875 valor
686 1804 758 1877 eius
778 1803 979 1874 aestimatur
998 1802 1041 1872 ad
1060 1803 1178 1873 decem
1196 1820 1341 1871 marcas.
1364 1800 1459 1871 'Item
1477 1797 1805 1889 curiaooenobIale-

257 1945 322 2015 que
345 1904 522 2013 praedium
547 1901 602 1994 est
628 1924 664 1994 in
690 1922 812 1993 eadem
838 1922 939 2017 villa,
966 1921 1009 1993 de
1036 1922 1133 2015 cuius
1160 1921 1254 2010 agris
1280 1920 1530 2013 monasterium
1557 1917 1806 2009 Thynicziense

256 2045 348 2116 tollit
374 2065 437 2133 pro
464 2065 501 2115 se
528 2044 904 2135 decimam,illamque
932 2042 968 2113 in
985 2064 1085 2114 suum
1111 2043 1275 2113 horreum
1301 2040 1443 2114 inducit.
1482 2039 1573 2130 Item
1599 2039 1805 2111 ecclesiast

259 2165 426 2254 plebanus
463 2165 594 2254 habent
620 2165 669 2236 ibi
696 2184 800 2255 agros
835 2163 964 2235 liberos
990 2163 1151 2256 proprios
1179 2168 1215 2254 et
1242 2166 1344 2253 prata
1368 2182 1433 2252 pro
1461 2181 1523 2237 suo
1550 2159 1714 2251 praedio,
1742 2179 1804 2231 usn

255 2289 291 2358 et
316 2286 531 2360 necessitate.
718 2363 721 2369 ,
1379 2326 1381 2330 -
1614 2338 1616 2343 .

336 2400 556 2495 'Zaunzom
592 2405 675 2476 villa
709 2406 773 2476 sub
808 2404 974 2495 parochia
1008 2405 1051 2476 de
1078 2403 1337 2476 Bodzanou
1362 2404 1451 2493 sita,
1486 2403 1588 2475 cuius
1609 2401 1804 2492 proprietas

247 2513 303 2599 ¹ad
329 2526 577 2605 monasterium
605 2525 922 2613 ¹sanctimonialium
957 2525 994 2596 in
1021 2524 1320 2619 Stanyathky
1354 2524 1535 2615 pertinet·
1556 2523 1598 2594 In
1625 2543 1697 2614 qua
1730 2527 1806 2597 suut

258 2666 381 2717 novem
407 2667 484 2741 cum
508 2646 623 2735 ,medio
650 2635 741 2719 lanei
768 2645 1017 2735 cmethonales,
1041 2646 1124 2737 item
1155 2651 1228 2736 tres
1254 2645 1473 2718 hortulaniae
1498 2644 1669 2743 habentes
1694 2663 1804 2732 agros,

258 2767 340 2849 item
367 2765 454 2855 duae
480 2767 645 2839 tabernae
672 2767 838 2839 habentes
866 2766 1197 2857 agros,›de-quibus
1224 2765 1383 2839 omnibns
1410 2765 1558 2851 solvitur
1584 2769 1623 2836 et
1649 2763 1804 2836 conduci-

257 2892 316 2957 tur
339 2866 474 2974 decima
509 2886 734 2977 manipularis
761 2893 797 2957 θῖ
815 2887 988 2976 canapalis
1019 2908 1083 2977 pro
1111 2887 1217 2970 altari
1243 2882 1373 2977 Sancti
1386 2885 1557 2968 Iohannis
1579 2883 1748 2975 -Apostoli
1772 2888 1805 2954 et

256 3006 500 3096 Evangelistae
535 3008 571 3077 in
599 2993 743 3078 ecclesia
779 3006 1017 3097 cracoviensi,
1054 3000 1215 3105 stipalor
1249 3008 1324 3091 eius
1351 3007 1558 3080 aestimatur
1584 3005 1631 3076 ad
1658 3004 1803 3077 sedecim

256 3147 398 3197 mareas.
436 3127 525 3223 Item
552 3132 606 3216 est
632 3128 668 3197 in
687 3108 811 3211 eadem*
823 3128 917 3198 ‘villa
939 3120 1123 3225 praedib'tri
1149 3110 1362 3217 coenobiale,
1389 3126 1434 3197 de
1450 3108 1517 3217 quo
1546 3104 1766 3196 nulli-solvit

257 3247 397 3335 decima,
425 3246 581 3325 sedeam
607 3247 861 3347 monasterium
880 3268 943 3337 pro
971 3249 1120 3319 setsllit
1145 3248 1235 3337 etin
1253 3248 1417 3319 horreum
1443 3267 1543 3318 suum
1569 3245 1675 3319 ducit.
1716 3245 1801 3316 Item

258 3367 402 3438 ccclesia
428 3367 463 3437 in
490 3366 744 3439 Bodzanow
770 3368 876 3439 habet
902 3368 950 3439 ibi
978 3368 1266 3452 columbationem
1294 3373 1330 3438 et
1347 3367 1528 3465 denarium
1555 3365 1674 3437 Sancti
1699 3365 1802 3435 Petri

363 3486 664 3577 Zannzowuncz,
691 3487 774 3558 villa
800 3488 863 3558 sub
882 3489 1047 3577 parocbia
1074 3488 1117 3559 de
1135 3488 1393 3560 Bodzauow
1420 3487 1502 3576 sita,
1529 3486 1627 3558 cuius
1653 3485 1808 3576 proprie·

165 3646 169 3653 ·
258 3614 312 3678 tas
347 3607 390 3677 ad
418 3609 665 3679 monasterium
691 3609 1001 3679 sanctimonialium
1027 3608 1064 3680 in
1100 3608 1437 3700 Stanyanthky
1463 3602 1624 3697 pertinet
1673 3606 1715 3676 ln
1743 3626 1808 3696 qua

261 3732 342 3798 sunt
370 3728 521 3817 quinque
546 3728 639 3799 lanei
666 3728 912 3819 cmethonales,
939 3730 1023 3800 item
1043 3729 1124 3800 'una
1150 3730 1296 3800 taberna
1321 3733 1446 3800 uocata
1471 3727 1560 3798 Bar
1568 3746 1649 3818 ycz
1669 3728 1807 3798 »habens

259 3869 372 3938 agros,
399 3848 584 3938 dequibus
611 3829 777 3921 omnibus
797 3850 944 3921 solvitur
970 3857 1006 3921 θῖ
1029 3850 1233 3921 conducitur
1250 3849 1383 3931 decima
1400 3849 1624 3938 manipularis
1651 3854 1689 3919 θῖ
1707 3868 1805 3918 cana-

259 3970 348 4071 palis
374 3991 438 4058 pro
580 3976 616 4043 et
634 3970 731 4041 valor
758 3971 832 4046 eius
859 3971 1064 4053 aestimatur
1091 3971 1135 4042 ad
1154 3992 1215 4042 sex
1242 3990 1385 4042 marcas.
1418 3970 1508 4041 Item
1534 3970 1570 4039 in
1588 3969 1709 4040 eadem
1727 3968 1809 4039 villa

262 4096 405 4161 nonest
431 4090 629 4183 praedium,
657 4068 726 4163 nou
744 4097 798 4162 est
815 4092 987 4181 scoltetia,
1014 4098 1157 4163 nonest
1183 4090 1425 4167 molendinum.
1464 4079 1552 4161 Item
1579 4089 1699 4167 eadem
1726 4088 1810 4160 villa

206 4300 209 4304 .
264 4211 367 4284 solvit
393 4212 557 4283 ecclesiae
584 4213 620 4282 in
646 4211 904 4284 Bodzanow
932 4212 1219 4285 columbationem
1246 4211 1484 4306 etdcnarium
1507 4209 1627 4282 Sancti
1652 4209 1758 4282 Petri.

361 4330 596 4422 Snnournoe,
619 4333 702 4403 villa
720 4334 784 4406 snb
802 4333 968 4422 parochia
986 4334 1028 4406 de
1046 4331 1525 4422 Bodza·nowsita,·cuius
1543 4331 1740 4423 proprietas
1759 4331 1803 4402 ad

264 4453 510 4523 monasterium
535 4453 844 4524 sanctImouialium
866 4453 903 4524 iu
921 4453 1207 4545 Stanyanthky
1229 4454 1390 4543 pertinet.
1425 4453 1466 4523 In
1485 4473 1554 4542 qua
1575 4457 1658 4524 sunt
1680 4459 1812 4542 septem

262 4572 352 4642 lanei
380 4572 631 4662 cmethonales,
667 4572 709 4643 de
737 4573 860 4664 quibus
897 4574 1076 4664 perceptio
1103 4573 1256 4651 decimae
1287 4573 1514 4663 manipularis
1542 4558 1812 4661 diversificatum

264 4714 343 4763 nam
371 4693 413 4763 de
440 4693 623 4771 medietate
651 4715 813 4783 agrorum
839 4696 933 4767 tollit
960 4716 1035 4766 eam
1061 4695 1261 4785 praebenda
1278 4693 1525 4772 ‚CracovIensis
1553 4715 1641 4783 quae
1669 4699 1813 4781 vocatur

260 4813 573 4905 Stanyatheczslra,
601 4820 636 4885 et
662 4814 859 4886 valarsius
887 4816 1089 4887 aestimatur
1116 4816 1161 4886 ad
1188 4821 1337 4905 quatuor
1364 4818 1517 4903 marcas;
1552 4814 1699 4885 alteram
1726 4835 1810 4885 vero

260 4935 480 5006 medietatem
509 4935 602 5006 tollit
628 4936 774 5006 ecclesIa
800 4941 836 5007 et
854 4937 1022 5026 plebanus
1038 4937 1087 5019 ‚in
1113 4935 1334 5026 Brzezye,
1361 4942 1397 5006 θῖ
1423 4936 1523 5006 valor
1549 4936 1625 5007 eius
1651 4935 1814 5006 aestima-

261 5061 319 5125 tur
347 5057 390 5125 ad
418 5061 491 5127 tres
518 5077 652 5128 marcas
688 5078 764 5128 cum
790 5057 941 5128 dimidia.
981 5058 1069 5128 Item
1096 5056 1179 5127 villa
1205 5056 1364 5147 praefata
1395 5057 1500 5128 solvit
1518 5056 1813 5134 ¹columbationem

261 5181 298 5249 et
324 5176 504 5249 denarium
531 5169 649 5248 Sancti
675 5176 773 5250 Petri
800 5179 963 5256 ecolesma
991 5179 1027 5248 in
1054 5177 1320 5249 Bodzanow.

366 5295 607 5387 Ocumnuow,
634 5298 718 5369 villa
745 5301 808 5370 sub
836 5301 1000 5389 parochia
1026 5299 1070 5370 de
1097 5300 1355 5372 Bodzanow
1382 5299 1466 5391 sita,
1494 5299 1591 5371 cuius
1618 5300 1815 5389 proprietas

262 5415 306 5486 ad
333 5415 582 5487 monasterium
609 5418 921 5489 sanctimonialium
955 5420 991 5489 in
1019 5419 1284 5510 Stanyathk
1292 5441 1316 5511 y
1352 5420 1526 5509 pertinet..
1551 5419 1592 5489 In
1629 5440 1697 5509 qua
1733 5425 1815 5491 sunt

262 5538 355 5609 lanei
381 5537 612 5612 cmethonales
640 5545 736 5627 octo,
772 5560 842 5611 una
868 5541 1033 5630 taberna,
1070 5546 1142 5611 tres
1169 5540 1388 5612 hortulaniae
1415 5541 1582 5639 habentes
1610 5560 1733 5629 agros,
1771 5539 1814 5612 ds

262 5659 386 5748 quibus
412 5658 570 5729 omuibus
598 5658 745 5731 solvitur
771 5666 807 5731 et
833 5661 1037 5732 conducitur
1072 5662 1207 5733 decima
1231 5661 1456 5751 manipularIs
1484 5666 1519 5731 et
1546 5661 1721 5750 canapalis
1749 5682 1814 5751 pro

261 5779 460 5870 praebenda
487 5778 725 5870 cracoviensi,
754 5801 841 5872 quae
868 5788 1013 5853 vocatur
1040 5781 1302 5873 Goschyczska,
1330 5789 1365 5852 et
1383 5782 1481 5855 valor
1508 5782 1582 5853 eius
1609 5783 1815 5853 aestimatur

263 5901 308 5972 ad
327 5906 404 5972 octo
422 5923 565 5972 marcas.
601 5902 688 5972 Item
707 5907 760 5973 est
777 5903 956 5992 praedium
974 5905 1010 5974 in
1028 5903 1288 5992 villapraeiata
1305 5903 1517 5992 coenobiale,
1545 5902 1588 5973 de
1606 5903 1703 5975 onius
1721 5903 1815 5995 agris

264 6023 510 6092 monasterium
536 6024 572 6093 in
600 6023 895 6117 Stanypthlry
921 6025 1069 6114 percipit
1095 6024 1262 6095 decimam
1288 6024 1546 6115 manipularem.

367 6141 559 6234 Zaoonzn,
586 6145 669 6214 villa
687 6147 751 6216 sub
773 6145 941 6234 parochia
967 6144 1010 6216 de
1028 6145 1285 6216 Bodzauow
1312 6145 1396 6235 sita,
1424 6146 1520 6217 cuius
1548 6145 1743 6235 proprietas
1771 6145 1817 6217 ad

264 6262 479 6351 praedictum
515 6265 762 6359 monasterium
798 6265 1110 6337 sanctimonialium
1137 6266 1299 6356 pertinet.
1338 6266 1380 6335 ln
1408 6287 1475 6356 qua
1501 6270 1582 6341 sunt
1608 6266 1700 6337 lanei
1725 6286 1817 6338 cme-

262 6383 420 6454 thonales
440 6388 585 6473 septem,
604 6384 687 6454 item
702 6407 771 6456 una
788 6386 986 6479 hortulanis
999 6387 1132 6464 habens
1150 6407 1268 6476 agros,
1287 6387 1329 6457 de
1345 6386 1468 6476 quibus
1487 6387 1646 6467 omnibus
1665 6387 1815 6462 solvitur

264 6511 300 6580 et
328 6503 531 6579 conducitur
568 6503 699 6581 decima
734 6507 959 6603 manipularis
996 6513 1031 6582 et
1059 6509 1233 6604 canapalis
1267 6529 1330 6600 pro
1358 6509 1556 6601 praebenda
1570 6506 1818 6613 ,Cratoriensi
