4200 8342
306 1667 382 1740 480

307 1875 459 1966 antiquis
485 1874 718 1963 temporibus,
755 1876 830 1944 tota
857 1872 990 1945 decima
1016 1873 1241 1963 manipularis
1268 1874 1311 1945 ab
1340 1874 1499 1946 omnibus
1536 1876 1797 1966 emetlvouibus,
1823 1883 1857 1949 (1

305 1997 349 2069 ab
377 1995 535 2067 omnibus
561 1994 766 2084 hortulanis,
792 1995 827 2065 iu
846 1998 923 2077 totu
948 1994 1041 2084 villa,
1069 1995 1163 2066 dicta
1188 1994 1394 2087 Zdbyow‚
1422 2017 1511 2086 quae
1539 2002 1595 2068 est
1621 1996 1858 2070 haereditaria

305 2116 586 2189 reverendissimi
625 2102 754 2187 domini
790 2115 944 2207 episcopi
980 2114 1238 2206 cracoviensis,
1285 2138 1373 2208 quae
1409 2117 1544 2189 decima
1579 2118 1625 2189 ad
1661 2117 1855 2209 praefatam

305 2237 485 2311 ecclesiam
513 2237 549 2309 iu
575 2237 778 2328 Myercz,
806 2236 848 2307 de
876 2257 995 2308 mensa
1021 2238 1209 2328 episcopali
1236 2238 1280 2309 ab
1307 2239 1459 2329 antiquis
1487 2240 1706 2330 temporibus
1733 2240 1858 2312 donata

304 2365 340 2432 (1
365 2359 509 2431 fundata
536 2364 600 2450 est,
627 2365 663 2430 et
690 2357 883 2449 canapalis3
910 2378 954 2430 ex
973 2358 1098 2449 quibus
1117 2359 1275 2431 omnibus
1294 2360 1541 2450 emethonibus,
1569 2361 1857 2433 columbatiouem

304 2482 472 2572 plebanus
499 2480 648 2572 percipit
673 2501 736 2572 per
761 2501 921 2571 grossum
948 2501 1063 2552 unum.
1096 2479 1177 2552 Alia
1204 2502 1288 2554 vero
1316 2481 1486 2576 decimula
1512 2483 1548 2554 in
1576 2483 1662 2556 villa
1688 2481 1857 2574 Gadku,

305 2602 348 2675 (1(
383 2603 477 2694 agris
513 2601 785 2675 advocatialibus
821 2602 979 2675 omuibus
1015 2605 1052 2673 et
1088 2601 1283 2694 canapalis3
1319 2604 1426 2675 tertia
1460 2604 1634 2677 decimula
1669 2605 1781 2676 etiam
1814 2605 1856 2677 (1(

304 2724 462 2796 omnibus
489 2724 582 2814 agris
609 2729 646 2795 et
672 2724 765 2796 arvis
791 2723 1066 2797 advocatialibus
1093 2723 1318 2815 manipularis
1346 2731 1382 2798 et
1408 2724 1584 2816 canapalis
1612 2726 1650 2796 iu
1677 2726 1764 2797 villa
1789 2725 1813 2798 J
1822 2746 1857 2798 a·

304 2845 461 2938 godae.
501 2846 591 2917 Item
626 2845 793 2918 decimam
829 2844 1079 2935 manipularem
1106 2845 1143 2917 iu
1169 2850 1245 2918 tota
1281 2845 1493 2918 villa-dicta
1528 2845 1665 2919 Stara
1701 2870 1857 2941 vvyesr,

304 2987 391 3057 quae
414 2973 473 3061 est
499 2967 563 3038 snb
591 2966 717 3058 oppido
745 2965 1061 3058 Schidlovyecz,
1089 2970 1125 3038 et
1152 2968 1351 3057 canapalem
1371 2988 1591 3058 pergressus
1619 2968 1721 3061 duos,
1747 2970 1856 3042 incola

303 3087 448 3181 quilibet
483 3087 605 3178 solvit3
641 3088 684 3160 (1(
711 3109 831 3179 campo
857 3106 941 3162 vero
967 3086 1205 3179 Zadthlrovv,
1240 3089 1337 3160 curia
1372 3088 1500 3161 nobilis
1535 3089 1791 3183 Myervleslsy
1816 3092 1855 3163 (1(

303 3230 364 3282 sex
381 3209 561 3301 mensuris,
588 3210 675 3282 alias
692 3206 998 3306 zquzynzyorlcow,
1026 3230 1113 3301 quae
1131 3211 1308 3301 pertinent
1326 3210 1371 3282 ad
1389 3210 1641 3284 haereditatem
1669 3212 1853 3305 Zdbyow,

302 3332 346 3403 ad
373 3332 517 3404 eandem
544 3331 722 3407 ecclesiam
750 3330 868 3404 Sancti
895 3330 1079 3422 henuarii,
1105 3332 1258 3422 pertinet
1284 3332 1465 3423 decimula3
1493 3318 1528 3404 (1
1554 3332 1597 3405 de
1625 3334 1761 3426 campis
1786 3356 1853 3407 mo

302 3453 539 3546 lendiuatoris,
565 3454 650 3527 dicti
676 3454 888 3545 X'yazuik
914 3454 1073 3527 omnibus
1100 3455 1214 3545 arvis,
1250 3454 1295 3526 ad
1322 3455 1467 3527 eandem
1495 3455 1678 3528 ecclesiam
1706 3457 1852 3547 pertinet

303 3575 480 3648 decimula.
506 3576 595 3648 Item
622 3575 668 3648 ad
694 3575 837 3647 eandem
864 3574 1045 3648 ecclesiam
1073 3576 1108 3647 in
1136 3576 1317 3667 Myercz
1343 3576 1497 3667 pertinet
1523 3596 1629 3650 arvus
1657 3580 1736 3670 agri
1764 3599 1851 3651 mors

301 3697 537 3769 haereditario
567 3696 752 3789 fundatus,
790 3697 849 3790 qui
875 3692 966 3769 iacet
993 3702 1073 3788 post
1098 3717 1198 3770 areas
1224 3698 1490 3771 hortulanorum
1517 3698 1679 3791 plebani,
1716 3706 1851 3793 etpost

301 3839 418 3910 sepeS,
454 3818 589 3891 duobus
626 3818 748 3891 stadiis
784 3818 829 3890 ad
864 3818 1136 3909 longitudinem
1172 3819 1207 3890 in
1241 3841 1308 3910 quo
1345 3841 1430 3891 arvo
1464 3820 1689 3892 contineatur
1724 3828 1850 3913 septem

305 3946 461 4032 quartae,
488 3941 575 4012 alias
593 3938 730 4038 sapasim
748 3937 1014 4037 przpmyurlcow
1042 3940 1087 4013 ad
1113 3923 1348 4031 latitudinem,
1375 3941 1427 4013 ita
1452 3940 1626 4033 videlicet,
1655 3942 1849 4034 incipiendo

300 4063 345 4135 ab
371 4083 469 4154 area,
496 4063 569 4136 sive
597 4063 641 4135 ab
676 4063 780 4135 horto
807 4061 1042 4135 tabernatoris
1070 4062 1153 4135 dicti
1180 4060 1415 4155 Galiczsky,
1442 4084 1550 4154 usque
1576 4063 1622 4136 ad
1649 4064 1851 4156 piscinulam

299 4182 429 4257 domini
456 4184 614 4276 plebani,
648 4205 736 4276 quae
764 4189 819 4257 est
844 4189 925 4274 post
951 4184 1132 4257 ecclesiam
1159 4187 1196 4255 et
1221 4188 1302 4275 post
1328 4188 1480 4258 1101111111
1517 4183 1851 4258 emlesiasticnmiu

301 4325 432 4396 campo,
458 4305 622 4397 totaliter,
649 4306 736 4378 nibil
751 4305 966 4398 excipiendo,
993 4304 1121 4378 nullius
1140 4306 1341 4396 emethouis,
1368 4307 1442 4379 sive
1460 4306 1698 4379 tabernataris
1724 4307 1850 4380 domiui

169 4502 174 4511 ,
301 4429 438 4500 abbatis
465 4427 508 4500 (1(
534 4428 699 4520 Myercz
726 4427 853 4501 ibidem
879 4427 996 4518 aliquo
1023 4427 1136 4500 stadio
1164 4427 1241 4519 agri
1267 4428 1464 4517 interiectu
1491 4433 1528 4500 (1
1545 4427 1615 4500 duo
1633 4428 1754 4501 stadia
1771 4430 1849 4521 agri,

218 4536 221 4541 ’
302 4569 390 4640 quae
427 4548 541 4621 iacent
573 4570 615 4622 ex
641 4550 712 4622 alia
746 4554 846 4641 parte
881 4549 1072 4640 piscinulae
1109 4550 1152 4621 ad
1189 4550 1403 4640 aquilonem,
1436 4554 1473 4620 et
1499 4549 1650 4621 stadium
1688 4552 1768 4642 agri
1803 4555 1851 4623 est

298 4670 450 4743 eiusdem
487 4671 652 4744 ecclesiae
686 4673 722 4743 in
754 4671 951 4743 summitate
979 4670 1131 4742 eiusdem
1167 4671 1440 4762 piscinulae-au
1474 4668 1750 4767 wyrzcbmcislru.
1789 4671 1849 4745 Bt

299 4793 404 4865 etism
422 4793 575 4866 eiusdem
599 4793 764 4865 ecclesiae
787 4812 890 4864 arvus
909 4793 995 4884 agri,
1024 4794 1136 4865 dictus
1162 4793 1281 4886 Klyn,
1308 4795 1372 4865 sub
1391 4793 1492 4887 sylva
1509 4792 1604 4865 (licta
1630 4790 1850 4884 Gorzouelv,

296 4936 373 4987 cum
399 4915 518 5007 pratis,
546 4916 605 5007 qui
632 4915 722 4987 iacet
749 4915 839 4986 inter
874 4914 984 5006 viam,
1023 4935 1111 5006 quae
1147 4914 1244 4988 ducit
1271 4915 1424 4987 devilia
1459 4914 1644 5006 Myercz
1671 4915 1708 4987 in
1737 4916 1849 4987 villam

297 5036 450 5128 Gadka,
478 5045 514 5112 et
541 5039 633 5110 iuter
660 5036 763 5109 aliam
790 5037 893 5127 viam,
922 5058 1009 5128 quac
1038 5036 1134 5125 ducit
1160 5037 1266 5108 etiam
1293 5036 1336 5108 de
1363 5035 1447 5108 villa
1472 5034 1636 5127 Myercz
1665 5036 1702 5107 iu
1718 5036 1845 5110 'villam

296 5158 479 5250 Zdbyovv,
515 5160 612 5231 cuius
639 5158 714 5231 arvi
741 5177 783 5230 (1
810 5159 955 5231 adverso
983 5163 1019 5230 et
1045 5159 1263 5250 progressive
1291 5159 1326 5229 in
1363 5158 1462 5249 sylva
1497 5157 1591 5230 dicta
1626 5154 1849 5248 Gorzouelq

296 5279 463 5368 plebanus
490 5280 655 5352 ecclesiae
682 5280 869 5372 praelatae,
896 5286 932 5352 et
959 5281 1033 5351 cius
1061 5280 1203 5371 subditi,
1230 5285 1332 5370 prata
1350 5278 1393 5351 (1(
1412 5299 1501 5351 nova
1527 5279 1647 5351 radice
1674 5280 1849 5370 extirpare

296 5403 478 5490 poterunt,
504 5421 613 5491 usque
641 5401 685 5473 (((1
712 5401 962 5475 haereditatem
989 5401 1094 5474 villae
1112 5401 1225 5473 dictae
1244 5399 1407 5491 Gadka,
1434 5401 1565 5492 absque
1594 5399 1719 5493 quovis
1747 5401 1850 5492 impe

297 5520 449 5592 dimonte
477 5520 607 5592 domini
634 5522 772 5594 abbatis
795 5524 998 5597 monasterii
1014 5522 1315 5611 Wanchoezensis,
1343 5525 1405 5593 et.
1425 5577 1432 5591 .
1451 5577 1458 5592 .
1474 5536 1512 5592 ·..
1539 5521 1607 5593 Est
1624 5522 1718 5595 ulter
1746 5544 1848 5595 arvus

272 5641 372 5734 'agri
399 5643 551 5718 eiusdem
579 5644 752 5734 ecclesiae,
781 5646 840 5736 qui
867 5647 957 5717 iacet
982 5646 1018 5716 in
1045 5646 1122 5718 loco
1150 5645 1242 5717 dicto
1269 5643 1481 5734 Canalem,
1509 5643 1596 5716 alias
1613 5668 1645 5715 w
1663 5644 1848 5736 Zagorzu

296 5768 388 5839 circa
413 5766 546 5858 sylvam
580 5766 843 5859 Trambinovv,
880 5768 938 5859 qui
965 5789 1071 5842 arvus
1108 5768 1198 5839 iacet
1223 5767 1316 5837 inter
1352 5787 1473 5856 agrum
1506 5765 1791 5838 Puthlrovvska
1815 5772 1849 5837 et

295 5890 387 5961 iuter·
422 5909 542 5981 agrum
579 5889 893 5980 Domikovvska3
930 5891 1027 5961 cuius
1059 5889 1135 5980 agri
1171 5910 1213 5960 (1(
1247 5887 1394 5960 adverso
1430 5907 1473 5959 ex
1509 5887 1677 5960 ambabus
1714 5888 1849 5977 finibus,

295 6033 417 6102 agrum
444 6016 480 6082 et
505 6016 609 6104 prata
634 6010 803 6102 plebanus
831 6012 1008 6103 extirpare
1034 6016 1159 6102 potens
1187 6011 1256 6081 erit
1282 6008 1510 6100 progressive.
1537 6008 1626 6080 Item
1645 6029 1753 6082 arvus
1770 6010 1850 6081 bae·

293 6133 481 6206 reditarius
517 6133 714 6206 nominatae
749 6134 917 6239 ecclcsiae
944 6133 1008 6205 sub
1036 6131 1125 6204 silva
1161 6132 1254 6204 dicta
1289 6130 1447 6224 Gaczy,
1483 6136 1519 6202 et
1544 6135 1681 6222 pratum
1720 6130 1849 6204 dictum

293 6254 483 6347 Gaczyna
509 6256 644 6344 lunka,
673 6255 765 6345 quod
784 6255 952 6345 plebanus
979 6255 1200 6346 progressive
1219 6254 1397 6344 extirpare
1424 6256 1548 6346 potens
1570 6252 1648 6343 erit,
1675 6250 1850 6359 (11111111

292 6378 422 6467 sylvam
460 6378 588 6451 dictam
628 6376 927 6469 Traubinow,
964 6378 1037 6450 sive
1065 6377 1109 6448 ad
1135 6377 1277 6458 fluvium
1313 6374 1444 6451 dietum
1478 6372 1763 6477 Przywylrsa
1785 6366 1849 6467 per

290 6499 442 6571 borram.
491 6499 649 6572 Pertinet
695 6499 801 6572 etiam
845 6500 890 6571 ad
936 6498 1081 6573 eandem
1128 6496 1309 6589 ecclesiam
1345 6497 1587 6593 Myerceusem
1622 6496 1730 6571 arvus
1765 6494 1849 6587 agri,

292 6616 406 6698 dictus
436 6620 763 6722 Syemkowoka
806 6617 918 6713 (11111,
954 6623 1013 6719 qui
1061 6594 1293 6703 anuline
1327 6608 1710 6725 *assentientem
1746 6616 1847 6693 villus
