4200 8342
1657 1654 1730 1730 221

285 1866 441 1956 Dznow,
468 1866 551 1938 villa
578 1867 642 1938 sub
669 1866 835 1956 parochia
861 1866 1025 1939 ecclesiae
1052 1865 1096 1937 de
1123 1862 1488 1938 Ozanstochowa
1514 1866 1601 1954 sita,
1636 1858 1733 1937 cuius

181 1987 381 2077 proprietas
409 1986 453 2057 ad
480 1987 736 2059 serenissimum
763 1987 927 2058 Poloniae
953 2008 1070 2077 regem
1100 1988 1259 2076 pertinet.
1286 1988 1325 2056 ln
1350 2008 1417 2077 qua
1435 1992 1516 2057 sunt
1534 1985 1625 2057 lanei
1644 2007 1734 2057 cme-

179 2108 356 2198 chorales,
384 2107 426 2179 de
453 2109 578 2199 quibus
605 2108 752 2179 solvitur
779 2113 815 2205 et
842 2108 1046 2180 conducitur
1082 2108 1213 2179 decima
1240 2108 1465 2197 manipularis
1497 2113 1534 2179 et
1559 2106 1734 2198 canapalis
1816 2101 1818 2104 ’

176 2229 401 2323 episcopatui
429 2208 660 2318 Oracovieusi‚
687 2235 723 2300 et
749 2229 847 2302 valor
874 2230 948 2299 eius
976 2231 1180 2300 aestimatur
1207 2229 1250 2300 ad
1270 2283 1410 2299 ......

286 2350 539 2442 anossowa⁷
567 2351 651 2423 villa
677 2351 741 2422 sub
769 2352 936 2442 parochia
963 2351 1005 2421 do
1033 2350 1397 2422 Czanstoclrowa
1424 2346 1505 2440 sita,
1529 2352 1625 2451 cuius¹
1653 2353 1734 2422 hae·

175 2492 236 2545 res
264 2472 421 2545 lacobus
448 2473 630 2564 Treplra
657 2470 699 2544 do
727 2474 832 2545 armis
853 2527 991 2545 ......
1019 2473 1060 2543 lu
1088 2494 1156 2563 qna
1183 2479 1264 2542 sunt
1290 2472 1381 2543 lanei
1409 2473 1662 2561 ammirandae,
1691 2473 1733 2543 de

175 2592 311 2713 fillius
348 2576 495 2665 solvitur
522 2598 559 2666 et
586 2593 790 2673 conducitur
825 2593 956 2664 decima
991 2594 1216 2687 manipularis
1252 2599 1288 2667 et
1314 2593 1489 2686 canapalis
1525 2593 1734 2666 monasterio

175 2710 545 2789 Uzansthochou'ensi.

287 2837 533 2923 Bnrnsonrao,
568 2837 652 2908 villa
683 2838 746 2909 sub
773 2839 938 2928 parochia
974 2838 1141 2910 acclesiae
1176 2838 1219 2909 de
1255 2837 1617 2910 Gzanstoclrowa
1652 2838 1734 2926 sita,

175 2958 282 3029 cuius
308 2956 433 3029 haeres
459 2957 612 3030 lacobus
640 2958 834 3049 Trapka.
860 2958 901 3029 ln
929 2980 998 3049 qua
1016 2965 1098 3031 sunt
1125 2959 1215 3030 lanei
1243 2959 1485 3047 emethonales,
1515 2959 1598 3029 item
1617 2959 1734 3029 taber-

175 3098 257 3170 nae,
284 3079 370 3150 item
397 3079 635 3169 hortulaniae,
669 3080 752 3151 item
780 3080 958 3169 praedium
986 3080 1152 3170 militare,
1180 3080 1223 3151 de
1251 3081 1374 3171 quibus
1402 3080 1560 3152 omnibus
1587 3079 1734 3150 solvitur

179 3205 218 3271 et
245 3200 453 3272 conducitur
480 3199 613 3272 decima
638 3201 863 3291 manipularis
887 3205 924 3273 ct
941 3203 1118 3291 canapalis
1145 3202 1354 3273 monasterio
1374 3199 1733 3272 Czansthoclrovieusi.

287 3321 505 3413 Krnnuzm,
538 3322 623 3393 villa
657 3323 721 3394 sub
748 3323 914 3413 parochia
939 3323 983 3394 de
1010 3323 1373 3395 Czarrstoclrowa
1408 3324 1494 3412 sita,
1530 3321 1626 3393 euius
1652 3341 1733 3411 pro-

177 3444 315 3535 prietas
341 3443 387 3514 ad
413 3444 669 3516 serenissimum
696 3443 862 3515 Poloniae
889 3466 1005 3534 regem
1033 3445 1193 3535 pertinet.
1237 3445 1278 3516 In
1306 3465 1374 3535 qua
1400 3450 1481 3515 saint
1517 3444 1608 3514 lanei
1644 3456 1734 3547 cmc-

180 3562 360 3654 thonaleS,
388 3563 430 3635 de
457 3565 582 3654 quibus
608 3565 756 3636 solvitur
791 3564 923 3637 decima
950 3566 1149 3656 pecunialis‚
1176 3566 1219 3637 dc
1247 3566 1402 3656 quolibet
1437 3564 1539 3653 laneo
1565 3584 1629 3654 per
1655 3548 1733 3635 octo
1802 3545 1804 3548 ’

180 3704 336 3775 grossae,
362 3686 573 3757 monasterio
600 3687 637 3756 in
663 3684 867 3756 Msthow.
894 3686 992 3776 ltem,
1019 3687 1063 3758 de
1091 3687 1245 3777 quolibet
1271 3688 1370 3758 laneo
1390 3686 1536 3760 solvitur
1563 3688 1734 3757 monaste-

181 3806 239 3881 rio
263 3804 616 3879 Gzansthochoviensi
642 3828 704 3897 per
732 3827 792 3878 sex
819 3829 970 3898 grossae,
997 3810 1132 3880 ratione
1160 3806 1320 3879 caracellae.

223 3944 232 3955 ·
292 3926 633 4019 szcuowrssno‚
662 3929 745 4000 villa
771 3931 835 4001 sub
861 3930 1027 4019 parochia
1054 3929 1097 4001 da
1124 3928 1485 4001 Gzanstoclrowa
1517 3931 1603 4020 sita,
1639 3930 1735 4001 cuius

183 4048 384 4140 proprietas
420 4049 465 4120 ad
502 4050 759 4122 serenissimum
789 4051 954 4123 Poloniao
990 4072 1107 4141 rogem
1143 4052 1301 4141 pertinet.
1346 4051 1386 4121 lu
1424 4072 1493 4141 qua
1528 4055 1609 4122 sunt
1643 4051 1735 4121 lanei
1830 4026 1835 4041 f

182 4170 434 4259 cmethonaleS,
470 4170 664 4261 dequibus
700 4172 848 4244 solvitur
882 4172 1013 4242 decima
1040 4173 1248 4262 pecunialis‚
1285 4172 1328 4242 de
1355 4172 1510 4263 quolibet
1545 4172 1645 4273 laum
1673 4192 1736 4262 ρει·

184 4296 263 4365 octo
290 4312 433 4381 grossos
460 4294 670 4365 monasterio
698 4292 733 4363 in
770 4293 975 4365 llsthow.
1020 4294 1108 4364 Item
1135 4300 1190 4365 est
1216 4295 1265 4365 ibi
1292 4293 1428 4383 schola,
1464 4293 1595 4364 habeus
1623 4313 1735 4383 ugron,

184 4410 382 4504 dequibus
410 4412 515 4484 solvit
541 4412 706 4484 decimam
734 4416 984 4504 manipularem
1012 4414 1177 4487 ecclesiae
1204 4416 1239 4486 in
1268 4414 1675 4488 Czansthochowa.
1723 4506 1728 4525 x

289 4533 493 4623 Wrczrnm,
520 4534 603 4605 villa
629 4536 693 4606 sub
720 4537 886 4626 parochia
913 4535 956 4608 de
983 4535 1349 4609 Cranstochoua
1376 4538 1452 4608 sita.
1493 4536 1533 4607 In
1561 4557 1630 4627 qua
1655 4542 1737 4607 sunt

183 4654 277 4726 lanei
302 4655 555 4746 emethonales,
584 4656 627 4727 de
655 4657 779 4747 quibus
807 4657 955 4729 solvitur
982 4658 1114 4729 decima
1140 4659 1348 4749 pecunialis‚
1385 4659 1428 4729 do
1456 4658 1610 4749 quolibet
1636 4659 1735 4728 laneo

185 4796 248 4867 per
275 4780 353 4847 octo
380 4797 520 4866 grossos
539 4778 749 4849 monasterio
777 4779 817 4848 in·
839 4778 1046 4851 Mstlrow.
1073 4779 1161 4850 Item
1180 4779 1222 4850 de
1240 4780 1396 4871 quolibet
1414 4800 1532 4850 eorum
1559 4779 1737 4851 laneorum

186 4896 334 4969 solvitur
361 4898 527 4968 ecclesiae
554 4899 589 4968 in
617 4897 1015 4971 Gzansthochowa
1042 4900 1177 4972 ratione
1205 4899 1358 4970 neocellae
1384 4920 1447 4989 per
1474 4921 1535 4970 sex
1560 4920 1710 4988 grossos

233 5050 237 5056 ·
288 5017 552 5109 homonum,
588 5019 671 5091 villa
707 5021 771 5092 sub
798 5021 963 5109 parochia
989 5020 1033 5092 de
1070 5020 1435 5093 Gzanstochowa
1472 5021 1547 5091 sita.
1592 5021 1631 5090 ln
1670 5040 1737 5110 qua

186 5145 269 5211 runt
294 5139 388 5210 lanei
415 5140 667 5230 amoliendas,
703 5141 746 5212 de
773 5141 898 5230 quibus
925 5141 1072 5212 solvitur
1108 5141 1297 5235 pecunialis
1325 5142 1475 5230 decima,
1512 5140 1554 5211 dc
1582 5141 1738 5231 quolibet

186 5260 286 5332 laneo
316 5282 379 5351 per
406 5267 485 5332 octo
511 5282 670 5352 grossae,
708 5284 771 5352 pro
799 5264 1010 5334 monasterio
1038 5264 1074 5334 in
1101 5263 1302 5335 Mstlrow.
1347 5262 1563 5335 lllonastem'o
1591 5285 1674 5335 voro
1702 5263 1736 5333 iu

188 5382 588 5456 Gzansthochowa
623 5384 759 5456 ratione
788 5381 956 5474 rraasclana,
992 5385 1035 5456 de
1063 5385 1218 5476 quolibet
1254 5407 1375 5458 corum
1402 5385 1549 5458 solvitur
1584 5406 1647 5476 per
1674 5407 1735 5457 sex

186 5524 338 5597 grossos.

191 5632 218 5717 ’ζ’
239 5622 266 5651 ”
290 5623 524 5716 Gnnnowun,
553 5627 634 5697 villa
661 5629 726 5699 sub
744 5627 910 5717 parochia
929 5601 1102 5700 'ecclesiae
1129 5628 1172 5700 de
1200 5624 1566 5702 Ozaust'ochowa
1593 5630 1669 5700 sita.
1697 5629 1737 5699 Ιιι

202 5732 216 5751 “
279 5752 365 5820 suot
390 5746 481 5819 lanei
510 5748 753 5839 cnetlronales,
781 5749 822 5820 de
851 5750 975 5840 quibus
1002 5751 1136 5822 ratione
1156 5750 1317 5840 decimae,
1345 5752 1492 5822 solvitur
1518 5750 1562 5857 de
1585 5750 1738 5840 quolibet

183 5758 255 5957 t:
274 5874 355 5941 octo
380 5888 540 5960 grossos,
572 5870 712 5942 'ratione
748 5892 831 5942 vero
857 5872 1064 5962 missalium,
1104 5894 1167 5962 per
1202 5893 1261 5944 sex
1289 5894 1429 5961 grossos
1465 5872 1674 5943 monasterio
1702 5871 1737 5940 in

179 5986 614 6073 ¹strarnsthochowac

185 6104 235 6175 'lec
290 6108 668 6203 ezrasrnocnowm,
695 6114 779 6184 villa
803 6115 867 6185 sub
885 6115 1052 6205 parochia
1078 6116 1122 6187 de
1148 6113 1512 6187 Gzanstoclrowa
1539 6114 1626 6206 sita,-
1643 6115 1738 6207 carius

188 6233 385 6325 proprietas
421 6230 468 6305 ad
494 6236 742 6307 monasterium
769 6234 1127 6309 Ozansthochovionse
1163 6237 1323 6327 pertinet.
1369 6237 1410 6307 ln
1437 6257 1505 6328 qua
1540 6239 1622 6319 sunt
1647 6237 1738 6307 lanei

188 6340 649 6447 fflthonalea'derqnibus
663 6356 811 6429 solvitur
838 6356 971 6427 decima
992 6357 1183 6447 pccrmialis
1210 6357 1253 6429 de
1280 6348 1560 6448 quolibet‘laneo
1579 6377 1642 6448 per
1660 6362 1737 6429 octo

187 6460 336 6564 mopsos,
352 6464 499 6549 'ratione
525 6456 609 6548 iero
636 6475 788 6547 eracleae
825 6476 971 6549 solvitur
1005 6498 1067 6568 per
1094 6496 1154 6551 sex
1190 6480 1331 6570 messos
1367 6454 1417 6551 da
1438 6452 1592 6576 quolibet
1616 6454 1737 6571 laneo,

189 6588 399 6669 monasterio
425 6582 463 6677 in
490 6596 897 6679 Ozanstlrochoua
