4200 8342
575 1637 596 1734 i
1737 1664 1811 1736 ess

263 1870 300 1941 in
310 1893 317 1908 ··
340 1869 374 1940 N
382 1868 670 1960 yekrassovv,
706 1874 742 1942 et
774 1871 872 1943 valor
911 1871 987 1943 eius
1027 1871 1228 1944 aestimatur
1268 1871 1313 1942 od
1339 1875 1413 1942 tres
1440 1884 1584 1955 marcos
1612 1871 1718 1944 Item
1757 1877 1812 1948 ¹est

263 1991 312 2063 ibi
339 2010 409 2062 una
434 1991 594 2063 scoltetia
619 1992 751 2064 habens
779 2013 884 2063 unum
910 1993 1048 2065 laneum
1076 2013 1246 2083 agrorum,
1272 1992 1461 2084 dequibus
1488 1991 1594 2064 etiam
1609 1992 1814 2067 decimatur

265 2133 330 2203 pro
356 2112 503 2187 ccclesia
528 2113 565 2184 in
591 2111 914 2206 Nyekrassow.
1654 2138 1658 2146 ’

294 2255 305 2276 ··
368 2221 490 2306 Villae
509 2234 733 2324 parochiales
775 2233 1106 2327 Nyekrasscw‚
1145 2234 1352 2307 Turszko
1393 2236 1556 2326 maior,
1596 2234 1813 2328 Ossolya,

112 2373 147 2452 J
267 2340 806 2447 Tlrrczya.nka'‚Kanth'i.
901 2393 904 2398 ·
982 2413 985 2426 .

366 2476 455 2547 Item
483 2476 681 2566 notandum,
708 2475 801 2567 quod
826 2476 985 2567 praefata
1011 2477 1157 2549 ecclesia
1174 2498 1216 2548 ex
1234 2476 1387 2567 antiquis
1413 2477 1631 2567 temporibus
1658 2477 1727 2550 sita
1746 2477 1812 2550 fuit
1918 2457 1920 2462 ¹

266 2600 301 2670 in
327 2604 446 2673 monte
480 2619 587 2690 supra
612 2597 748 2688 villam,
775 2602 811 2669 et
837 2596 985 2670 Sanctae
1013 2595 1116 2670 Cruci
1148 2598 1281 2687 dicata3
1317 2598 1378 2669 sed
1405 2602 1549 2688 propter
1585 2596 1813 2669 difficiliorem

208 2710 210 2714 ’
265 2741 455 2811 ascensum,
482 2721 552 2793 alia
576 2719 724 2792 ecclesia
750 2719 786 2790 in
814 2718 947 2791 declivo
973 2718 1146 2792 fabricata
1169 2724 1232 2810 est,
1259 2720 1357 2793 etin
1385 2720 1552 2792 honorem
1579 2719 1713 2792 Beatae
1735 2718 1814 2794 Ma-

265 2841 339 2913 riae
364 2840 522 2933 Virginis
548 2833 770 2915 visitationis
795 2841 947 2915 titulata.

889 2962 1200 3036 anzowuvczn.
1324 3023 1326 3028 .
1422 2943 1424 2947 ⁵

369 3083 462 3156 Villa
487 3083 620 3157 habens
645 3086 683 3158 in
709 3106 748 3159 se
773 3085 1008 3177 parochialem
1034 3086 1182 3177 ligneam
1209 3086 1400 3176 ecclesiam,
1426 3086 1524 3157 cuius
1550 3086 1814 3177 iuspatronatus

266 3207 309 3278 ad
336 3206 593 3279 serenissimum
620 3206 785 3279 Poloniue
812 3229 929 3299 regom
957 3208 1119 3299 pertinet,
1146 3206 1272 3280 Sancto
1292 3207 1465 3279 ··Michaeli
1483 3205 1703 3297 Archangelo
1721 3207 1815 3280 dica·
1914 3267 1916 3271 .

265 3336 355 3417 tam,
391 3327 488 3402 cuius
514 3328 684 3420 plebanus
709 3328 888 3402 Iohannes
924 3330 1184 3403 Roboczicz
1218 3330 1402 3422 presbyter
1438 3329 1482 3400 dc
1519 3328 1816 3420 Pyersczecz.

265 3450 305 3519 ln
332 3470 400 3540 qua
427 3454 509 3522 sunt
541 3450 771 3543 quadraginta
808 3453 958 3545 quinque
993 3452 1085 3524 lanei
1120 3452 1370 3542 emethouales,
1404 3451 1488 3522 item
1522 3451 1689 3523 tabernae
1716 3449 1814 3541 duae,

157 3557 160 3562 ’
265 3572 347 3645 item
375 3571 574 3644 hortularia
600 3593 686 3661 una,
721 3573 918 3664 scoltetiae,
954 3574 1149 3665 dequibus
1184 3574 1343 3646 omnibus
1375 3573 1523 3644 soletnr
1548 3576 1586 3644 et
1611 3571 1816 3645 conducitur

265 3693 398 3764 decima
422 3693 648 3784 manipularis
675 3700 711 3766 et
738 3696 916 3786 canopalis
951 3714 1016 3787 pro
1050 3696 1252 3787 episcopatu
1282 3693 1504 3768 cracoviensi
1540 3695 1817 3785 promedictate

263 3814 375 3904 villae,
401 3818 439 3886 et
465 3814 563 3886 valor
589 3816 664 3887 eius
690 3818 895 3889 aestimatur
920 3816 965 3888 ad
983 3816 1162 3889 duodecim
1181 3837 1325 3907 marcas,
1352 3823 1388 3889 et
1405 3836 1470 3908 pro
1487 3815 1686 3906 medietate,
1704 3815 1826 3888 eccle·

265 3936 337 4008 siae
362 3941 398 4008 et
424 3936 573 4028 plebano
600 3937 636 4007 iu
663 3919 1015 4029 Konyemlcthi;
1041 3938 1126 4009 item
1144 3939 1180 4009 in
1197 3939 1318 4010 eadem
1335 3938 1419 4010 villa
1436 3944 1491 4009 est
1508 3938 1668 4010 scoltetia
1684 3938 1817 4009 habens

172 4129 176 4137 ,
266 4078 388 4149 agros,
424 4056 468 4130 de
495 4058 621 4149 quibus
647 4057 838 4130 decimatur
864 4078 928 4149 pro
956 4057 1102 4130 ecclesia
1131 4058 1167 4130 in
1194 4057 1578 4151 Wyazownicza;··
1599 4058 1684 4130 item
1711 4057 1818 4129 habet

267 4180 412 4252 ecclesia
438 4199 502 4271 pro
528 4180 672 4272 praedio
699 4200 762 4253 suo
789 4178 1000 4253 sufficientes
1026 4200 1140 4271 agros,
1166 4179 1389 4253 decurrentes
1415 4180 1513 4252 iuxta
1530 4200 1635 4270 agros
1662 4179 1815 4251 cmctho·

266 4302 384 4391 noles,
410 4302 517 4375 habet
543 4302 648 4374 etiam
675 4302 872 4375 libertatem
899 4301 1098 4393 extirpandi
1125 4322 1226 4393 agros
1253 4302 1297 4374 de
1324 4323 1433 4392 novo,
1460 4301 1680 4393 progressive
1707 4319 1729 4372 a
1755 4319 1818 4372 sno
1895 4288 1898 4294 ’

268 4423 412 4514 praedio
438 4428 475 4497 et
500 4424 573 4496 suis
600 4425 709 4515 agris,
735 4427 904 4516 quantum
930 4423 1016 4515 vult,
1043 4429 1080 4496 et
1106 4429 1271 4516 qnantum
1298 4424 1440 4516 indiget,
1467 4443 1577 4515 usque
1604 4423 1649 4495 ad
1672 4423 1819 4522 limites.

266 4545 354 4616 Item
379 4545 488 4617 habet
512 4566 634 4638 mrum
661 4544 939 4618 inKukadlo
976 4567 1054 4618 cum
1081 4546 1180 4638 sylva
1205 4567 1314 4638 usqne
1342 4546 1387 4618 ad
1412 4545 1550 4618 limites.
1594 4546 1684 4618 Item
1701 4544 1819 4616 hebet

271 4687 392 4739 arvum
419 4667 507 4739 alias
533 4689 645 4763 upana,
672 4668 732 4759 qui
750 4667 879 4740 dicitur
903 4649 1226 4741 Kokoszkcua
1250 4689 1378 4760 npvva
1404 4688 1481 4739 cum
1503 4666 1611 4759 sylva,
1638 4686 1726 4758 quae
1744 4670 1820 4737 ten·

268 4788 362 4859 ditur
387 4807 498 4881 usque
525 4789 570 4861 ad
595 4789 725 4861 limites
751 4789 855 4861 villae
881 4785 1040 4861 Suc'ha.
1066 4789 1156 4861 Item
1182 4790 1289 4862 habet
1313 4784 1452 4879 pratum
1478 4787 1580 4858 iuxta
1596 4801 1710 4876 'agros
1736 4769 1817 4875 pro-

268 4911 362 5001 prios
389 4912 504 5002 situm,
532 4912 567 4982 ln
592 4912 690 4984 cuius
708 4910 810 4983 finem
837 4912 934 4983 venii
960 4911 1120 4983 rubetum
1139 4915 1175 4983 et
1193 4911 1300 5002 sylva,
1327 4930 1417 5002 quae
1443 4912 1588 4980 vocatur
1614 4906 1821 4996 Zapusta

268 5032 484 5123 olerona,
511 5033 610 5104 iuxta
625 5032 767 5112 fluvium
784 5031 1149 5125 Wpazovvnicna,
1175 5033 1352 5123 pertiuens
1370 5029 1414 5102 ad
1432 5030 1623 5117 ecclesiam,
1649 5027 1819 5118 incipiens

269 5175 290 5225 a
316 5154 476 5227 scabellis
502 5174 591 5246 qnae
618 5154 750 5227 ducunt
766 5154 803 5225 in
821 5154 938 5226 villam
966 5154 1018 5227 ab·
1038 5154 1193 5244 ecclesia,
1217 5158 1256 5225 et
1281 5153 1473 5225 terminans
1499 5150 1536 5221 in
1556 5149 1821 5232 ,Krzeczom

267 5277 354 5347 Item
381 5281 464 5349 sunt
488 5276 538 5349 ibi
564 5276 634 5349 duo
659 5276 865 5366 molendina,
893 5295 1000 5346 unum
1025 5274 1130 5365 regis,
1158 5274 1374 5366 quud'habet
1400 5273 1575 5363 integrum
1600 5261 1750 5363 laneum,
1777 5270 1820 5344 de
1873 5293 1877 5299 ’

269 5419 335 5486 qno
363 5398 556 5472 decimatur
582 5399 754 5492 episcopo,
781 5398 875 5503 aliud
894 5397 1033 5471 scolteti
1061 5397 1192 5471 habens
1210 5417 1324 5487 agros,
1351 5384 1481 5487 dclpuo
1499 5393 1693 5477 decimatur
1710 5393 1818 5470 eccle-

269 5517 404 5589 siccin
430 5519 851 5611 Wpanszownicna.
892 5557 896 5562 ·
1372 5545 1375 5554 ·

218 5720 219 5723 g
263 5673 266 5678 ·
372 5635 568 5732 Genusum,
602 5640 687 5714 villa
712 5642 810 5733 regia
835 5642 902 5715 snb
936 5640 1103 5733 parochia
1128 5639 1172 5713 de
1197 5639 1546 5733 Wyazonnicza
1580 5640 1656 5710 slta
1682 5638 1724 5709 In
1751 5657 1821 5726 qua
1900 5675 1903 5682 ,

269 5760 350 5827 sunt
376 5757 609 5850 quadraginta
644 5766 792 5851 quatuor
818 5762 910 5835 lanei
946 5761 1197 5852 cmeth'onalcs‚
1232 5762 1317 5833 item
1344 5762 1515 5838 tabernae
1542 5764 1710 5851 quatuor,
1737 5758 1820 5830 item

269 5878 489 5975 hortulaniae
523 5900 594 5952 non
629 5886 730 5973 sunt,
766 5882 963 5975 dequibus
1000 5882 1161 5956 ammius
1196 5882 1344 5956 solvitur
1379 5886 1416 5954 et
1451 5880 1657 5954 conducitur,
1690 5878 1824 5950 decium

268 5999 499 6092 manipularis¹
519 6005 559 6074 et
573 6002 760 6093 canapalis
776 6023 842 6094 pro
860 6004 1063 6096 episcopatu
1076 6001 1317 6092 Gracovieusi,
1344 6008 1380 6074 et
1405 6001 1504 6073 valor
1522 6001 1596 6074 eius
1615 5980 1825 6084 aestimatur
1905 5977 1919 5990 ”

268 6122 313 6193 ad
340 6122 521 6195 duodecim
548 6142 706 6215 marcas‚·
725 6124 809 6196 item
835 6129 891 6197 cst
915 6124 965 6197 ibi
991 6125 1157 6218 scoltetia·
1179 6125 1311 6197 habens
1338 6113 1432 6213 duos,
1451 6122 1589 6214 laneos,
1614 6122 1671 6195 ‘de
1697 6121 1823 6228 quibus

268 6242 461 6318 decimatur
485 6245 652 6318 ecclesiae
678 6243 722 6317 dc
747 6241 1107 6337 Wpazonnicza
1143 6245 1231 6317 Item
1258 6250 1313 6317 cst
1338 6242 1661 6316 ibimolendinum
1684 6242 1821 6315 scolteti

268 6367 400 6441 tabens
425 6386 548 6459 agros,
574 6367 618 6441 de
644 6367 770 6459 quibus
805 6365 997 6439 decimatur
1021 6385 1087 6458 pro
1113 6366 1294 6458 epIscopm
1328 6366 1413 6439 item
1439 6365 1605 6440 scultetus
1640 6364 1747 6436 habet
1771 6364 1822 6437 ibi

269 6488 450 6562 noeman
476 6494 514 6563 ec
538 6469 783 6563 naumurum.
823 6521 827 6526 ·
1239 6485 1241 6489 ·
1368 6567 1374 6576 ,
1828 6469 1833 6478 “

373 6609 562 6706 omnus,
596 6611 681 6690 villa
705 6603 805 6712 regia
828 6611 896 6696 aab
930 6601 1167 6708 wechlede
1191 6606 1655 6711 Wpazonnyczasitc
1688 6608 1825 6702 Inque
