4200 8342
805 1954 1083 2032 Mosozmuozn
1110 1976 1294 2032 mrnmon.

363 2080 457 2152 Villa
483 2081 616 2153 babens
643 2080 822 2152 ecclesiam
840 2080 1074 2170 parochialem
1092 2081 1242 2171 ligneam
1260 2081 1296 2151 in
1315 2099 1362 2169 se,
1389 2078 1516 2152 Sancto
1535 2132 1543 2148 .
1564 2132 1573 2149 .
1591 2132 1627 2149 ..
1653 2072 1802 2167 dicamm,

261 2204 356 2275 cuius
383 2201 580 2291 proprietas
607 2201 652 2272 ad
679 2200 958 2273 sanctimoniales
985 2201 1226 2291 Antiquae
1252 2199 1457 2275 Sande'cz
1484 2199 1651 2290 pertinet
1676 2198 1715 2269 In
1743 2220 1800 2289 qua

258 2345 326 2395 non
344 2331 426 2395 sunt
443 2323 530 2397 certi
557 2322 648 2394 lanei
667 2320 908 2410 cmethonales,
935 2341 1046 2413 neque
1069 2322 1307 2413 dimembrati,
1333 2324 1530 2412 nec-potest
1547 2340 1714 2393 numerus
1732 2340 1798 2391 cer·

259 2449 316 2515 tus
343 2444 520 2515 laneorum
547 2442 738 2531 aestimari;
764 2442 825 2515 sed
852 2447 934 2514 sunt
958 2444 1074 2532 pecias
1100 2448 1136 2515 et
1156 2448 1280 2534 sortes,
1307 2442 1352 2515 ad
1370 2443 1522 2533 quinque
1547 2446 1670 2513 nmen
1696 2441 1805 2513 laneos

259 2565 498 2651 aestimantem
525 2563 609 2634 item
636 2564 814 2652 tabernae,
841 2562 926 2634 item
953 2563 1181 2654 hortulaniac,
1208 2562 1395 2654 dequibus
1418 2564 1579 2635 omnibns
1605 2559 1754 2634 solvitur
1775 2567 1806 2631 et

260 2684 465 2756 conducitur
492 2682 625 2755 decima
650 2683 876 2774 manipularis
907 2688 943 2754 et
970 2684 1147 2774 canapalis
1182 2704 1247 2774 pro
1273 2684 1477 2775 episcopatu
1503 2681 1745 2771 Crotoniensi,
1776 2686 1808 2751 et

260 2805 358 2876 valor
386 2805 460 2875 eius
487 2804 693 2876 aestimatur
728 2803 772 2874 ad
798 2824 859 2874 sex
886 2796 1030 2875 marcas.
1077 2805 1164 2876 Item
1192 2804 1361 2895 plebanus
1392 2810 1429 2876 et
1455 2803 1601 2876 ecclesia
1634 2802 1742 2875 babet
1765 2801 1807 2873 ibi

260 2945 364 3013 agros
391 2925 531 3014 liberos,
560 2930 595 2995 et
622 2927 725 3014 prata
751 2944 814 3014 pro
842 2944 904 2996 suo
931 2920 999 2997 aaa
1023 2929 1061 2996 et
1087 2925 1303 2997 necessitate.
1409 2990 1413 3001 ,
1457 2988 1460 2995 .

363 3044 636 3116 Mosczsnrozn
665 3064 856 3135 suession,
882 3044 968 3116 villa
993 3045 1059 3117 sub
1076 3045 1244 3136 parocbia
1269 3043 1313 3117 de
1339 3043 1680 3136 lli-osczenycza
1704 3042 1805 3114 inie-

258 3165 377 3236 riori
404 3166 487 3255 sita,
523 3164 620 3237 cuins
656 3164 853 3256 proprietas
889 3165 939 3238 ad·
961 3164 1241 3238 sanctimoniales
1276 3164 1321 3237 de
1353 3164 1566 3255 Antiqua
1601 3163 1804 3237 Sandecz

258 3285 418 3376 pertinet.
461 3284 503 3356 ln
529 3306 598 3375 qua
625 3292 707 3358 sunt
740 3291 814 3357 tres
839 3285 932 3358 lanei
958 3285 1211 3376 cmctbonales,
1229 3286 1329 3357 item
1356 3284 1517 3359 scoltetia
1550 3285 1689 3357 habens
1725 3285 1802 3356 duos

257 3407 386 3495 laneos,
414 3405 457 3477 de
475 3405 600 3497 quibus
618 3406 777 3478 omnibus
794 3405 942 3479 solvitur
959 3414 996 3479 et
1013 3405 1221 3479 conducitur
1241 3398 1381 3489 decima
1397 3405 1628 3496 manipularis
1656 3410 1694 3477 et
1711 3426 1804 3476 cana-

258 3527 346 3615 palis
372 3546 436 3615 pro
463 3525 624 3616 episcopo
650 3523 882 3616 tirasonensi,
908 3532 945 3599 et
971 3527 1070 3599 valor
1097 3527 1171 3599 eius
1198 3526 1402 3599 aestimatur
1426 3526 1471 3599 ad
1497 3545 1559 3599 sex
1586 3544 1736 3597 marcas.

906 3646 1170 3720 Brnoaurczn.

930 3888 1140 3963 Lenozsno.

366 4010 460 4081 Villa
496 4011 627 4082 habens
662 4011 697 4081 in
735 4030 773 4081 se
808 4010 1039 4100 parochialem
1075 4009 1256 4083 ecclesiam
1291 4010 1459 4101 ligneam,
1495 4006 1623 4080 Sancto
1660 4007 1815 4082 iohanni

206 4210 209 4216 ,
260 4131 441 4222 Baptistae
468 4131 627 4222 dicatam,
655 4131 752 4203 cuius
774 4131 972 4221 proprietas
998 4130 1044 4204 ad
1071 4130 1349 4205 sanctimoniales
1367 4128 1621 4221 Sandeczenses
1648 4131 1813 4220 pertinet.

257 4253 297 4322 ln
326 4274 394 4341 qua
421 4257 501 4323 suist
528 4252 710 4324 duodecim
743 4252 833 4322 lanei
860 4250 1113 4341 cnethonales,
1148 4252 1236 4322 item
1259 4271 1328 4322 nna
1353 4250 1500 4322 taberna
1534 4250 1671 4322 habens
1698 4270 1822 4339 agros,

261 4372 303 4442 dc
330 4373 454 4462 quibus
482 4372 640 4443 omnibus
676 4371 823 4443 solvitur
849 4378 886 4443 et
911 4371 1118 4445 conducitur
1151 4370 1285 4444 decima
1321 4371 1545 4461 manipularis
1572 4377 1609 4442 et
1636 4371 1830 4461 canapalis

259 4491 575 4562 sanctimonialibus
603 4491 908 4581 Sandeczonsibus,
935 4497 972 4562 et
989 4491 1088 4563 valor
1115 4492 1261 4563 eiusad
1288 4491 1406 4563 decem
1432 4510 1566 4562 marcas
1593 4492 1822 4563 aestimatur.

257 4613 345 4682 Item
372 4613 420 4682 ibi
449 4634 517 4683 non
546 4618 600 4683 cst
628 4611 805 4701 scoltctuS,
833 4633 944 4703 neque
962 4612 1191 4700 hortulaniae3
1219 4613 1302 4683 item
1329 4611 1378 4683 ihi
1405 4612 1572 4702 plebanus
1599 4633 1671 4684 non
1688 4613 1824 4684 habuit

260 4753 372 4823 agros,
400 4732 461 4804 sed
487 4732 638 4805 Michael
666 4733 709 4805 de
736 4733 982 4824 Lypnyoza
1008 4733 1187 4823 impensis·
1199 4732 1351 4823 propriis
1373 4733 1562 4823 extirpavit
1587 4753 1661 4823 eos,
1687 4739 1726 4805 ct
1754 4734 1820 4803 ha-

262 4854 391 4926 bentur
417 4874 508 4927 nnnc
544 4855 630 4927 satis
666 4854 772 4944 ampli
808 4854 891 4926 dicti
919 4853 1192 4927 Tharnowa:
1228 4853 1310 4924 item
1337 4853 1504 4944 plebanus
1539 4853 1649 4926 habet
1678 4854 1821 4926 ratione

257 4974 417 5065 linearium,
444 4997 546 5048 unam
574 4997 770 5048 mensuram
796 4995 935 5065 aversae,
955 4996 976 5046 a
994 4975 1150 5066 quolibet
1177 4975 1357 5046 cmethone
1384 4974 1493 5075 totins
1512 4975 1701 5064 parochiae
1724 4996 1814 5047 suae.

361 5096 596 5187 (inritamen,
633 5098 717 5170 villa
743 5097 807 5169 sub
835 5096 1001 5186 parocbia
1027 5096 1071 5166 de
1098 5094 1339 5167 Lanczsko
1367 5096 1452 5185 sita,
1488 5094 1586 5167 cuins
1612 5097 1810 5187 proprietas

258 5215 301 5285 ad
329 5217 606 5288 sanctimoniales
643 5218 685 5289 de
718 5218 930 5307 Antiqua
964 5216 1170 5288 Sandocz
1197 5215 1357 5307 pertinet.
1401 5216 1440 5286 In
1470 5236 1539 5306 qua
1569 5221 1654 5288 sunt
1680 5222 1808 5308 septen

257 5336 348 5406 lanei
376 5337 625 5426 emetbonaloS,
662 5337 704 5409 de
732 5339 856 5428 quibus
883 5338 1042 5409 omnibus
1070 5337 1218 5409 solvitur
1244 5342 1280 5409 et
1306 5337 1511 5410 conducitur
1537 5337 1674 5409 decima
1700 5338 1805 5409 mani-

258 5456 388 5543 pularis
416 5477 478 5544 pro
507 5457 825 5528 sanctimonialibus
853 5459 887 5528 in
916 5458 1124 5549 Antiqua
1150 5458 1373 5551 sandeoz,
1401 5465 1437 5529 et
1460 5458 1558 5530 valor
1576 5458 1652 5530 eius
1671 5458 1716 5530 ad
1735 5478 1804 5547 sep

257 5583 325 5647 tem
345 5597 477 5649 iriarcas
496 5578 708 5648 aestimatur.
736 5576 822 5648 Item
837 5580 1003 5650 tabernae
1023 5633 1030 5648 .
1049 5634 1056 5649 .
1077 5633 1093 5667 .,
1111 5579 1195 5650 itcm
1214 5579 1432 5651 hortulaniac
1451 5634 1459 5650 .
1477 5633 1485 5649 .
1504 5635 1521 5670 .,
1539 5580 1625 5651 item
1645 5580 1807 5652 scoltetns

257 5720 324 5769 non
344 5706 398 5769 est
425 5699 482 5787 ihi,
510 5698 592 5769 item
620 5698 798 5788 praedium
802 5753 969 5770 .......

359 5819 563 5910 anzsczn,
590 5820 673 5890 villa
699 5820 763 5892 sub
790 5821 956 5910 parochia
980 5820 1025 5892 de
1054 5819 1295 5893 Lanczslco
1321 5820 1398 5911 sita,
1425 5820 1522 5893 cuius
1547 5823 1748 5913 proprietas
1767 5821 1805 5893 ad

255 5941 534 6012 sanctimoniales
562 5939 738 6030 praefatas
765 5943 926 6032 pertinet.
971 5941 1010 6013 ln
1041 5961 1111 6033 qna
1137 5949 1219 6014 suist
1255 5962 1316 6013 sex
1352 5940 1442 6017 lanei
1478 5937 1736 6032 emethonales,
1770 5942 1808 6015 de

257 6062 381 6149 quibus
408 6063 566 6135 omnibus
594 6063 741 6134 solvitur
768 6067 804 6133 ct
829 6062 1035 6135 conducitur
1062 6063 1194 6135 decima
1221 6062 1446 6153 manipularis
1473 6083 1537 6153 pro
1563 6063 1710 6137 vicariis
1728 6062 1809 6136 San·

256 6181 490 6271 (locrensibus,
517 6184 614 6253 cirins
642 6184 740 6254 valor
760 6184 964 6254 aestimatur
990 6183 1035 6254 ad
1062 6204 1122 6255 sex
1141 6203 1286 6272 marcas,
1313 6189 1348 6254 et
1366 6183 1455 6255 banc
1472 6183 1642 6257 decimam
1671 6185 1810 6258 dorsarit

259 6303 308 6370 eis
324 6303 506 6391 opiscopus
521 6301 761 6375 Cracoviensis
777 6304 966 6394 Thomas,
990 6303 1033 6374 de
1047 6324 1216 6376 consensu
1239 6304 1382 6393 capituli
1395 6304 1459 6374 sui.
1488 6302 1810 6379 ltenbortuimiae

258 6441 324 6490 non
353 6429 442 6508 sunt,
472 6422 637 6494 tabernac
665 6445 733 6493 non
762 6431 853 6514 sunit,
880 6424 1044 6495 scoltetus
1072 6446 1140 6495 uon
1169 6429 1231 6511 est,
1258 6443 1368 6514 neque
1385 6422 1574 6513 ¹praedium
1601 6424 1754 6518 aliquod.

362 6541 594 6634 Zasnznzrs,
631 6543 714 6615 villa
742 6544 805 6615 sub
835 6546 999 6635 parocbia
1027 6544 1070 6616 de
1097 6543 1341 6616 Lanozslro
1368 6544 1451 6636 sita,
1489 6545 1587 6619 cuius
1613 6548 1812 6637 proprietas
