4200 8342
327 1325 461 1430 a*

285 1608 363 1683 418

283 1814 557 1904 Korzeusky
585 1808 752 1883 dearmis
780 1809 1063 1897 Streparnm.
1104 1805 1145 1876 Iu
1164 1824 1232 1895 qua
1259 1807 1340 1875 sunt
1366 1800 1459 1880 lanei
1485 1798 1730 1892 cmcthonoles,
1756 1799 1847 1880 irem

284 1936 511 2024 hortulauiae,
538 1935 621 2005 item
639 1930 828 2023 praedium,
858 1927 1046 2019 dequibus
1065 1926 1224 1999 omuibus
1251 1924 1399 1997 solvitur
1425 1928 1462 1994 et
1480 1921 1682 1996 conducitur
1707 1920 1848 2002 decima

283 2056 507 2149 manipularis
543 2059 580 2127 et
606 2052 781 2146 carrapahs
818 2049 984 2123 ecclesiae
1018 2049 1056 2121 iu
1083 2046 1309 2138 Stradow‚
1346 2051 1382 2118 et
1408 2044 1508 2128 valor
1534 2044 1610 2135 eins
1635 2043 1846 2134 murator

287 2179 333 2253 ad
358 2186 433 2252 tres
459 2195 603 2249 marcas.
1556 2251 1559 2262 ,

192 2379 195 2386 ,
387 2297 675 2385 Mmawozrczn,
711 2292 795 2365 villa
829 2293 894 2365 sub
930 2290 1096 2382 parochia
1132 2290 1175 2363 de
1207 2288 1419 2363 Stradow
1454 2288 1540 2380 sita,
1584 2285 1682 2363 cuins
1715 2286 1846 2390 haeres

284 2423 464 2495 lohannes
497 2418 710 2507 Naszyon
745 2413 788 2485 dc
819 2412 1088 2485 Ostrowcze
1123 2410 1166 2482 de
1202 2411 1302 2484 domo
1338 2408 1661 2502 Bippennium.
1705 2408 1847 2502 Inque

286 2547 369 2614 sunt
396 2540 489 2612 lanei
517 2535 751 2610 emethonales
778 2554 857 2625 sex,
890 2535 972 2606 item
1000 2553 1069 2604 una
1096 2532 1243 2604 taberna
1268 2532 1401 2603 habens
1428 2550 1551 2624 agros,
1582 2530 1666 2604 item
1692 2535 1847 2630 quatuor

285 2661 505 2736 hortulaniac
532 2657 700 2730 habentes
727 2676 845 2750 agros,
872 2653 1059 2746 dequibus
1082 2653 1240 2726 omnibus
1258 2652 1404 2725 soluitur
1431 2657 1468 2724 et
1485 2650 1691 2722 conducitur
1708 2650 1846 2723 decima

287 2782 515 2875 manipularis
542 2784 578 2853 et
596 2777 791 2872 canapalis,
818 2775 1084 2869 praepositurae
1111 2774 1330 2866 VisliciensI,
1358 2780 1394 2846 et
1411 2772 1509 2847 valor
1536 2773 1611 2848 eius
1637 2772 1848 2846 aestimmur

285 2904 332 2978 ad
358 2923 482 2978 novem
507 2919 652 2974 marcas.
691 2900 779 2972 Item
807 2879 861 2971 est
887 2898 937 2970 ibi
963 2918 1071 2970 unum
1097 2896 1277 2990 praedium
1304 2894 1474 2985 militare,
1502 2894 1546 2967 de
1564 2915 1637 2988 quo¹
1650 2893 1847 2974 decimatur

287 3025 450 3100 ecclesiae
478 3025 514 3096 in
541 3020 769 3111 Stradou,
797 3026 833 3093 et
859 3018 958 3093 valor
985 3017 1131 3092 eiusad
1159 3019 1309 3111 quiaque
1336 3036 1471 3100 marcas
1498 3016 1711 3104 aestimatur.

388 3146 615 3236 Dmunuaru,
642 3142 726 3216 villa
753 3143 816 3215 sub
844 3140 1011 3235 parochia
1046 3140 1090 3214 de
1113 3139 1324 3213 Stradow
1351 3139 1438 3225 sita,
1475 3138 1573 3218 cuius
1599 3138 1723 3212 haeres
1740 3137 1848 3212 Nico-

286 3271 365 3362 laus
391 3264 729 3360 Kyelczowshy
757 3264 800 3336 de
819 3263 920 3337 domo
947 3261 1186 3335 Habdank.
1225 3262 1266 3332 In
1286 3282 1354 3353 qna
1380 3267 1462 3335 sunt
1489 3259 1582 3333 lanei
1606 3255 1849 3344 cmethcnales

287 3392 374 3463 item
400 3390 586 3478 tabernae,
613 3388 696 3459 item
724 3384 961 3478 hortulaniue,
996 3383 1038 3456 de
1066 3383 1191 3475 quibus
1219 3384 1367 3457 solvitur
1398 3382 1531 3456 decima
1557 3381 1784 3475 manipularis
1810 3367 1850 3456 ct

289 3510 467 3602 canapalis
494 3529 558 3602 pro
587 3505 731 3580 ecclesia
758 3506 794 3577 in
821 3504 1166 3596 Dzyerzaszna‚
1199 3510 1235 3576 et
1261 3505 1360 3578 valor
1386 3505 1461 3577 eius
1487 3503 1532 3577 ad
1557 3503 1684 3596 viginti
1709 3524 1848 3588 marcas

288 3633 503 3704 aestimatur.
548 3628 637 3701 Item
664 3631 746 3698 sunt
772 3626 821 3697 ibi
849 3625 1016 3719 quaedam
1044 3646 1148 3716 arua,
1175 3625 1218 3698 de
1246 3625 1371 3719 quibus
1397 3625 1590 3701 decimatur
1616 3625 1783 3702 ecclesiae
1809 3626 1849 3700 in

289 3753 509 3843 Stradow,
536 3755 572 3823 et
598 3749 697 3824 valor
723 3747 876 3821 decimae
903 3748 948 3822 ad
966 3768 1071 3828 unam
1098 3768 1260 3821 marcam.
1304 3749 1392 3820 Item
1418 3747 1598 3842 praedium
1624 3769 1729 3824 unum
1756 3748 1851 3822 mili-

289 3881 386 3966 tare‚
413 3872 455 3947 de
482 3872 581 3946 cuius
607 3872 702 3966 agris
729 3870 923 3966 decimatur
967 3924 996 3940 ..
1015 3923 1023 3940 .
1042 3924 1077 3941 ..

392 3993 507 4067 Villae
534 3993 769 4086 parochiales:
796 3990 1008 4064 Stradow
1035 3991 1111 4064 sive
1137 3990 1446 4082 Zastampow,
1472 3988 1708 4083 Malziczc,
1735 3990 1847 4066 qu·

290 4118 456 4210 slicze,
483 4115 854 4209 Michalowicze,
880 4113 1109 4207 chglou',
1136 4112 1482 4208 Milawczycze,
1508 4113 1775 4212 Damhyani.

879 4219 1087 4308 Karmara
1113 4234 1252 4308 Mmon.
1370 4258 1373 4265 ·

396 4358 492 4431 Villa
517 4358 651 4431 habens
678 4357 859 4431 ecclesiam
885 4357 1052 4449 ligneam,
1087 4355 1235 4429 Sanctae
1261 4354 1397 4430 Mariae
1423 4355 1663 4454 Assumptioni
1690 4357 1851 4453 daun,

291 4480 387 4552 cuius
405 4477 591 4551 haeredes:
618 4478 751 4551 nobiles
779 4476 1052 4574 Gasimirszcy
1176 4477 1339 4552 dedomo
1366 4469 1641 4572 Vihersthen,
1667 4479 1752 4555 item
1770 4535 1778 4551 .
1793 4534 1801 4553 .
1815 4535 1848 4554 ..

292 4602 337 4673 do
362 4600 659 4693 Zagorzycze
683 4600 729 4694 ,de
756 4598 875 4671 eadem
903 4598 1004 4672 domo
1031 4598 1308 4692 Vibersten,
1335 4606 1373 4675 et
1397 4602 1529 4675 habent
1554 4601 1647 4676 inter
1672 4623 1711 4676 se
1738 4602 1847 4675 alter·

295 4729 397 4796 natas
417 4719 537 4813 uices,
563 4711 668 4813 super
695 4722 978 4814 inrepatronatus
1005 4720 1049 4793 ad
1067 4721 1248 4794 ecclesIam
1275 4721 1476 4814 praelatam
1501 4723 1542 4796 In
1561 4745 1630 4816 qna
1655 4730 1737 4804 sunt
1763 4729 1849 4798 octo

296 4846 390 4918 lanei
409 4843 662 4935 cmethonales,
688 4843 772 4916 item
798 4843 958 4934 taberna,
985 4843 1071 4921 item
1089 4843 1302 4935 hortularia,
1329 4845 1411 4917 item
1429 4845 1609 4937 praedium
1627 4867 1733 4920 unum
1759 4846 1851 4922 mili·

290 4957 387 5058 tare,
415 4966 602 5059 dequibus
630 4964 789 5066 omnibus
815 4957 962 5039 soletur
989 4971 1025 5038 et
1047 4966 1252 5040 conducitur
1278 4966 1412 5038 decima
1437 4967 1665 5062 manipularis
1691 4972 1727 5041 et
1742 4988 1849 5044 cana-

291 5088 379 5179 palis
408 5087 573 5161 ccclesiae
599 5087 636 5160 in
663 5086 813 5159 Parva
839 5064 1105 5178 GasimIria,
1132 5095 1169 5160 et
1188 5087 1286 5160 valor
1313 5088 1388 5188 eius
1415 5090 1619 5162 aestimatur
1647 5088 1691 5162 ad
1709 5110 1846 5166 marcas

292 5209 424 5298 viginti.
464 5207 553 5280 Item
571 5208 678 5282 habet
705 5210 885 5280 tabernam
903 5228 1007 5280 uuam
1025 5208 1213 5282 habentem
1231 5229 1350 5300 agree,
1379 5209 1422 5283 de
1442 5230 1510 5302 qna
1535 5210 1664 5286 dantum
1682 5212 1849 5288 ecclesiae

292 5348 356 5419 pro
375 5348 478 5400 censu
498 5334 647 5419 quatuor
663 5350 800 5401 marcae
818 5329 1005 5402 annuatim.
1050 5328 1138 5404 Item
1161 5330 1268 5404 habet
1286 5351 1389 5403 unam
1407 5331 1641 5407 hortulaniam
1659 5332 1847 5408 habentem

189 5481 196 5490 ¹
291 5470 413 5541 agros,
440 5470 545 5522 unum
574 5449 665 5522 diem
692 5452 949 5541 septimanatim
976 5451 1123 5543 plebano
1150 5452 1382 5544 laborantem,
1422 5453 1507 5526 item
1527 5475 1631 5546 agros
1649 5454 1845 5548 praedictos
1959 5501 1965 5508 -

293 5570 520 5661 sufficientem
560 5569 644 5642 item
662 5576 800 5662 pratum
819 5593 923 5645 unum
950 5574 1043 5646 circa
1060 5572 1200 5648 flauum
1228 5572 1438 5666 Nidzicza,
1465 5595 1573 5667 prope
1591 5574 1614 5648 J
1621 5576 1850 5656 alcuscbo-

291 5694 429 5767 uiczc
465 5693 599 5785 villam,
644 5694 725 5766 item
758 5694 866 5768 habet
892 5695 1059 5768 decimam
1086 5693 1337 5787 manipularem
1367 5701 1477 5768 totam
1504 5695 1547 5767 de
1573 5697 1668 5789 agris
1694 5697 1848 5772 cmetho·

291 5816 428 5890 nalibus
447 5822 483 5890 et
500 5816 679 5908 nobilium,
698 5803 937 5891 adiacentibus
961 5816 1171 5890 haereditati
1198 5817 1377 5890 Parvae
1395 5815 1651 5893 Casimiria
1676 5820 1713 5892 in
1731 5820 1850 5894 valore

291 5959 352 6010 sex
383 5959 595 6030 marcarum,
631 5945 667 6012 et
693 5939 854 6014 coluntur
890 5940 1038 6034 praefati
1075 5940 1151 6031 agri
1178 5961 1241 6031 pro
1274 5939 1370 6014 cruia
1406 5939 1441 6011 in
1470 5937 1502 6013 G
1510 5941 1785 6034 yobolthow,
1812 5949 1849 6016 et
1907 5991 1910 5998 -

293 6058 401 6150 aliqui
437 6081 517 6150 per.
535 6062 736 6135 emetlrones
772 6061 815 6134 dc
850 6050 1169 6153 Gyebolthow,
1205 6066 1243 6133 et
1268 6081 1433 6152 agrorum
1469 6061 1707 6155 praelatorum
1743 6063 1848 6138 villae

292 6179 372 6252 dum
401 6188 500 6254 erant
536 6183 669 6271 cultae,
705 6204 792 6274 quae
820 6202 910 6256 nunc
946 6187 1029 6256 sunt
1060 6183 1236 6273 desertae,
1273 6184 1487 6262 vocabantur
1513 6183 1787 6278 Oldowyecz
1814 6191 1851 6258 et

291 6300 587 6374 Oszmolicze.
1679 6283 1684 6288 ¹

398 6421 685 6515 Grnaonruow,
714 6426 797 6497 villa
815 6424 879 6497 sub
898 6426 1065 6515 parochia
1083 6427 1126 6500 de
1144 6427 1279 6501 Parva
1297 6426 1521 6502 OasImiria
1540 6428 1629 6521 sita,
1648 6428 1746 6503 cuius
1764 6430 1852 6504 hae-

292 6559 349 6666 res
376 6539 570 6615 StanIslaus
596 6544 754 6639 Ligaza
780 6546 949 6692 defmis
966 6546 1208 6665 Polukoszc.
1247 6550 1288 6622 ln
1307 6570 1376 6648 qua
1393 6556 1476 6623 sunt
1493 6550 1587 6628 lanei
1605 6549 1851 6645 emethorffl
