4200 8342
1718 1636 1792 1709 255

249 1854 312 1927 per
447 1833 610 1930 episcopo
637 1834 867 1912 cracoviensi.
907 1837 995 1928 Item
1021 1837 1202 1931 praedium
1229 1846 1284 1913 cst
1311 1861 1415 1914 unum
1442 1839 1607 1931 militare,
1634 1841 1677 1915 de
1695 1843 1793 1916 cuius
1891 1830 1896 1857 ¹

250 1957 342 2047 agris
369 1957 562 2030 decimatur
597 1943 762 2031 ecclesiae
794 1965 830 2031 et
857 1960 1003 2051 plebano
1030 1961 1066 2033 in
1093 1960 1256 2051 Polna;
1291 1961 1375 2034 item
1401 1961 1569 2052 plebanus
1595 1969 1632 2036 et
1656 1964 1801 2037 ecclesia

250 2075 353 2150 habet
378 2078 539 2169 proprius
564 2099 668 2170 agros
695 2085 731 2151 et
757 2085 877 2171 prata,
911 2083 991 2176 pro'
1004 2102 1067 2155 suo
1094 2103 1169 2172 usu,
1195 2082 1339 2172 praedio
1367 2087 1403 2154 et
1429 2082 1643 2156 necessitate.

911 2201 1139 2275 Wmcz1ssn.

351 2317 445 2390 Villa
480 2319 611 2391 habens
647 2321 682 2390 in
714 2341 752 2392 se
779 2322 956 2393 ecclesiam
992 2322 1226 2414 parochialem
1261 2323 1429 2413 ligneam,
1465 2323 1592 2397 Sancto
1623 2322 1797 2396 Stanislao

249 2437 417 2530 dicatam,
444 2439 541 2512 cuius
567 2441 692 2513 haeres
718 2441 901 2518 Janussius
927 2441 1172 2534 Jezowshy
1199 2443 1242 2520 de
1268 2444 1374 2515 armis
1402 2498 1516 2515 .....
1556 2445 1597 2516 In
1624 2465 1692 2536 qua
1717 2452 1799 2516 sunt

249 2558 339 2631 lanei
366 2560 612 2652 emethonales,
640 2562 826 2653 dequibus
854 2564 1002 2637 solvitur
1020 2564 1154 2636 decima
1179 2565 1369 2655 pecunialis
1395 2565 1558 2656 episcopo
1576 2561 1798 2637 Gracoviensi

248 2701 310 2771 per
336 2735 453 2752 .....
492 2681 581 2753 Item
608 2703 677 2755 uon
704 2689 759 2755 est
790 2683 839 2756 ibi
865 2684 1064 2775 praedium,
1099 2691 1297 2758 astantem
1333 2685 1494 2758 scoltetia
1529 2685 1661 2757 habens
1687 2705 1799 2776 agros,

248 2801 291 2872 de
309 2802 434 2893 ombus
452 2801 601 2901 decimat
615 2857 697 2875 .....
706 2827 716 2894 ;
743 2804 826 2877 item
844 2804 991 2878 ecclesia
1016 2811 1053 2877 et
1068 2805 1245 2897 plebanus
1263 2806 1370 2878 habet
1388 2805 1436 2877 ibi
1455 2825 1562 2896 agros.
1575 2806 1735 2897 proprios
1762 2812 1798 2876 ct

247 2929 366 3013 prata,
393 2944 458 3015 pro
485 2940 547 2996 suo
574 2945 657 3015 usu,
684 2924 826 3017 praedio
854 2931 891 2998 et
916 2928 1135 2998 necessitate
1372 3004 1374 3007 ,
1860 2901 1866 2912 ’

349 3029 513 3135 Sraozu,
540 3045 623 3118 villa
659 3046 723 3119 sub
750 3046 917 3138 parochia
942 3046 985 3120 de
1012 3046 1057 3116 W
1065 3046 1289 3138 ylczysha
1315 3046 1401 3137 sita,
1429 3047 1527 3120 cuius
1552 3046 1679 3121 haeres
1705 3046 1797 3121 idem

247 3163 428 3250 Jauussius
455 3165 478 3238 J
487 3167 706 3258 ezuwsky.
745 3166 786 3238 In
814 3187 883 3258 qua
908 3174 990 3240 sunt
1016 3167 1108 3240 lanei
1143 3167 1394 3257 cmethouales,
1427 3167 1470 3240 de
1498 3168 1623 3260 quibus
1650 3167 1798 3240 solvitur

248 3285 379 3356 decima
405 3286 595 3378 pecunialis
622 3288 877 3380 pro-episcopo
904 3287 1127 3362 cracoviensi
1152 3307 1216 3379 per
1242 3342 1384 3359 ......
1593 3283 1600 3298 ’

350 3404 511 3497 Sraozu,
539 3407 622 3479 villa
648 3409 712 3480 sub
738 3409 904 3499 parochia
929 3408 972 3492 de
990 3408 1266 3500 Wylczyska
1291 3408 1378 3500 sita,
1405 3406 1502 3480 cuius
1528 3407 1651 3479 haeres
1678 3405 1796 3498 Moy-

248 3526 433 3618 kovslry
459 3527 502 3598 de
528 3528 635 3600 armis
662 3582 750 3599 ....
794 3529 836 3602 Iu
854 3550 923 3621 qua
945 3535 1027 3602 sunt
1053 3528 1143 3602 lanei
1170 3529 1402 3602 cmethoualcs
1411 3561 1424 3619 ,1
1446 3528 1489 3600 de
1508 3527 1631 3618 quibus
1649 3525 1797 3602 solvitur

248 3651 283 3717 et
299 3647 503 3721 conducitur
530 3648 664 3721 decima
688 3649 915 3740 manipularis
942 3656 978 3724 et
995 3650 1171 3741 canapalis
1197 3671 1261 3742 pro
1280 3649 1426 3722 ecclesia
1450 3648 1487 3720 iu
1505 3646 1797 3739 Syedliszka,

248 3767 343 3840 cuius
378 3768 476 3856 valor
511 3769 556 3841 ad
582 3776 715 3861 septem
751 3790 886 3844 marcas
917 3771 1130 3856 aestimatur.
1178 3770 1268 3844 Item
1303 3776 1358 3844 est
1392 3770 1441 3842 ibi
1476 3790 1580 3842 unum
1617 3769 1796 3860 praedium

249 3888 417 3980 militare,
445 3890 488 3962 de
507 3891 603 3964 cuius
621 3891 715 3982 agris
734 3891 925 3964 decimatur
943 3891 1108 3964 ecclesiae
1135 3897 1171 3963 et
1189 3892 1263 3964 eius
1281 3891 1429 3982 plebano
1456 3890 1491 3961 iu
1509 3889 1714 3982 Wylczis
1725 3891 1798 3977 lra3
1872 3932 1874 3935 -

252 4011 333 4081 itam
360 4011 494 4084 ratione
520 4009 672 4083 masclae
698 4012 805 4084 habet
829 4012 878 4084 ibi
901 4012 1068 4103 plebanus
1095 4012 1138 4083 de
1161 4011 1314 4102 quolibet
1339 4011 1439 4083 laneo
1457 4030 1563 4082 unum
1580 4029 1747 4100 grossum.

351 4131 627 4224 Wovunaovvn,
663 4133 746 4205 villa
772 4134 837 4206 sub
865 4133 1030 4225 parochia
1065 4133 1108 4203 de
1135 4131 1411 4224 wylczysha
1437 4132 1523 4221 sita,
1550 4130 1647 4202 cuius
1673 4132 1797 4201 haeres

238 4251 423 4348 ‘lohannes
449 4253 492 4326 de
511 4256 617 4333 armis
643 4253 924 4346 Strcparum.
963 4255 1003 4326 In
1023 4274 1092 4346 qua
1110 4260 1192 4326 sunt
1209 4254 1301 4326 lanei
1329 4252 1583 4342 cmethonales,
1610 4250 1797 4341 dequibus

246 4374 394 4447 solvitur
420 4380 456 4447 et
482 4375 687 4450 conducitur
713 4376 845 4449 decima
871 4374 1098 4467 manipularis
1124 4375 1353 4470 etoanapalis
1380 4374 1541 4465 episcopo
1562 4371 1799 4460 cracoviensi,

247 4496 343 4567 cuius
370 4495 469 4569 valor
494 4496 700 4571 aestimatur
726 4498 770 4569 ad
789 4497 914 4588 viginti
941 4517 1096 4586 marcas,
1118 4497 1206 4570 item
1224 4504 1279 4569 est
1306 4496 1354 4568 ibi
1372 4517 1476 4569 unum
1503 4493 1683 4591 praedium
1709 4493 1798 4565 mili-

139 4652 144 4659 ·
246 4621 340 4708 tare,
367 4616 411 4688 de
437 4617 535 4690 cuius
560 4618 655 4708 agris
683 4618 874 4690 decimatur
900 4617 1066 4691 ccclesiae
1092 4619 1129 4689 in
1155 4618 1200 4688 W
1208 4617 1441 4709 yl-czysha

351 4738 598 4829 Lvrsrczrm,
625 4738 709 4810 villa
738 4741 801 4811 sub
821 4740 987 4830 parochia
1013 4740 1057 4811 de
1075 4738 1171 4829 Wyl
1185 4738 1356 4830 czysha
1372 4739 1456 4828 sita,
1483 4738 1580 4809 errius
1598 4737 1720 4807 haeres
1738 4736 1799 4809 Ja-

172 4892 177 4910 ·
247 4859 385 4930 nussius
402 4857 426 4928 J
435 4859 612 4930 ezouvslr
622 4881 644 4949 y
669 4860 711 4930 de
730 4860 836 4930 armis
855 4915 862 4929 .
881 4914 888 4931 .
908 4915 915 4931 .
934 4915 941 4930 .
981 4860 1021 4932 In
1040 4880 1109 4950 qua
1127 4865 1208 4931 sunt
1226 4859 1318 4931 lanei
1336 4858 1583 4946 cmethonales,
1610 4855 1653 4926 de
1672 4858 1797 4947 quihus

245 4979 392 5050 solvitur
418 4988 455 5052 et
480 4980 685 5054 conducitur
711 4980 845 5052 decima
870 4980 1097 5070 manipularis
1123 4987 1160 5051 et
1186 4979 1363 5070 canapalis
1390 4998 1454 5069 pro
1481 4978 1642 5067 episcopo
1668 4976 1796 5048 cracn-
1928 5067 1931 5072 ¹

246 5101 364 5171 riensi.
395 5100 483 5173 ltem
502 5108 556 5174 est
574 5102 621 5173 ibi
641 5122 745 5172 unum
764 5101 948 5191 praedium
962 5101 1124 5191 militare,
1144 5101 1187 5172 de
1201 5101 1297 5171 cuitus
1316 5099 1411 5189 agris
1426 5099 1617 5170 decimatur
1630 5098 1796 5170 ecclesiae

246 5222 455 5311 et'plebano
483 5224 528 5302 in,
545 5222 850 5314 Wvlcuyska„

348 5344 555 5433 Jnmrown,
595 5343 679 5415 villa
714 5344 777 5415 suh
813 5342 978 5433 parocbia
1022 5342 1066 5416 de
1102 5342 1382 5435 Wylczyslra
1417 5342 1499 5433 sita,
1538 5343 1636 5417 cuius
1672 5343 1795 5418 haeres

246 5463 268 5536 J
278 5466 486 5556 eaowsky
512 5463 699 5556 praelatus.
747 5466 787 5536 In
815 5484 882 5554 qua
910 5471 991 5536 sunt
1017 5465 1107 5537 lanei
1136 5466 1387 5557 cmetluonales,
1423 5465 1618 5557 dequibus
1646 5465 1795 5535 solvitur

246 5585 379 5656 decima
404 5586 639 5677 manipularis·
664 5586 826 5676 episcopo
853 5584 1088 5675 Cracuviensi‚
1121 5586 1218 5660 cuius
1245 5587 1343 5660 valor
1368 5572 1572 5659 aestimatur
1608 5586 1652 5656 ad
1681 5638 1794 5655 .....

248 5706 329 5778 item
358 5706 406 5782 ibi
433 5706 610 5797 praedium
631 5727 706 5780 uon
734 5685 797 5779 est

792 5849 796 5855 ·
930 5828 1109 5904 Ozunacz.

349 5949 521 6039 Oppidum
548 5949 679 6023 habeus
707 5951 742 6023 in
761 5971 798 6023 se
816 5950 1048 6042 parochialem
1064 5951 1270 6039 ecclesiam,
1298 5949 1424 6021 Sancto
1451 5947 1607 6019 Martino
1634 5946 1794 6035 dicatam,

245 6071 342 6141 craias
377 6072 574 6160 proprietas
602 6071 645 6141 ad
673 6071 805 6142 nobiles
840 6071 884 6142 de
911 6072 1016 6142 armis
1053 6071 1198 6144 Oluva
1224 6070 1419 6144 Johannem·
1444 6077 1481 6140 ct
1507 6067 1687 6142 Nicolaum
1715 6087 1794 6158 ger·

245 6214 364 6265 uranos
391 6193 436 6262 ‹lc
462 6191 694 6264 Strzczow
721 6193 881 6281 pertinet.
921 6193 959 6263 ln
988 6214 1055 6283 quc
1072 6183 1173 6264 'sunt
1208 6191 1298 6261 lanei
1330 6191 1579 6291 oppidanorum
1608 6196 1643 6261 et
1669 6192 1793 6261 saluu-

244 6316 425 6403 banorum,
453 6314 637 6405 dequibus
657 6314 801 6404 quilibet
820 6313 862 6384 de
881 6313 980 6385 laneo
997 6314 1103 6385 solvit
1129 6297 1294 6383 ecclcsiae
1322 6319 1358 6383 ct
1375 6313 1523 6403 plebano
1549 6314 1584 6383 in
1604 6311 1793 6400 Gau'decz,

245 6455 307 6523 per
333 6434 499 6505 fertonem
536 6442 572 6506 et
598 6442 671 6506 tres
699 6453 876 6506 mensuras
903 6432 1050 6523 siliginis
1077 6437 1113 6503 et
1139 6438 1212 6503 tres
1247 6453 1386 6505 avenae.
1426 6434 1513 6506 ltem
1540 6434 1584 6504 dc
1611 6433 1793 6523 oppidanis

245 6561 281 6627 ct
299 6556 506 6627 suburbanis
533 6556 684 6629 eiusdem
713 6555 842 6646 oppidi,
869 6554 1016 6646 quilibet
1043 6554 1169 6645 hospes
1196 6553 1301 6625 solvit
1327 6554 1474 6645 plebano
1501 6576 1565 6644 pro
1580 6553 1793 6627 mensalibus
