4200 8342
325 1632 401 1702 402

323 1837 589 1909 instrumentum
615 1850 719 1901 manu
746 1827 888 1918 propria
915 1826 1083 1915 scriptum
1109 1820 1307 1893 huiusmodi
1334 1820 1616 1909 ratificationem,
1643 1818 1878 1898 confirmatio-

322 1978 409 2045 nem,
426 1951 678 2026 ordinationem
705 1955 742 2020 et
767 1945 987 2019 concordiam
1013 1946 1049 2017 in
1076 1965 1114 2016 se
1140 1943 1331 2031 continens,
1357 1940 1482 2036 exlude
1509 1939 1650 2030 confeci,
1669 1947 1705 2012 et
1722 1941 1759 2012 iu
1776 1941 1870 2013 hanc

321 2076 494 2168 publicam
518 2072 664 2144 formam
690 2069 820 2160 redegi,
847 2069 1014 2158 signoque
1041 2072 1079 2137 ct
1105 2065 1242 2137 nomine
1269 2064 1354 2134 meis
1381 2063 1417 2133 in
1445 2062 1574 2134 tabulis
1600 2064 1677 2135 fieri
1703 2061 1817 2135 solitis
1834 2070 1873 2136 et

323 2196 514 2285 consvotis,
541 2171 722 2292 cofinum
757 2190 871 2281 sigillo
897 2186 1045 2280 praelati
1081 2184 1361 2259 reverendissimi
1387 2186 1499 2276 patris
1525 2182 1656 2257 domini
1681 2183 1877 2275 Sbignei

322 2317 475 2409 episcopi
510 2313 750 2388 cracoviensis
787 2311 986 2401 memorati,
1020 2313 1058 2382 et
1092 2308 1136 2380 de
1171 2309 1261 2379 eius.
1281 2307 1421 2397 speciali
1458 2305 1641 2397 mandato,
1675 2307 1878 2398 consignari

323 2438 512 2529 requisitus
539 2440 576 2506 et
601 2438 753 2524 rogatus.
780 2432 820 2503 In
847 2429 950 2502 fidem
976 2436 1012 2501 et
1036 2428 1272 2501 testimonium
1298 2428 1514 2519 singulorum
1539 2428 1817 2519 praemissam

429 2556 546 2628 Habet
571 2556 636 2626 bas
664 2547 764 2625 villas
790 2552 836 2624 ad
866 2551 1045 2623 ecclesiam
1082 2550 1314 2640 parochialem
1351 2550 1575 2640 pertinentes:
1615 2547 1878 2622 Gavvluszo

324 2698 492 2769 wycze,
519 2668 1691 2766 Dzyewyanthlye,Klyszovv,Zdakow,Nyehurza,
1717 2668 1877 2742 Szezn-

325 2797 587 2887 komlotby,
614 2793 937 2885 Zadusznyky,
972 2791 1179 2882 Kablorv,
1206 2791 1381 2882 Berky,
1408 2769 1878 2883 Brdeszczye,1(rze·

325 2918 582 3012 myenicza,
609 2915 837 3006 Wolycza.
1316 2974 1321 2981 .

427 3037 544 3109 Habet
568 3037 675 3108 etiam
703 3035 849 3108 ecclesia
875 3036 911 3107 in
938 3034 1383 3124 Gavluschowicze,
1418 3033 1506 3106 duas
1532 3033 1622 3106 filias
1648 3035 1878 3125 parochiales,

323 3157 479 3232 iamdiu
506 3162 665 3230 amatre
692 3156 884 3247 parochiali
910 3156 1073 3246 seclusae,
1113 3154 1281 3245 videlicet,
1311 3154 1456 3226 invilla
1483 3155 1648 3227 Paderv
1674 3162 1710 3227 ct
1737 3156 1772 3227 iu
1799 3156 1879 3227 Bo·

323 3301 458 3370 rova,
485 3279 529 3351 de
556 3279 680 3369 quibus
707 3277 856 3367 filiabus,
882 3278 1050 3368 plebanus
1069 3277 1105 3347 in
1125 3274 1521 3349 Gewluszovvicze
1548 3278 1641 3368 capit
1666 3278 1879 3370 petronales,
1907 3280 1911 3286 “

324 3403 368 3474 ab
395 3421 517 3474 eorum
553 3399 710 3472 omnibus
746 3398 966 3489 parochianis
999 3418 1156 3470 seorsum
1181 3420 1203 3469 a
1230 3399 1387 3490 quolibet
1423 3400 1622 3489 emethoue,
1659 3420 1721 3471 seu
1756 3420 1877 3471 eornm
2015 3495 2019 3503 1

323 3517 545 3613 parochianis
572 3520 819 3611 extorquendo,
847 3524 883 3590 et
909 3519 1044 3591 solvere
1071 3521 1277 3592 consvevit...
1305 3540 1347 3592 ex
1375 3521 1534 3593 omuibus
1560 3520 1675 3594 tribus
1701 3519 1880 3613 parochiis

324 3642 525 3733 petronales
553 3644 689 3714 eentum
716 3640 864 3731 triginta
888 3660 1038 3731 grossos.

1015 3762 1192 3834 Boaown.

428 3882 523 3955 Villa
548 3883 681 3957 habens
708 3883 887 3956 ecclesiam
913 3883 1148 3974 parochialem
1174 3884 1323 3973 ligneam
1350 3885 1385 3955 in
1412 3907 1459 3975 se,
1477 3886 1605 3959 Sancto
1625 3886 1769 3960 Nicolao
1796 3909 1880 3961 corv-

322 4006 447 4078 lessori
474 4005 640 4095 dicatam,
669 4007 766 4078 cuius
791 4007 916 4078 haeres
943 4003 1120 4078 Iohannes
1147 4004 1458 4099 Ozebrowslry
1484 4007 1528 4079 de
1555 4010 1661 4080 armis
1687 4007 1878 4082 Olobolr.

328 4128 370 4199 In
397 4149 466 4219 qua
491 4132 573 4199 sunt
598 4127 690 4199 lanei
718 4127 969 4217 emetlronales,
998 4128 1080 4198 item
1107 4127 1291 4217 tabernae,
1318 4128 1401 4200 item
1427 4129 1656 4220 hortulauiae,
1682 4130 1726 4203 de
1752 4132 1880 4223 quibus

326 4249 486 4320 omnibns
514 4249 659 4320 solvitur
686 4243 727 4321 ct'
748 4249 952 4321 conducitur
979 4247 1111 4319 decima
1137 4249 1364 4340 manipularis
1390 4256 1427 4321 et
1453 4251 1628 4341 canapalis
1653 4272 1718 4343 pro
1744 4254 1878 4343 episco-

322 4375 410 4469 patu
438 4367 677 4457 Cracoviensi,
713 4376 749 4440 et
776 4370 874 4441 valor
909 4369 983 4440 eius
1020 4369 1225 4442 aestimatur
1260 4370 1418 4444 adduas
1445 4371 1589 4445 marcas.
1633 4374 1721 4445 Item
1747 4380 1801 4446 est
1826 4376 1885 4448 ibi

327 4488 508 4579 praedium
534 4488 695 4578 militare,
722 4489 764 4560 de
784 4510 851 4579 quo
870 4489 1062 4562 decimatur
1087 4510 1151 4581 pro
1170 4491 1317 4564 ecelesia
1335 4494 1371 4564 in
1397 4493 1607 4586 Borovva,
1634 4500 1671 4567 et
1687 4497 1785 4568 valor
1802 4497 1879 4571 eius

275 4620 279 4633 ’
324 4611 530 4682 aestimatur
566 4609 610 4682 ad
637 4615 710 4681 tres
738 4630 881 4681 marcas.
925 4611 1011 4683 Item
1039 4611 1207 4703 plebanus
1234 4613 1389 4686 eiusdem
1425 4615 1592 4689 eccleslae
1626 4618 1734 4690 babet
1769 4640 1878 4691 unum

323 4730 461 4802 laneum
487 4750 551 4822 pro
579 4730 721 4822 praedio
748 4737 829 4821 post
854 4732 1035 4804 ecclesiam
1063 4734 1175 4824 situm,
1203 4734 1469 4825 protendentem
1496 4757 1534 4808 se
1551 4757 1674 4810 versus
1698 4738 1877 4812 fluviolum

323 4851 454 4923 dictum
481 4849 620 4943 Bren,
657 4856 693 4925 ct
718 4853 845 4925 iterum
864 4854 917 4936 ab
943 4854 1071 4926 horreo
1098 4854 1271 4945 plebanali
1298 4856 1562 4947 protendentem
1589 4880 1627 4930 se
1654 4881 1776 4933 versus
1802 4866 1876 4934 tor-

325 4978 459 5045 rentem
486 4971 781 5066 Lukawyecz.
819 4975 907 5047 Item
933 4975 1041 5047 habet
1067 4981 1224 5065 pratum,
1251 4978 1344 5050 circa
1369 4977 1562 5070 praefatum
1589 4980 1730 5053 fluvium
1756 4982 1877 5055 Bren

326 5093 528 5183 cognomine
556 5092 817 5185 Gyschowa.
849 5096 937 5168 Item
965 5096 1072 5168 habet
1097 5098 1332 5170 molendinum
1360 5100 1395 5170 in
1423 5099 1580 5190 praelato
1605 5101 1709 5173 fluvio
1737 5103 1876 5196 Brea,
1919 5085 1926 5095 “

323 5213 366 5284 de
402 5234 470 5303 quo
506 5214 573 5286 sibi
609 5215 736 5287 cedunt
772 5215 860 5288 dnae
888 5238 1089 5307 mensurae,
1126 5225 1163 5291 et
1191 5219 1459 5293 molendinatori
1493 5222 1610 5293 tertia.
1654 5222 1743 5294 Item
1769 5224 1877 5298 habet

323 5332 505 5403 tabernam
531 5334 567 5404 in
594 5334 715 5406 eadem
743 5336 834 5426 villa,
862 5338 897 5408 in
924 5337 1137 5412 fundationis
1164 5341 1347 5431 privilegio
1375 5342 1442 5416 sibi
1468 5344 1692 5435 inscriptam,
1718 5345 1780 5417 sed
1806 5369 1877 5419 nou

326 5453 433 5525 habet
458 5451 552 5524 illem
580 5454 616 5524 in
634 5458 861 5545 possessione.
888 5458 1001 5531 Locus
1018 5443 1134 5534 tamen
1152 5482 1254 5534 areae
1281 5483 1388 5554 penes
1407 5465 1546 5537 hortum
1567 5464 1690 5538 Jacobi
1717 5465 1879 5541 Texto-

323 5574 392 5645 ris
420 5580 691 5694 penesapratum
718 5576 846 5648 dietum
874 5577 1052 5652 Oszkra
1070 5636 1184 5653 .....

426 5694 662 5786 Pnnw3⁴villa
689 5698 753 5769 sub
777 5701 945 5796 parochia
971 5701 1014 5773 de
1041 5703 1230 5776 Borovva
1255 5704 1396 5797 Regis
1424 5707 1500 5779 sita.
1527 5707 1569 5779 ln
1595 5715 1769 5799 quaeunt
1793 5689 1875 5786 octo

301 5797 414 5887 'lanei
441 5817 695 5909 emethonales,
730 5819 773 5890 de
800 5821 925 5911 quibus
954 5822 1102 5897 solvitur
1128 5831 1165 5897 et
1191 5826 1394 5899 conducitur
1429 5828 1562 5899 decima
1588 5830 1813 5921 manipularis
1840 5841 1909 5914 et,q
1950 5865 1952 5869 ·

321 5937 496 6026 canapalis
524 5956 588 6029 pro
616 5939 817 6031 episcopatu
845 5941 1085 6034 cracoviensi,
1121 5952 1158 6018 et
1184 5948 1282 6019 valor
1317 5949 1391 6020 eius
1418 5949 1623 6022 aestimatur
1653 5952 1698 6022 ad
1715 5958 1876 6043 'quatuor
1991 5951 1997 5960 ’

320 6077 464 6129 marcas.
491 6059 579 6131 Item
607 6063 723 6133 estin
750 6061 869 6134 eadem
896 6064 980 6137 villa
1007 6066 1175 6158 scoltetia,
1202 6067 1334 6142 babens
1352 6076 1425 6142 tres
1442 6072 1574 6161 laneos;
1600 6071 1683 6144 item
1701 6079 1775 6146 tres
1792 6075 1875 6146 bor-

320 6177 474 6249 tulaniae
500 6180 671 6253 habentes
698 6203 811 6272 agros,
839 6183 882 6255 de
909 6185 1035 6284 quibus
1062 6186 1255 6263 decimatur
1281 6192 1447 6264 ecclesiae
1473 6192 1508 6263 in
1537 6192 1746 6285 Borovva,
1773 6196 1875 6269 cuius
1951 6179 1953 6184 ¹

322 6299 422 6369 valor
449 6299 494 6370 ad
520 6305 594 6371 tres
622 6302 825 6377 aestimatur
852 6326 996 6378 marcas.
1938 6290 1963 6318 ⁵

427 6415 794 6515 Gnvvuuscrrowrczs',
821 6426 906 6499 villa
930 6428 1064 6512 habens
1083 6431 1119 6502 ln
1138 6452 1176 6503 se
1192 6434 1436 6548 parochialem
1456 6436 1648 6526 ecclesiam,
1675 6437 1773 6510 euius
1790 6438 1875 6512 hae·

321 6552 377 6605 ras
403 6535 583 6611 Iohannes
608 6539 985 6641 Rytbvvyenszky
1020 6550 1197 6641 palatinus
1232 6551 1481 6629 Oracoviensis.
1524 6555 1565 6628 In
1591 6578 1661 6649 qna
1687 6562 1769 6631 sunt
1799 6563 1875 6637 tras
