<?xml version="1.0" encoding="UTF-8"?>
<!DOCTYPE html PUBLIC "-//W3C//DTD XHTML 1.0 Transitional//EN"
    "http://www.w3.org/TR/xhtml1/DTD/xhtml1-transitional.dtd">
<html xmlns="http://www.w3.org/1999/xhtml" xml:lang="en" lang="en">
 <head>
  <title>
</title>
<meta http-equiv="Content-Type" content="text/html;charset=utf-8" />
  <meta name='ocr-system' content='tesseract 3.04.00' />
  <meta name='ocr-capabilities' content='ocr_page ocr_carea ocr_par ocr_line ocrx_word'/>
</head>
<body>
  <div class='ocr_page' id='page_1' title='image "./joannisdugoszse01dugoog_0254.png"; bbox 0 0 4200 8342; ppageno 0'>
   <div class='ocr_carea' id='block_1_1' title="bbox 309 1614 382 1685">
    <p class='ocr_par' dir='ltr' id='par_1_1' title="bbox 309 1614 382 1685">
     <span class='ocr_line' id='line_1_1' title="bbox 309 1614 382 1685; baseline 0 0"><span class='ocrx_word' id='word_1_1' title='bbox 309 1614 382 1685; x_wconf 72' lang='lat'>228</span> 
     </span>
    </p>
   </div>
   <div class='ocr_carea' id='block_1_2' title="bbox 205 1812 1862 5185">
    <p class='ocr_par' dir='ltr' id='par_1_2' title="bbox 253 1812 1854 2273">
     <span class='ocr_line' id='line_1_2' title="bbox 309 1812 1854 1905; baseline -0.005 -12"><span class='ocrx_word' id='word_1_2' title='bbox 309 1819 510 1893; x_wconf 80' lang='lat' dir='ltr'><strong>conducitur</strong></span> <span class='ocrx_word' id='word_1_3' title='bbox 536 1816 669 1889; x_wconf 90' lang='lat' dir='ltr'>decima</span> <span class='ocrx_word' id='word_1_4' title='bbox 696 1814 921 1905; x_wconf 78' lang='lat' dir='ltr'>manipularis</span> <span class='ocrx_word' id='word_1_5' title='bbox 948 1818 985 1883; x_wconf 90' lang='lat' dir='ltr'>et</span> <span class='ocrx_word' id='word_1_6' title='bbox 1009 1812 1187 1903; x_wconf 86' lang='lat' dir='ltr'>canapalis</span> <span class='ocrx_word' id='word_1_7' title='bbox 1223 1832 1286 1903; x_wconf 94' lang='lat' dir='ltr'>pro</span> <span class='ocrx_word' id='word_1_8' title='bbox 1314 1812 1460 1883; x_wconf 89' lang='lat' dir='ltr'>ecclesia</span> <span class='ocrx_word' id='word_1_9' title='bbox 1485 1818 1522 1883; x_wconf 90' lang='lat' dir='ltr'>et</span> <span class='ocrx_word' id='word_1_10' title='bbox 1547 1812 1700 1902; x_wconf 85' lang='lat' dir='ltr'>plebano</span> <span class='ocrx_word' id='word_1_11' title='bbox 1728 1814 1854 1885; x_wconf 87' lang='lat' dir='ltr'>einsin</span> 
     </span>
     <span class='ocr_line' id='line_1_3' title="bbox 308 1932 1853 2029; baseline -0.005 -14"><span class='ocrx_word' id='word_1_12' title='bbox 308 1940 575 2029; x_wconf 84' lang='lat' dir='ltr'>Landzyny,</span> <span class='ocrx_word' id='word_1_13' title='bbox 609 1936 707 2009; x_wconf 92' lang='lat' dir='ltr'>cuius</span> <span class='ocrx_word' id='word_1_14' title='bbox 732 1935 832 2007; x_wconf 86' lang='lat' dir='ltr'>valor</span> <span class='ocrx_word' id='word_1_15' title='bbox 858 1935 902 2005; x_wconf 90' lang='lat' dir='ltr'>ad</span> <span class='ocrx_word' id='word_1_16' title='bbox 930 1940 1082 2024; x_wconf 88' lang='lat' dir='ltr'>quatuor</span> <span class='ocrx_word' id='word_1_17' title='bbox 1118 1952 1252 2005; x_wconf 87' lang='lat' dir='ltr'>rnarcas</span> <span class='ocrx_word' id='word_1_18' title='bbox 1289 1933 1512 2005; x_wconf 86' lang='lat' dir='ltr'>aestimatur:</span> <span class='ocrx_word' id='word_1_19' title='bbox 1548 1934 1635 2005; x_wconf 89' lang='lat' dir='ltr'>item</span> <span class='ocrx_word' id='word_1_20' title='bbox 1662 1932 1853 2007; x_wconf 83' lang='lat' dir='ltr'>cmethones</span> 
     </span>
     <span class='ocr_line' id='line_1_4' title="bbox 253 2053 1853 2155; baseline -0.003 -21"><span class='ocrx_word' id='word_1_21' title='bbox 253 2064 268 2095; x_wconf 82' lang='lat'><em>⁶</em></span> <span class='ocrx_word' id='word_1_22' title='bbox 308 2066 471 2134; x_wconf 89' lang='lat' dir='ltr'>tenentur</span> <span class='ocrx_word' id='word_1_23' title='bbox 489 2060 623 2131; x_wconf 87' lang='lat' dir='ltr'>solvere</span> <span class='ocrx_word' id='word_1_24' title='bbox 639 2080 721 2155; x_wconf 75' lang='lat' dir='ltr'>ayep</span> <span class='ocrx_word' id='word_1_25' title='bbox 739 2056 904 2129; x_wconf 87' lang='lat' dir='ltr'>ecclesiae</span> <span class='ocrx_word' id='word_1_26' title='bbox 923 2057 959 2127; x_wconf 92' lang='lat' dir='ltr'>in</span> <span class='ocrx_word' id='word_1_27' title='bbox 984 2054 1273 2147; x_wconf 84' lang='lat' dir='ltr'>Lyendziny,</span> <span class='ocrx_word' id='word_1_28' title='bbox 1303 2054 1449 2147; x_wconf 83' lang='lat' dir='ltr'>quilibet</span> <span class='ocrx_word' id='word_1_29' title='bbox 1469 2053 1513 2126; x_wconf 90' lang='lat' dir='ltr'>de</span> <span class='ocrx_word' id='word_1_30' title='bbox 1540 2054 1643 2127; x_wconf 79' lang='lat' dir='ltr'>laneo</span> <span class='ocrx_word' id='word_1_31' title='bbox 1671 2059 1747 2126; x_wconf 88' lang='lat' dir='ltr'>tres</span> <span class='ocrx_word' id='word_1_32' title='bbox 1765 2075 1853 2129; x_wconf 89' lang='lat' dir='ltr'>coros</span> 
     </span>
     <span class='ocr_line' id='line_1_5' title="bbox 308 2174 1763 2273; baseline -0.007 -18"><span class='ocrx_word' id='word_1_33' title='bbox 308 2181 454 2273; x_wconf 85' lang='lat' dir='ltr'>siliginis</span> <span class='ocrx_word' id='word_1_34' title='bbox 481 2185 519 2251; x_wconf 91' lang='lat' dir='ltr'>et</span> <span class='ocrx_word' id='word_1_35' title='bbox 544 2198 618 2251; x_wconf 86' lang='lat' dir='ltr'>sex.</span> <span class='ocrx_word' id='word_1_36' title='bbox 632 2196 774 2266; x_wconf 66' lang='lat' dir='ltr'>arenam</span> <span class='ocrx_word' id='word_1_37' title='bbox 799 2178 883 2249; x_wconf 88' lang='lat' dir='ltr'>item</span> <span class='ocrx_word' id='word_1_38' title='bbox 909 2182 965 2249; x_wconf 87' lang='lat' dir='ltr'>eat</span> <span class='ocrx_word' id='word_1_39' title='bbox 990 2176 1041 2247; x_wconf 92' lang='lat' dir='ltr'>ibi</span> <span class='ocrx_word' id='word_1_40' title='bbox 1067 2176 1248 2265; x_wconf 87' lang='lat' dir='ltr'>praedium</span> <span class='ocrx_word' id='word_1_41' title='bbox 1278 2174 1429 2247; x_wconf 85' lang='lat' dir='ltr'>militare</span> <span class='ocrx_word' id='word_1_42' title='bbox 1456 2174 1500 2247; x_wconf 89' lang='lat' dir='ltr'>de</span> <span class='ocrx_word' id='word_1_43' title='bbox 1527 2196 1596 2267; x_wconf 88' lang='lat' dir='ltr'>qno</span> <span class='ocrx_word' id='word_1_44' title='bbox 1616 2228 1763 2247; x_wconf 93' lang='grc'><strong>......</strong></span> 
     </span>
    </p>

    <p class='ocr_par' dir='ltr' id='par_1_3' title="bbox 205 2296 1854 3117">
     <span class='ocr_line' id='line_1_6' title="bbox 411 2296 1853 2391; baseline -0.001 -18"><span class='ocrx_word' id='word_1_45' title='bbox 411 2300 630 2391; x_wconf 82' lang='lat' dir='ltr'>anonzuo,</span> <span class='ocrx_word' id='word_1_46' title='bbox 655 2298 740 2371; x_wconf 86' lang='lat' dir='ltr'>uilla</span> <span class='ocrx_word' id='word_1_47' title='bbox 764 2298 897 2369; x_wconf 90' lang='lat' dir='ltr'>habens</span> <span class='ocrx_word' id='word_1_48' title='bbox 923 2297 959 2368; x_wconf 91' lang='lat' dir='ltr'>in</span> <span class='ocrx_word' id='word_1_49' title='bbox 987 2318 1026 2369; x_wconf 88' lang='lat' dir='ltr'>se</span> <span class='ocrx_word' id='word_1_50' title='bbox 1052 2297 1232 2369; x_wconf 86' lang='lat' dir='ltr'>ecclesium</span> <span class='ocrx_word' id='word_1_51' title='bbox 1259 2296 1512 2389; x_wconf 81' lang='lat' dir='ltr'>parochialem,</span> <span class='ocrx_word' id='word_1_52' title='bbox 1538 2296 1639 2369; x_wconf 89' lang='lat' dir='ltr'>cnius</span> <span class='ocrx_word' id='word_1_53' title='bbox 1666 2298 1853 2389; x_wconf 76' lang='lat' dir='ltr'>proprietas</span> 
     </span>
     <span class='ocr_line' id='line_1_7' title="bbox 308 2418 1854 2517; baseline -0.003 -20"><span class='ocrx_word' id='word_1_54' title='bbox 308 2424 353 2497; x_wconf 89' lang='lat' dir='ltr'>ad</span> <span class='ocrx_word' id='word_1_55' title='bbox 379 2424 588 2517; x_wconf 84' lang='lat' dir='ltr'>episcopum¹</span> <span class='ocrx_word' id='word_1_56' title='bbox 606 2418 870 2493; x_wconf 83' lang='lat' dir='ltr'>Gracoviensem</span> <span class='ocrx_word' id='word_1_57' title='bbox 895 2418 1057 2508; x_wconf 88' lang='lat' dir='ltr'>pertinet</span> <span class='ocrx_word' id='word_1_58' title='bbox 1084 2418 1125 2490; x_wconf 89' lang='lat' dir='ltr'>In</span> <span class='ocrx_word' id='word_1_59' title='bbox 1153 2438 1222 2509; x_wconf 92' lang='lat' dir='ltr'>qua</span> <span class='ocrx_word' id='word_1_60' title='bbox 1244 2424 1327 2491; x_wconf 87' lang='lat' dir='ltr'>sunt</span> <span class='ocrx_word' id='word_1_61' title='bbox 1353 2418 1477 2508; x_wconf 84' lang='lat' dir='ltr'>viginti</span> <span class='ocrx_word' id='word_1_62' title='bbox 1502 2438 1628 2491; x_wconf 80' lang='lat' dir='ltr'>novem</span> <span class='ocrx_word' id='word_1_63' title='bbox 1654 2418 1749 2491; x_wconf 81' lang='lat' dir='ltr'>lanei</span> <span class='ocrx_word' id='word_1_64' title='bbox 1775 2440 1854 2493; x_wconf 85' lang='lat' dir='ltr'>cne-</span> 
     </span>
     <span class='ocr_line' id='line_1_8' title="bbox 309 2526 1854 2633; baseline -0.002 -15"><span class='ocrx_word' id='word_1_65' title='bbox 309 2526 499 2633; x_wconf 78' lang='lat' dir='ltr'>thonnles‚=</span> <span class='ocrx_word' id='word_1_66' title='bbox 511 2540 563 2627; x_wconf 78' lang='lat' dir='ltr'>‚de</span> <span class='ocrx_word' id='word_1_67' title='bbox 589 2540 715 2632; x_wconf 88' lang='lat' dir='ltr'>quibus</span> <span class='ocrx_word' id='word_1_68' title='bbox 742 2540 901 2612; x_wconf 89' lang='lat' dir='ltr'>omnibus</span> <span class='ocrx_word' id='word_1_69' title='bbox 936 2538 1083 2611; x_wconf 84' lang='lat' dir='ltr'>soluitur</span> <span class='ocrx_word' id='word_1_70' title='bbox 1109 2545 1147 2611; x_wconf 89' lang='lat' dir='ltr'>et</span> <span class='ocrx_word' id='word_1_71' title='bbox 1173 2539 1377 2613; x_wconf 86' lang='lat' dir='ltr'>conducitur</span> <span class='ocrx_word' id='word_1_72' title='bbox 1413 2537 1546 2611; x_wconf 85' lang='lat' dir='ltr'>decima</span> <span class='ocrx_word' id='word_1_73' title='bbox 1570 2538 1800 2631; x_wconf 82' lang='lat' dir='ltr'>manipularis</span> <span class='ocrx_word' id='word_1_74' title='bbox 1822 2550 1854 2615; x_wconf 89' lang='lat' dir='ltr'>et</span> 
     </span>
     <span class='ocr_line' id='line_1_9' title="bbox 205 2660 1853 2757; baseline -0.002 -19"><span class='ocrx_word' id='word_1_75' title='bbox 205 2748 208 2753; x_wconf 51' lang='grc'>,</span> <span class='ocrx_word' id='word_1_76' title='bbox 310 2664 488 2757; x_wconf 72' lang='lat' dir='ltr'>panopolis</span> <span class='ocrx_word' id='word_1_77' title='bbox 513 2670 579 2755; x_wconf 85' lang='lat' dir='ltr'>pr&#39;o</span> <span class='ocrx_word' id='word_1_78' title='bbox 605 2660 752 2735; x_wconf 88' lang='lat' dir='ltr'>ccclesia</span> <span class='ocrx_word' id='word_1_79' title='bbox 776 2661 968 2753; x_wconf 80' lang='lat' dir='ltr'>parochiali</span> <span class='ocrx_word' id='word_1_80' title='bbox 999 2660 1036 2731; x_wconf 83' lang='lat' dir='ltr'>iu</span> <span class='ocrx_word' id='word_1_81' title='bbox 1062 2660 1332 2752; x_wconf 74' lang='lat' dir='ltr'>Landzyny,</span> <span class='ocrx_word' id='word_1_82' title='bbox 1368 2664 1406 2733; x_wconf 88' lang='lat' dir='ltr'>et</span> <span class='ocrx_word' id='word_1_83' title='bbox 1429 2660 1529 2733; x_wconf 81' lang='lat' dir='ltr'>valor</span> <span class='ocrx_word' id='word_1_84' title='bbox 1555 2660 1632 2735; x_wconf 83' lang='lat' dir='ltr'>eins</span> <span class='ocrx_word' id='word_1_85' title='bbox 1668 2660 1717 2733; x_wconf 86' lang='lat' dir='ltr'>ad</span> <span class='ocrx_word' id='word_1_86' title='bbox 1742 2662 1853 2753; x_wconf 70' lang='lat' dir='ltr'>vigim</span> 
     </span>
     <span class='ocr_line' id='line_1_10' title="bbox 311 2768 1853 2873; baseline -0.001 -14"><span class='ocrx_word' id='word_1_87' title='bbox 311 2768 447 2859; x_wconf 76' lang='lat' dir='ltr'>marcas</span> <span class='ocrx_word' id='word_1_88' title='bbox 472 2784 687 2857; x_wconf 88' lang='lat' dir='ltr'>aestimatur.</span> <span class='ocrx_word' id='word_1_89' title='bbox 729 2778 819 2855; x_wconf 88' lang='lat' dir='ltr'>Item</span> <span class='ocrx_word' id='word_1_90' title='bbox 845 2786 901 2855; x_wconf 91' lang='lat' dir='ltr'>est</span> <span class='ocrx_word' id='word_1_91' title='bbox 926 2780 976 2854; x_wconf 90' lang='lat' dir='ltr'>ibi</span> <span class='ocrx_word' id='word_1_92' title='bbox 1002 2782 1174 2855; x_wconf 84' lang='lat' dir='ltr'>scoltetia·</span> <span class='ocrx_word' id='word_1_93' title='bbox 1188 2781 1320 2855; x_wconf 85' lang='lat' dir='ltr'>habens</span> <span class='ocrx_word' id='word_1_94' title='bbox 1347 2780 1435 2854; x_wconf 89' lang='lat' dir='ltr'>dnos</span> <span class='ocrx_word' id='word_1_95' title='bbox 1457 2780 1590 2873; x_wconf 69' lang='lat' dir='ltr'>,laneos</span> <span class='ocrx_word' id='word_1_96' title='bbox 1618 2783 1853 2857; x_wconf 82' lang='lat' dir='ltr'>tabernanet</span> 
     </span>
     <span class='ocr_line' id='line_1_11' title="bbox 309 2902 1852 2993; baseline -0.002 -13"><span class='ocrx_word' id='word_1_97' title='bbox 309 2906 534 2980; x_wconf 89' lang='lat' dir='ltr'>hortulanum</span> <span class='ocrx_word' id='word_1_98' title='bbox 568 2902 738 2976; x_wconf 89' lang='lat' dir='ltr'>habentes</span> <span class='ocrx_word' id='word_1_99' title='bbox 772 2903 878 2975; x_wconf 88' lang='lat' dir='ltr'>etiam</span> <span class='ocrx_word' id='word_1_100' title='bbox 904 2923 1023 2993; x_wconf 86' lang='lat' dir='ltr'>agros,</span> <span class='ocrx_word' id='word_1_101' title='bbox 1059 2902 1103 2975; x_wconf 91' lang='lat' dir='ltr'>de</span> <span class='ocrx_word' id='word_1_102' title='bbox 1140 2902 1264 2993; x_wconf 90' lang='lat' dir='ltr'>quibus</span> <span class='ocrx_word' id='word_1_103' title='bbox 1300 2902 1492 2975; x_wconf 84' lang='lat' dir='ltr'>decimatur</span> <span class='ocrx_word' id='word_1_104' title='bbox 1528 2902 1700 2977; x_wconf 86' lang='lat' dir='ltr'>ecclesiae</span> <span class='ocrx_word' id='word_1_105' title='bbox 1737 2905 1772 2977; x_wconf 92' lang='lat' dir='ltr'>in</span> <span class='ocrx_word' id='word_1_106' title='bbox 1796 2904 1852 2979; x_wconf 81' lang='lat' dir='ltr'>Ja-</span> 
     </span>
     <span class='ocr_line' id='line_1_12' title="bbox 312 3022 1353 3117; baseline -0.008 -14"><span class='ocrx_word' id='word_1_107' title='bbox 312 3048 514 3117; x_wconf 83' lang='lat' dir='ltr'>uorano,</span> <span class='ocrx_word' id='word_1_108' title='bbox 540 3024 638 3099; x_wconf 87' lang='lat' dir='ltr'>culus</span> <span class='ocrx_word' id='word_1_109' title='bbox 665 3023 763 3097; x_wconf 83' lang='lat' dir='ltr'>valor</span> <span class='ocrx_word' id='word_1_110' title='bbox 788 3022 835 3096; x_wconf 90' lang='lat' dir='ltr'>ad</span> <span class='ocrx_word' id='word_1_111' title='bbox 861 3024 949 3097; x_wconf 82' lang='lat' dir='ltr'>dnos</span> <span class='ocrx_word' id='word_1_112' title='bbox 974 3044 1110 3097; x_wconf 88' lang='lat' dir='ltr'>marcas</span> <span class='ocrx_word' id='word_1_113' title='bbox 1137 3024 1353 3095; x_wconf 88' lang='lat' dir='ltr'>aestimatur.</span> 
     </span>
    </p>

    <p class='ocr_par' dir='ltr' id='par_1_4' title="bbox 309 3143 1851 3839">
     <span class='ocr_line' id='line_1_13' title="bbox 413 3143 1851 3249; baseline -0.001 -29"><span class='ocrx_word' id='word_1_114' title='bbox 413 3148 719 3236; x_wconf 77' lang='lat' dir='ltr'>Gmszsowrczn,</span> <span class='ocrx_word' id='word_1_115' title='bbox 746 3144 829 3217; x_wconf 83' lang='lat' dir='ltr'>villa</span> <span class='ocrx_word' id='word_1_116' title='bbox 855 3146 920 3219; x_wconf 90' lang='lat' dir='ltr'>snb</span> <span class='ocrx_word' id='word_1_117' title='bbox 937 3146 1106 3249; x_wconf 83' lang='lat' dir='ltr'>parochia</span> <span class='ocrx_word' id='word_1_118' title='bbox 1132 3143 1176 3217; x_wconf 92' lang='lat' dir='ltr'>de</span> <span class='ocrx_word' id='word_1_119' title='bbox 1201 3144 1225 3218; x_wconf 89' lang='lat' dir='ltr'>J</span> <span class='ocrx_word' id='word_1_120' title='bbox 1234 3164 1447 3218; x_wconf 84' lang='lat' dir='ltr'>aworzno</span> <span class='ocrx_word' id='word_1_121' title='bbox 1475 3146 1553 3237; x_wconf 80' lang='lat' dir='ltr'>sita,</span> <span class='ocrx_word' id='word_1_122' title='bbox 1579 3146 1681 3219; x_wconf 91' lang='lat' dir='ltr'>cuius</span> <span class='ocrx_word' id='word_1_123' title='bbox 1709 3148 1851 3239; x_wconf 83' lang='lat' dir='ltr'>propris·</span> 
     </span>
     <span class='ocr_line' id='line_1_14' title="bbox 309 3264 1851 3361; baseline -0.001 -18"><span class='ocrx_word' id='word_1_124' title='bbox 309 3276 364 3343; x_wconf 80' lang='lat' dir='ltr'>tas</span> <span class='ocrx_word' id='word_1_125' title='bbox 389 3290 454 3361; x_wconf 88' lang='lat' dir='ltr'>pro</span> <span class='ocrx_word' id='word_1_126' title='bbox 480 3287 551 3340; x_wconf 91' lang='lat' dir='ltr'>una</span> <span class='ocrx_word' id='word_1_127' title='bbox 576 3264 763 3339; x_wconf 80' lang='lat' dir='ltr'>medietato</span> <span class='ocrx_word' id='word_1_128' title='bbox 789 3267 834 3339; x_wconf 88' lang='lat' dir='ltr'>ad</span> <span class='ocrx_word' id='word_1_129' title='bbox 860 3264 1059 3358; x_wconf 85' lang='lat' dir='ltr'>episcopum</span> <span class='ocrx_word' id='word_1_130' title='bbox 1086 3265 1351 3341; x_wconf 70' lang='lat' dir='ltr'>cracoviensem</span> <span class='ocrx_word' id='word_1_131' title='bbox 1379 3268 1540 3359; x_wconf 71' lang='lat' dir='ltr'>pertinet,</span> <span class='ocrx_word' id='word_1_132' title='bbox 1568 3288 1633 3359; x_wconf 78' lang='lat' dir='ltr'>pro</span> <span class='ocrx_word' id='word_1_133' title='bbox 1651 3268 1766 3341; x_wconf 83' lang='lat' dir='ltr'>altera</span> <span class='ocrx_word' id='word_1_134' title='bbox 1783 3290 1851 3341; x_wconf 81' lang='lat' dir='ltr'>uero</span> 
     </span>
     <span class='ocr_line' id='line_1_15' title="bbox 311 3388 1850 3480; baseline -0.003 -15"><span class='ocrx_word' id='word_1_135' title='bbox 311 3390 496 3465; x_wconf 83' lang='lat' dir='ltr'>medietato</span> <span class='ocrx_word' id='word_1_136' title='bbox 523 3388 569 3461; x_wconf 86' lang='lat' dir='ltr'>ad</span> <span class='ocrx_word' id='word_1_137' title='bbox 593 3389 807 3480; x_wconf 85' lang='lat' dir='ltr'>Stephanum</span> <span class='ocrx_word' id='word_1_138' title='bbox 833 3388 1045 3479; x_wconf 80' lang='lat' dir='ltr'>Pogorsk</span> <span class='ocrx_word' id='word_1_139' title='bbox 1054 3410 1077 3478; x_wconf 86' lang='lat' dir='ltr'>y</span> <span class='ocrx_word' id='word_1_140' title='bbox 1108 3388 1152 3461; x_wconf 89' lang='lat' dir='ltr'>de</span> <span class='ocrx_word' id='word_1_141' title='bbox 1178 3388 1285 3461; x_wconf 88' lang='lat' dir='ltr'>armis</span> <span class='ocrx_word' id='word_1_142' title='bbox 1303 3442 1418 3459; x_wconf 92' lang='grc'><strong>.....</strong></span> <span class='ocrx_word' id='word_1_143' title='bbox 1499 3389 1540 3461; x_wconf 94' lang='lat' dir='ltr'>In</span> <span class='ocrx_word' id='word_1_144' title='bbox 1568 3411 1638 3480; x_wconf 86' lang='lat' dir='ltr'>qua</span> <span class='ocrx_word' id='word_1_145' title='bbox 1665 3396 1750 3463; x_wconf 89' lang='lat' dir='ltr'>sunt</span> <span class='ocrx_word' id='word_1_146' title='bbox 1775 3390 1850 3462; x_wconf 87' lang='lat' dir='ltr'>lanei</span> 
     </span>
     <span class='ocr_line' id='line_1_16' title="bbox 311 3500 1850 3601; baseline -0.002 -14"><span class='ocrx_word' id='word_1_147' title='bbox 311 3512 565 3601; x_wconf 87' lang='lat' dir='ltr'>cmetbonales,</span> <span class='ocrx_word' id='word_1_148' title='bbox 589 3510 675 3583; x_wconf 86' lang='lat' dir='ltr'>item</span> <span class='ocrx_word' id='word_1_149' title='bbox 700 3509 887 3599; x_wconf 85' lang='lat' dir='ltr'>tabernae,</span> <span class='ocrx_word' id='word_1_150' title='bbox 922 3508 1006 3581; x_wconf 91' lang='lat' dir='ltr'>item</span> <span class='ocrx_word' id='word_1_151' title='bbox 1031 3509 1270 3599; x_wconf 68' lang='lat' dir='ltr'>hortulanus,</span> <span class='ocrx_word' id='word_1_152' title='bbox 1306 3509 1350 3581; x_wconf 92' lang='lat' dir='ltr'>dc</span> <span class='ocrx_word' id='word_1_153' title='bbox 1378 3509 1502 3601; x_wconf 89' lang='lat' dir='ltr'>quibus</span> <span class='ocrx_word' id='word_1_154' title='bbox 1530 3510 1693 3583; x_wconf 89' lang='lat' dir='ltr'>omnibus</span> <span class='ocrx_word' id='word_1_155' title='bbox 1720 3500 1850 3584; x_wconf 81' lang='lat' dir='ltr'>solvitur</span> 
     </span>
     <span class='ocr_line' id='line_1_17' title="bbox 311 3608 1849 3724; baseline -0.002 -16"><span class='ocrx_word' id='word_1_156' title='bbox 311 3621 353 3708; x_wconf 71' lang='lat' dir='ltr'>et&#39;</span> <span class='ocrx_word' id='word_1_157' title='bbox 374 3608 579 3707; x_wconf 85' lang='lat' dir='ltr'>conducitur</span> <span class='ocrx_word' id='word_1_158' title='bbox 604 3630 738 3703; x_wconf 80' lang='lat' dir='ltr'>decIma</span> <span class='ocrx_word' id='word_1_159' title='bbox 754 3630 981 3723; x_wconf 86' lang='lat' dir='ltr'>manipularis</span> <span class='ocrx_word' id='word_1_160' title='bbox 1007 3650 1072 3721; x_wconf 88' lang='lat' dir='ltr'>pro</span> <span class='ocrx_word' id='word_1_161' title='bbox 1091 3630 1236 3703; x_wconf 87' lang='lat' dir='ltr'>ccclesia</span> <span class='ocrx_word' id='word_1_162' title='bbox 1262 3630 1298 3702; x_wconf 86' lang='lat' dir='ltr'>iu</span> <span class='ocrx_word' id='word_1_163' title='bbox 1325 3630 1583 3724; x_wconf 82' lang='lat' dir='ltr'>Landziny‚</span> <span class='ocrx_word' id='word_1_164' title='bbox 1611 3638 1648 3705; x_wconf 90' lang='lat' dir='ltr'>et</span> <span class='ocrx_word' id='word_1_165' title='bbox 1666 3616 1768 3705; x_wconf 84' lang='lat' dir='ltr'>valor</span> <span class='ocrx_word' id='word_1_166' title='bbox 1789 3633 1849 3705; x_wconf 88' lang='lat' dir='ltr'>cin</span> 
     </span>
     <span class='ocr_line' id='line_1_18' title="bbox 314 3752 1570 3839; baseline -0.015 -10"><span class='ocrx_word' id='word_1_167' title='bbox 314 3754 518 3829; x_wconf 86' lang='lat' dir='ltr'>aestimator</span> <span class='ocrx_word' id='word_1_168' title='bbox 542 3752 590 3825; x_wconf 85' lang='lat' dir='ltr'>ad</span> <span class='ocrx_word' id='word_1_169' title='bbox 606 3804 722 3825; x_wconf 92' lang='grc'><strong>.....</strong></span> <span class='ocrx_word' id='word_1_170' title='bbox 1566 3828 1570 3839; x_wconf 26' lang='grc'>1</span> 
     </span>
    </p>

    <p class='ocr_par' dir='ltr' id='par_1_5' title="bbox 311 3872 1849 4331">
     <span class='ocr_line' id='line_1_19' title="bbox 415 3872 1849 3967; baseline 0.001 -20"><span class='ocrx_word' id='word_1_171' title='bbox 415 3874 643 3964; x_wconf 77' lang='lat' dir='ltr'>Sozanown,</span> <span class='ocrx_word' id='word_1_172' title='bbox 678 3872 763 3945; x_wconf 88' lang='lat' dir='ltr'>villa</span> <span class='ocrx_word' id='word_1_173' title='bbox 788 3873 853 3946; x_wconf 90' lang='lat' dir='ltr'>sub</span> <span class='ocrx_word' id='word_1_174' title='bbox 879 3872 1046 3965; x_wconf 88' lang='lat' dir='ltr'>parochia</span> <span class='ocrx_word' id='word_1_175' title='bbox 1072 3872 1116 3945; x_wconf 91' lang='lat' dir='ltr'>de</span> <span class='ocrx_word' id='word_1_176' title='bbox 1141 3872 1165 3947; x_wconf 87' lang='lat' dir='ltr'>J</span> <span class='ocrx_word' id='word_1_177' title='bbox 1175 3892 1386 3947; x_wconf 79' lang='lat' dir='ltr'>auorzno</span> <span class='ocrx_word' id='word_1_178' title='bbox 1414 3874 1500 3964; x_wconf 77' lang='lat' dir='ltr'>sila,</span> <span class='ocrx_word' id='word_1_179' title='bbox 1535 3873 1634 3947; x_wconf 90' lang='lat' dir='ltr'>cuius</span> <span class='ocrx_word' id='word_1_180' title='bbox 1665 3878 1849 3967; x_wconf 78' lang='lat' dir='ltr'>proprietas</span> 
     </span>
     <span class='ocr_line' id='line_1_20' title="bbox 312 3993 1849 4097; baseline 0.002 -29"><span class='ocrx_word' id='word_1_181' title='bbox 312 3995 358 4068; x_wconf 89' lang='lat' dir='ltr'>ad</span> <span class='ocrx_word' id='word_1_182' title='bbox 385 3994 642 4069; x_wconf 87' lang='lat' dir='ltr'>serenissimum</span> <span class='ocrx_word' id='word_1_183' title='bbox 668 3993 835 4097; x_wconf 74' lang='lat' dir='ltr'>Poloniap</span> <span class='ocrx_word' id='word_1_184' title='bbox 860 4014 978 4085; x_wconf 76' lang='lat' dir='ltr'>regem</span> <span class='ocrx_word' id='word_1_185' title='bbox 1004 3995 1166 4087; x_wconf 88' lang='lat' dir='ltr'>pertinet</span> <span class='ocrx_word' id='word_1_186' title='bbox 1211 3996 1252 4067; x_wconf 91' lang='lat' dir='ltr'>ln</span> <span class='ocrx_word' id='word_1_187' title='bbox 1279 4014 1349 4087; x_wconf 83' lang='lat' dir='ltr'>qua</span> <span class='ocrx_word' id='word_1_188' title='bbox 1384 4000 1465 4067; x_wconf 86' lang='lat' dir='ltr'>snut</span> <span class='ocrx_word' id='word_1_189' title='bbox 1500 3994 1592 4069; x_wconf 88' lang='lat' dir='ltr'>lanei</span> <span class='ocrx_word' id='word_1_190' title='bbox 1619 3996 1849 4087; x_wconf 67' lang='lat' dir='ltr'>cmethonalas</span> 
     </span>
     <span class='ocr_line' id='line_1_21' title="bbox 311 4110 1849 4211; baseline 0.001 -22"><span class='ocrx_word' id='word_1_191' title='bbox 311 4117 355 4189; x_wconf 91' lang='lat' dir='ltr'>de</span> <span class='ocrx_word' id='word_1_192' title='bbox 381 4116 505 4208; x_wconf 88' lang='lat' dir='ltr'>quibus</span> <span class='ocrx_word' id='word_1_193' title='bbox 520 4116 679 4199; x_wconf 68' lang='lat' dir='ltr'>,soluitur</span> <span class='ocrx_word' id='word_1_194' title='bbox 697 4110 838 4187; x_wconf 77' lang='lat' dir='ltr'>¹decima</span> <span class='ocrx_word' id='word_1_195' title='bbox 863 4116 1054 4207; x_wconf 89' lang='lat' dir='ltr'>pecunialis</span> <span class='ocrx_word' id='word_1_196' title='bbox 1082 4117 1117 4189; x_wconf 91' lang='lat' dir='ltr'>in</span> <span class='ocrx_word' id='word_1_197' title='bbox 1145 4138 1278 4190; x_wconf 91' lang='lat' dir='ltr'>summa</span> <span class='ocrx_word' id='word_1_198' title='bbox 1304 4116 1449 4191; x_wconf 85' lang='lat' dir='ltr'>duarum</span> <span class='ocrx_word' id='word_1_199' title='bbox 1467 4138 1733 4211; x_wconf 77' lang='lat' dir='ltr'>sexagenorum,</span> <span class='ocrx_word' id='word_1_200' title='bbox 1758 4118 1849 4193; x_wconf 85' lang='lat' dir='ltr'>eccle·</span> 
     </span>
     <span class='ocr_line' id='line_1_22' title="bbox 314 4237 1077 4331; baseline 0 -22"><span class='ocrx_word' id='word_1_201' title='bbox 314 4238 387 4310; x_wconf 88' lang='lat' dir='ltr'>siae</span> <span class='ocrx_word' id='word_1_202' title='bbox 413 4242 452 4309; x_wconf 90' lang='lat' dir='ltr'>et</span> <span class='ocrx_word' id='word_1_203' title='bbox 477 4239 552 4311; x_wconf 86' lang='lat' dir='ltr'>eius</span> <span class='ocrx_word' id='word_1_204' title='bbox 579 4238 727 4330; x_wconf 87' lang='lat' dir='ltr'>plebano</span> <span class='ocrx_word' id='word_1_205' title='bbox 753 4238 790 4309; x_wconf 91' lang='lat' dir='ltr'>in</span> <span class='ocrx_word' id='word_1_206' title='bbox 815 4237 1077 4331; x_wconf 83' lang='lat' dir='ltr'>Laudzyny.</span> 
     </span>
    </p>

    <p class='ocr_par' dir='ltr' id='par_1_6' title="bbox 314 4356 1856 4936">
     <span class='ocr_line' id='line_1_23' title="bbox 416 4356 1852 4454; baseline 0.005 -25"><span class='ocrx_word' id='word_1_207' title='bbox 416 4356 566 4449; x_wconf 82' lang='lat' dir='ltr'>Gnnnn,</span> <span class='ocrx_word' id='word_1_208' title='bbox 602 4358 686 4432; x_wconf 89' lang='lat' dir='ltr'>villa</span> <span class='ocrx_word' id='word_1_209' title='bbox 712 4359 776 4431; x_wconf 86' lang='lat' dir='ltr'>snb</span> <span class='ocrx_word' id='word_1_210' title='bbox 803 4358 969 4449; x_wconf 89' lang='lat' dir='ltr'>parochia</span> <span class='ocrx_word' id='word_1_211' title='bbox 994 4359 1039 4431; x_wconf 92' lang='lat' dir='ltr'>de</span> <span class='ocrx_word' id='word_1_212' title='bbox 1065 4358 1317 4452; x_wconf 85' lang='lat' dir='ltr'>Landzyny</span> <span class='ocrx_word' id='word_1_213' title='bbox 1344 4360 1430 4452; x_wconf 88' lang='lat' dir='ltr'>sita,</span> <span class='ocrx_word' id='word_1_214' title='bbox 1467 4361 1564 4441; x_wconf 87' lang='lat' dir='ltr'>cuius</span> <span class='ocrx_word' id='word_1_215' title='bbox 1594 4360 1852 4454; x_wconf 77' lang='lat' dir='ltr'>proprietasad</span> 
     </span>
     <span class='ocr_line' id='line_1_24' title="bbox 314 4476 1852 4575; baseline 0.004 -25"><span class='ocrx_word' id='word_1_216' title='bbox 314 4477 513 4569; x_wconf 88' lang='lat' dir='ltr'>episcopum</span> <span class='ocrx_word' id='word_1_217' title='bbox 538 4476 803 4551; x_wconf 79' lang='lat' dir='ltr'>Gracoviensem</span> <span class='ocrx_word' id='word_1_218' title='bbox 829 4480 991 4569; x_wconf 89' lang='lat' dir='ltr'>pertinet.</span> <span class='ocrx_word' id='word_1_219' title='bbox 1030 4482 1071 4552; x_wconf 93' lang='lat' dir='ltr'>In</span> <span class='ocrx_word' id='word_1_220' title='bbox 1099 4501 1168 4572; x_wconf 90' lang='lat' dir='ltr'>qna</span> <span class='ocrx_word' id='word_1_221' title='bbox 1194 4482 1320 4573; x_wconf 83' lang='lat' dir='ltr'>viginti</span> <span class='ocrx_word' id='word_1_222' title='bbox 1347 4483 1415 4556; x_wconf 92' lang='lat' dir='ltr'>duo</span> <span class='ocrx_word' id='word_1_223' title='bbox 1442 4483 1544 4573; x_wconf 82' lang='lat' dir='ltr'>lanei,</span> <span class='ocrx_word' id='word_1_224' title='bbox 1570 4481 1614 4554; x_wconf 92' lang='lat' dir='ltr'>de</span> <span class='ocrx_word' id='word_1_225' title='bbox 1642 4484 1770 4575; x_wconf 88' lang='lat' dir='ltr'>qnibns</span> <span class='ocrx_word' id='word_1_226' title='bbox 1796 4484 1852 4557; x_wconf 91' lang='lat' dir='ltr'>sol·</span> 
     </span>
     <span class='ocr_line' id='line_1_25' title="bbox 314 4596 1854 4695; baseline 0.005 -25"><span class='ocrx_word' id='word_1_227' title='bbox 314 4598 408 4671; x_wconf 82' lang='lat' dir='ltr'>uitur</span> <span class='ocrx_word' id='word_1_228' title='bbox 433 4596 567 4669; x_wconf 89' lang='lat' dir='ltr'>decima</span> <span class='ocrx_word' id='word_1_229' title='bbox 591 4600 816 4691; x_wconf 88' lang='lat' dir='ltr'>manipularis</span> <span class='ocrx_word' id='word_1_230' title='bbox 843 4605 879 4671; x_wconf 89' lang='lat' dir='ltr'>ct</span> <span class='ocrx_word' id='word_1_231' title='bbox 904 4602 1079 4693; x_wconf 79' lang='lat' dir='ltr'>cenapolis</span> <span class='ocrx_word' id='word_1_232' title='bbox 1106 4622 1170 4693; x_wconf 92' lang='lat' dir='ltr'>pro</span> <span class='ocrx_word' id='word_1_233' title='bbox 1198 4604 1404 4677; x_wconf 88' lang='lat' dir='ltr'>scholastria</span> <span class='ocrx_word' id='word_1_234' title='bbox 1430 4603 1663 4695; x_wconf 82' lang='lat' dir='ltr'>Gracoviensi,</span> <span class='ocrx_word' id='word_1_235' title='bbox 1705 4612 1742 4677; x_wconf 89' lang='lat' dir='ltr'>et</span> <span class='ocrx_word' id='word_1_236' title='bbox 1769 4604 1854 4677; x_wconf 84' lang='lat' dir='ltr'>valor</span> 
     </span>
     <span class='ocr_line' id='line_1_26' title="bbox 314 4717 1856 4811; baseline 0.006 -21"><span class='ocrx_word' id='word_1_237' title='bbox 314 4718 389 4791; x_wconf 88' lang='lat' dir='ltr'>eins</span> <span class='ocrx_word' id='word_1_238' title='bbox 416 4717 622 4789; x_wconf 86' lang='lat' dir='ltr'>aestimatur</span> <span class='ocrx_word' id='word_1_239' title='bbox 648 4719 692 4787; x_wconf 84' lang='lat' dir='ltr'>ad</span> <span class='ocrx_word' id='word_1_240' title='bbox 718 4721 844 4811; x_wconf 87' lang='lat' dir='ltr'>viginti</span> <span class='ocrx_word' id='word_1_241' title='bbox 869 4742 1013 4795; x_wconf 86' lang='lat' dir='ltr'>marcas.</span> <span class='ocrx_word' id='word_1_242' title='bbox 1044 4724 1133 4795; x_wconf 90' lang='lat' dir='ltr'>Item</span> <span class='ocrx_word' id='word_1_243' title='bbox 1161 4725 1360 4797; x_wconf 89' lang='lat' dir='ltr'>cmethoncs</span> <span class='ocrx_word' id='word_1_244' title='bbox 1387 4724 1542 4797; x_wconf 89' lang='lat' dir='ltr'>eiusdem</span> <span class='ocrx_word' id='word_1_245' title='bbox 1568 4724 1674 4799; x_wconf 83' lang='lat' dir='ltr'>villae</span> <span class='ocrx_word' id='word_1_246' title='bbox 1701 4731 1856 4800; x_wconf 84' lang='lat' dir='ltr'>tenentur</span> 
     </span>
     <span class='ocr_line' id='line_1_27' title="bbox 319 4837 1121 4936; baseline 0.01 -27"><span class='ocrx_word' id='word_1_247' title='bbox 319 4838 455 4911; x_wconf 82' lang='lat' dir='ltr'>solvere</span> <span class='ocrx_word' id='word_1_248' title='bbox 481 4860 562 4933; x_wconf 77' lang='lat' dir='ltr'>spap</span> <span class='ocrx_word' id='word_1_249' title='bbox 589 4837 755 4911; x_wconf 90' lang='lat' dir='ltr'>ecclcsiae</span> <span class='ocrx_word' id='word_1_250' title='bbox 780 4842 817 4914; x_wconf 94' lang='lat' dir='ltr'>in</span> <span class='ocrx_word' id='word_1_251' title='bbox 843 4842 874 4915; x_wconf 91' lang='lat' dir='ltr'>L</span> <span class='ocrx_word' id='word_1_252' title='bbox 881 4842 1080 4935; x_wconf 83' lang='lat' dir='ltr'>yendzin</span> <span class='ocrx_word' id='word_1_253' title='bbox 1089 4868 1121 4936; x_wconf 88' lang='lat' dir='ltr'>y.</span> 
     </span>
    </p>

    <p class='ocr_par' dir='ltr' id='par_1_7' title="bbox 313 4958 1862 5185">
     <span class='ocr_line' id='line_1_28' title="bbox 418 4958 1860 5063; baseline 0.01 -34"><span class='ocrx_word' id='word_1_254' title='bbox 418 4958 706 5050; x_wconf 69' lang='lat' dir='ltr'>Pnnnoezrnmc</span> <span class='ocrx_word' id='word_1_255' title='bbox 731 4960 815 5033; x_wconf 86' lang='lat' dir='ltr'>villa</span> <span class='ocrx_word' id='word_1_256' title='bbox 841 4964 904 5035; x_wconf 84' lang='lat' dir='ltr'>sub</span> <span class='ocrx_word' id='word_1_257' title='bbox 932 4965 1098 5056; x_wconf 88' lang='lat' dir='ltr'>parochia</span> <span class='ocrx_word' id='word_1_258' title='bbox 1124 4965 1169 5038; x_wconf 90' lang='lat' dir='ltr'>de</span> <span class='ocrx_word' id='word_1_259' title='bbox 1194 4965 1444 5058; x_wconf 85' lang='lat' dir='ltr'>Landzyny</span> <span class='ocrx_word' id='word_1_260' title='bbox 1470 4967 1553 5057; x_wconf 87' lang='lat' dir='ltr'>sita,</span> <span class='ocrx_word' id='word_1_261' title='bbox 1580 4968 1681 5041; x_wconf 88' lang='lat' dir='ltr'>cuius</span> <span class='ocrx_word' id='word_1_262' title='bbox 1708 4970 1860 5063; x_wconf 84' lang='lat' dir='ltr'>proprie·</span> 
     </span>
     <span class='ocr_line' id='line_1_29' title="bbox 313 5078 1862 5185; baseline 0.01 -36"><span class='ocrx_word' id='word_1_263' title='bbox 313 5082 368 5151; x_wconf 87' lang='lat' dir='ltr'>tas</span> <span class='ocrx_word' id='word_1_264' title='bbox 394 5078 439 5150; x_wconf 87' lang='lat' dir='ltr'>ad</span> <span class='ocrx_word' id='word_1_265' title='bbox 466 5078 588 5151; x_wconf 88' lang='lat' dir='ltr'>ducem</span> <span class='ocrx_word' id='word_1_266' title='bbox 614 5080 918 5153; x_wconf 87' lang='lat' dir='ltr'>Rothiborieusem</span> <span class='ocrx_word' id='word_1_267' title='bbox 945 5087 1106 5174; x_wconf 86' lang='lat' dir='ltr'>pertinet.</span> <span class='ocrx_word' id='word_1_268' title='bbox 1132 5087 1173 5159; x_wconf 93' lang='lat' dir='ltr'>In</span> <span class='ocrx_word' id='word_1_269' title='bbox 1193 5109 1262 5178; x_wconf 87' lang='lat' dir='ltr'>qna</span> <span class='ocrx_word' id='word_1_270' title='bbox 1287 5088 1379 5159; x_wconf 89' lang='lat' dir='ltr'>lanei</span> <span class='ocrx_word' id='word_1_271' title='bbox 1406 5090 1651 5180; x_wconf 78' lang='lat' dir='ltr'>cmethonaleS,</span> <span class='ocrx_word' id='word_1_272' title='bbox 1679 5091 1724 5164; x_wconf 90' lang='lat' dir='ltr'>de</span> <span class='ocrx_word' id='word_1_273' title='bbox 1743 5092 1862 5185; x_wconf 82' lang='lat' dir='ltr'>qnibm</span> 
     </span>
    </p>
   </div>
   <div class='ocr_carea' id='block_1_3' title="bbox 210 5196 1862 5414">
    <p class='ocr_par' dir='ltr' id='par_1_8' title="bbox 210 5196 1862 5414">
     <span class='ocr_line' id='line_1_30' title="bbox 315 5196 1862 5311; baseline 0.01 -42"><span class='ocrx_word' id='word_1_274' title='bbox 315 5196 462 5271; x_wconf 82' lang='lat' dir='ltr'>solvitur</span> <span class='ocrx_word' id='word_1_275' title='bbox 480 5253 594 5270; x_wconf 92' lang='grc'><strong>.....</strong></span> <span class='ocrx_word' id='word_1_276' title='bbox 634 5202 723 5311; x_wconf 84' lang='lat' dir='ltr'>Item</span> <span class='ocrx_word' id='word_1_277' title='bbox 749 5204 949 5277; x_wconf 89' lang='lat' dir='ltr'>cmethones</span> <span class='ocrx_word' id='word_1_278' title='bbox 976 5207 1130 5279; x_wconf 88' lang='lat' dir='ltr'>cinsdem</span> <span class='ocrx_word' id='word_1_279' title='bbox 1157 5207 1260 5281; x_wconf 89' lang='lat' dir='ltr'>villae</span> <span class='ocrx_word' id='word_1_280' title='bbox 1297 5213 1460 5283; x_wconf 90' lang='lat' dir='ltr'>tenentur</span> <span class='ocrx_word' id='word_1_281' title='bbox 1487 5212 1623 5285; x_wconf 83' lang='lat' dir='ltr'>solvere</span> <span class='ocrx_word' id='word_1_282' title='bbox 1648 5234 1733 5308; x_wconf 78' lang='lat' dir='ltr'>syep</span> <span class='ocrx_word' id='word_1_283' title='bbox 1760 5214 1862 5287; x_wconf 89' lang='lat' dir='ltr'>eccle-</span> 
     </span>
     <span class='ocr_line' id='line_1_31' title="bbox 210 5317 760 5414; baseline 0.013 -27"><span class='ocrx_word' id='word_1_284' title='bbox 210 5334 214 5341; x_wconf 91' lang='lat'>·</span> <span class='ocrx_word' id='word_1_285' title='bbox 316 5317 760 5414; x_wconf 83' lang='lat' dir='ltr'>siaeinLyendziny.</span> 
     </span>
    </p>
   </div>
   <div class='ocr_carea' id='block_1_4' title="bbox 417 5569 1868 5789">
    <p class='ocr_par' dir='ltr' id='par_1_9' title="bbox 417 5569 1868 5789">
     <span class='ocr_line' id='line_1_32' title="bbox 1012 5569 1179 5644; baseline 0.024 -4"><span class='ocrx_word' id='word_1_286' title='bbox 1012 5569 1179 5644; x_wconf 82' lang='lat' dir='ltr'>Zarnou.</span> 
     </span>
     <span class='ocr_line' id='line_1_33' title="bbox 417 5680 1868 5789; baseline 0.016 -37"><span class='ocrx_word' id='word_1_287' title='bbox 417 5680 590 5772; x_wconf 90' lang='lat' dir='ltr'>Oppidum</span> <span class='ocrx_word' id='word_1_288' title='bbox 615 5684 749 5758; x_wconf 89' lang='lat' dir='ltr'>habens</span> <span class='ocrx_word' id='word_1_289' title='bbox 775 5686 811 5758; x_wconf 93' lang='lat' dir='ltr'>in</span> <span class='ocrx_word' id='word_1_290' title='bbox 838 5709 876 5760; x_wconf 89' lang='lat' dir='ltr'>se</span> <span class='ocrx_word' id='word_1_291' title='bbox 901 5690 1136 5779; x_wconf 90' lang='lat' dir='ltr'>parochialem</span> <span class='ocrx_word' id='word_1_292' title='bbox 1164 5695 1343 5767; x_wconf 86' lang='lat' dir='ltr'>ecclesiam</span> <span class='ocrx_word' id='word_1_293' title='bbox 1371 5703 1561 5789; x_wconf 85' lang='lat' dir='ltr'>muratam,</span> <span class='ocrx_word' id='word_1_294' title='bbox 1597 5698 1706 5773; x_wconf 86' lang='lat' dir='ltr'>Sanct</span> <span class='ocrx_word' id='word_1_295' title='bbox 1724 5756 1868 5775; x_wconf 92' lang='grc'><strong>......</strong></span> 
     </span>
    </p>
   </div>
   <div class='ocr_carea' id='block_1_5' title="bbox 313 5801 1869 6033">
    <p class='ocr_par' dir='ltr' id='par_1_10' title="bbox 313 5801 1869 6033">
     <span class='ocr_line' id='line_1_34' title="bbox 313 5801 1869 5909; baseline 0.017 -37"><span class='ocrx_word' id='word_1_296' title='bbox 313 5801 472 5892; x_wconf 87' lang='lat' dir='ltr'>dicatam,</span> <span class='ocrx_word' id='word_1_297' title='bbox 499 5803 597 5876; x_wconf 92' lang='lat' dir='ltr'>cuius</span> <span class='ocrx_word' id='word_1_298' title='bbox 623 5806 819 5896; x_wconf 87' lang='lat' dir='ltr'>proprietas</span> <span class='ocrx_word' id='word_1_299' title='bbox 845 5810 997 5899; x_wconf 88' lang='lat' dir='ltr'>pertinet</span> <span class='ocrx_word' id='word_1_300' title='bbox 1022 5812 1066 5883; x_wconf 88' lang='lat' dir='ltr'>ad</span> <span class='ocrx_word' id='word_1_301' title='bbox 1094 5811 1298 5887; x_wconf 79' lang='lat' dir='ltr'>Casimirum</span> <span class='ocrx_word' id='word_1_302' title='bbox 1324 5823 1360 5889; x_wconf 89' lang='lat' dir='ltr'>et</span> <span class='ocrx_word' id='word_1_303' title='bbox 1389 5816 1636 5909; x_wconf 88' lang='lat' dir='ltr'>Vonceslanm‚</span> <span class='ocrx_word' id='word_1_304' title='bbox 1663 5819 1869 5897; x_wconf 75' lang='lat' dir='ltr'>Jerusalem</span> 
     </span>
     <span class='ocr_line' id='line_1_35' title="bbox 313 5920 1869 6033; baseline 0.017 -41"><span class='ocrx_word' id='word_1_305' title='bbox 313 5926 351 5993; x_wconf 90' lang='lat' dir='ltr'>et</span> <span class='ocrx_word' id='word_1_306' title='bbox 376 5920 595 5995; x_wconf 84' lang='lat' dir='ltr'>Vlodislanm</span> <span class='ocrx_word' id='word_1_307' title='bbox 620 5925 726 5999; x_wconf 87' lang='lat' dir='ltr'>duces</span> <span class='ocrx_word' id='word_1_308' title='bbox 752 5927 1008 6003; x_wconf 81' lang='lat' dir='ltr'>ZathorIcnses.</span> <span class='ocrx_word' id='word_1_309' title='bbox 1034 5933 1075 6005; x_wconf 94' lang='lat' dir='ltr'>In</span> <span class='ocrx_word' id='word_1_310' title='bbox 1103 5955 1171 6025; x_wconf 92' lang='lat' dir='ltr'>quo</span> <span class='ocrx_word' id='word_1_311' title='bbox 1197 5943 1279 6009; x_wconf 87' lang='lat' dir='ltr'>sunt</span> <span class='ocrx_word' id='word_1_312' title='bbox 1305 5937 1397 6010; x_wconf 87' lang='lat' dir='ltr'>lanei</span> <span class='ocrx_word' id='word_1_313' title='bbox 1424 5938 1553 6030; x_wconf 84' lang='lat' dir='ltr'>civiles,</span> <span class='ocrx_word' id='word_1_314' title='bbox 1581 5938 1773 6033; x_wconf 89' lang='lat' dir='ltr'>dequibus</span> <span class='ocrx_word' id='word_1_315' title='bbox 1802 5944 1869 6018; x_wconf 90' lang='lat' dir='ltr'>sol·</span> 
     </span>
    </p>
   </div>
   <div class='ocr_carea' id='block_1_6' title="bbox 309 6041 1871 6521">
    <p class='ocr_par' dir='ltr' id='par_1_11' title="bbox 309 6041 1871 6521">
     <span class='ocr_line' id='line_1_36' title="bbox 312 6041 1869 6157; baseline 0.015 -44"><span class='ocrx_word' id='word_1_316' title='bbox 312 6041 407 6114; x_wconf 86' lang='lat' dir='ltr'>ritnr</span> <span class='ocrx_word' id='word_1_317' title='bbox 431 6042 565 6116; x_wconf 89' lang='lat' dir='ltr'>decima</span> <span class='ocrx_word' id='word_1_318' title='bbox 590 6047 816 6139; x_wconf 89' lang='lat' dir='ltr'>manipularis</span> <span class='ocrx_word' id='word_1_319' title='bbox 843 6051 1069 6125; x_wconf 85' lang='lat' dir='ltr'>scholastriae</span> <span class='ocrx_word' id='word_1_320' title='bbox 1097 6053 1326 6130; x_wconf 76' lang='lat' dir='ltr'>cracoviensi.</span> <span class='ocrx_word' id='word_1_321' title='bbox 1352 6058 1542 6133; x_wconf 86' lang='lat' dir='ltr'>Abstracto</span> <span class='ocrx_word' id='word_1_322' title='bbox 1567 6067 1623 6135; x_wconf 87' lang='lat' dir='ltr'>est</span> <span class='ocrx_word' id='word_1_323' title='bbox 1648 6067 1769 6137; x_wconf 84' lang='lat' dir='ltr'>antem</span> <span class='ocrx_word' id='word_1_324' title='bbox 1788 6086 1869 6157; x_wconf 84' lang='lat' dir='ltr'>per-</span> 
     </span>
     <span class='ocr_line' id='line_1_37' title="bbox 312 6161 1869 6275; baseline 0.019 -41"><span class='ocrx_word' id='word_1_325' title='bbox 312 6161 426 6254; x_wconf 84' lang='lat' dir='ltr'>ceptio</span> <span class='ocrx_word' id='word_1_326' title='bbox 453 6162 605 6238; x_wconf 89' lang='lat' dir='ltr'>decimae</span> <span class='ocrx_word' id='word_1_327' title='bbox 632 6168 858 6260; x_wconf 88' lang='lat' dir='ltr'>manipularis</span> <span class='ocrx_word' id='word_1_328' title='bbox 885 6191 907 6242; x_wconf 88' lang='lat' dir='ltr'>a</span> <span class='ocrx_word' id='word_1_329' title='bbox 934 6172 1143 6247; x_wconf 87' lang='lat' dir='ltr'>scholastria</span> <span class='ocrx_word' id='word_1_330' title='bbox 1169 6175 1399 6270; x_wconf 86' lang='lat' dir='ltr'>Gracoviensi,</span> <span class='ocrx_word' id='word_1_331' title='bbox 1427 6186 1464 6253; x_wconf 94' lang='lat' dir='ltr'>et</span> <span class='ocrx_word' id='word_1_332' title='bbox 1490 6181 1556 6255; x_wconf 91' lang='lat' dir='ltr'>soli</span> <span class='ocrx_word' id='word_1_333' title='bbox 1583 6182 1751 6275; x_wconf 88' lang='lat' dir='ltr'>oppidani</span> <span class='ocrx_word' id='word_1_334' title='bbox 1769 6186 1869 6263; x_wconf 77' lang='lat' dir='ltr'>illan</span> 
     </span>
     <span class='ocr_line' id='line_1_38' title="bbox 310 6282 1871 6397; baseline 0.021 -43"><span class='ocrx_word' id='word_1_335' title='bbox 310 6282 507 6373; x_wconf 90' lang='lat' dir='ltr'>percipiunt</span> <span class='ocrx_word' id='word_1_336' title='bbox 532 6287 727 6378; x_wconf 86' lang='lat' dir='ltr'>manipulo,</span> <span class='ocrx_word' id='word_1_337' title='bbox 754 6294 791 6361; x_wconf 95' lang='lat' dir='ltr'>et</span> <span class='ocrx_word' id='word_1_338' title='bbox 817 6293 1014 6365; x_wconf 90' lang='lat' dir='ltr'>summatim</span> <span class='ocrx_word' id='word_1_339' title='bbox 1042 6293 1180 6368; x_wconf 90' lang='lat' dir='ltr'>solvunt</span> <span class='ocrx_word' id='word_1_340' title='bbox 1206 6299 1357 6391; x_wconf 89' lang='lat' dir='ltr'>quinque</span> <span class='ocrx_word' id='word_1_341' title='bbox 1383 6321 1519 6373; x_wconf 88' lang='lat' dir='ltr'>marcas</span> <span class='ocrx_word' id='word_1_342' title='bbox 1546 6303 1698 6383; x_wconf 78' lang='lat' dir='ltr'>laurum</span> <span class='ocrx_word' id='word_1_343' title='bbox 1725 6326 1871 6397; x_wconf 71' lang='lat' dir='ltr'>grosso·</span> 
     </span>
     <span class='ocr_line' id='line_1_39' title="bbox 309 6403 1871 6521; baseline 0.02 -49"><span class='ocrx_word' id='word_1_344' title='bbox 309 6422 387 6474; x_wconf 89' lang='lat' dir='ltr'>rum</span> <span class='ocrx_word' id='word_1_345' title='bbox 412 6403 641 6495; x_wconf 82' lang='lat' dir='ltr'>Progensium</span> <span class='ocrx_word' id='word_1_346' title='bbox 667 6407 883 6483; x_wconf 85' lang='lat' dir='ltr'>scholastico.</span> <span class='ocrx_word' id='word_1_347' title='bbox 926 6412 1015 6485; x_wconf 91' lang='lat' dir='ltr'>Item</span> <span class='ocrx_word' id='word_1_348' title='bbox 1042 6416 1222 6507; x_wconf 89' lang='lat' dir='ltr'>praedium</span> <span class='ocrx_word' id='word_1_349' title='bbox 1249 6426 1303 6493; x_wconf 88' lang='lat' dir='ltr'>est</span> <span class='ocrx_word' id='word_1_350' title='bbox 1329 6420 1396 6512; x_wconf 91' lang='lat' dir='ltr'>ibi,</span> <span class='ocrx_word' id='word_1_351' title='bbox 1433 6421 1526 6513; x_wconf 91' lang='lat' dir='ltr'>qood</span> <span class='ocrx_word' id='word_1_352' title='bbox 1561 6424 1648 6497; x_wconf 86' lang='lat' dir='ltr'>alias</span> <span class='ocrx_word' id='word_1_353' title='bbox 1684 6446 1871 6521; x_wconf 72' lang='lat' dir='ltr'>nunquan</span> 
     </span>
    </p>
   </div>
   <div class='ocr_carea' id='block_1_7' title="bbox 318 6518 1874 6640">
    <p class='ocr_par' dir='ltr' id='par_1_12' title="bbox 318 6518 1874 6640">
     <span class='ocr_line' id='line_1_40' title="bbox 318 6518 1874 6640; baseline 0.022 -46"><span class='ocrx_word' id='word_1_354' title='bbox 318 6518 395 6613; x_wconf 84' lang='lat' dir='ltr'>fuit,</span> <span class='ocrx_word' id='word_1_355' title='bbox 422 6543 486 6615; x_wconf 87' lang='lat' dir='ltr'>per</span> <span class='ocrx_word' id='word_1_356' title='bbox 513 6525 618 6602; x_wconf 85' lang='lat' dir='ltr'>duces</span> <span class='ocrx_word' id='word_1_357' title='bbox 643 6528 782 6605; x_wconf 81' lang='lat' dir='ltr'>noviter</span> <span class='ocrx_word' id='word_1_358' title='bbox 808 6536 962 6609; x_wconf 88' lang='lat' dir='ltr'>erectum</span> <span class='ocrx_word' id='word_1_359' title='bbox 988 6554 1032 6611; x_wconf 82' lang='lat' dir='ltr'>en</span> <span class='ocrx_word' id='word_1_360' title='bbox 1058 6538 1152 6629; x_wconf 81' lang='lat' dir='ltr'>agris</span> <span class='ocrx_word' id='word_1_361' title='bbox 1175 6540 1434 6640; x_wconf 86' lang='lat' dir='ltr'>oppidanorum,</span> <span class='ocrx_word' id='word_1_362' title='bbox 1461 6544 1499 6619; x_wconf 89' lang='lat' dir='ltr'>in</span> <span class='ocrx_word' id='word_1_363' title='bbox 1525 6544 1688 6621; x_wconf 81' lang='lat' dir='ltr'>damnum</span> <span class='ocrx_word' id='word_1_364' title='bbox 1714 6546 1874 6629; x_wconf 79' lang='lat' dir='ltr'>decime</span> 
     </span>
    </p>
   </div>
   <div class='ocr_carea' id='block_1_8' title="bbox 0 0 2104 8340">
    <p class='ocr_par' dir='ltr' id='par_1_13' title="bbox 0 0 2104 8340">
     <span class='ocr_line' id='line_1_41' title="bbox 0 0 2104 8340; baseline 0 0"><span class='ocrx_word' id='word_1_365' title='bbox 0 0 2104 8340; x_wconf 95' lang='lat' dir='ltr'> </span> 
     </span>
    </p>
   </div>
  </div>
 </body>
</html>
