4200 8342
294 1613 368 1685 270

396 1821 741 1909 Baunisuowrczn,
769 1820 852 1891 rilla
870 1822 934 1893 sub
953 1821 1119 1911 parochia
1138 1820 1181 1891 de
1199 1815 1429 1910 Gromnylr
1457 1818 1534 1909 sita,
1561 1818 1658 1890 euius
1685 1817 1843 1909 proprie-

291 1941 692 2034 murmurosorum
721 1942 945 2033 Thynczense
979 1943 1142 2032 pertinet.
1185 1941 1225 2012 In
1253 1962 1322 2033 qua
1355 1945 1438 2012 sunt
1471 1941 1561 2011 lanei
1595 1941 1843 2035 emethouales,

292 2063 335 2135 de
363 2065 487 2154 quibus
514 2064 661 2135 soluitur
688 2064 822 2135 decima
847 2064 1075 2154 manipularis
1101 2070 1138 2134 et
1164 2063 1340 2153 canapalis
1376 2061 1524 2153 plebano
1551 2068 1588 2134 et
1614 2064 1780 2133 ecclesiae
1807 2064 1844 2132 iu

291 2185 711 2276 Oppathhou'pcze,
739 2193 775 2256 et
803 2185 900 2256 ralor
927 2185 1000 2256 eius
1027 2185 1071 2256 ad
1090 2239 1205 2255 .....
1231 2205 1367 2256 mareas
1394 2185 1609 2255 aestimatur.

980 2305 1171 2378 (lnoruru.

397 2426 492 2498 Villa
518 2428 649 2498 habens
667 2427 702 2497 in
723 2447 760 2497 se
778 2428 1008 2517 parochialem
1036 2428 1216 2502 eeclesiam
1243 2428 1402 2518 ligneam,
1429 2426 1557 2498 Sancto
1578 2425 1733 2498 Martiae
1750 2427 1845 2497 dica-

293 2556 383 2638 tam,
419 2549 518 2619 cuius
552 2550 748 2639 proprietas
775 2549 819 2634 ad
846 2550 1094 2622 monasterium
1127 2549 1349 2640 Thynczeuse
1385 2550 1547 2639 pertinet
1591 2547 1631 2618 ln
1659 2570 1728 2639 qua
1762 2555 1845 2619 sunt
1923 2609 1928 2618 .

294 2669 385 2740 lanei
413 2670 665 2760 cmethouales‚
701 2670 744 2740 de
771 2670 896 2762 quibus
924 2670 1074 2743 solvitur
1099 2678 1135 2743 et
1162 2671 1367 2744 conducitur
1394 2670 1527 2740 decima
1553 2649 1781 2759 manipularis
1807 2674 1844 2739 et

297 2791 472 2881 cauapalis
499 2813 563 2881 pro
591 2791 737 2863 ecclesia
763 2793 797 2861 in
825 2790 1238 2883 Oppathkowicze,
1265 2799 1301 2862 et
1327 2792 1426 2864 valor
1451 2792 1526 2863 eius
1553 2797 1608 2862 est
1625 2845 1741 2861 .....

736 2912 882 2984 Wonrn
909 2912 1068 2986 anorus
1096 2915 1184 2996 alias
1211 2913 1419 2986 Trrruown.

399 3033 494 3106 Villa
520 3034 652 3107 habeus
678 3034 911 3124 parochialem
938 3036 1119 3108 ecclesiam
1146 3036 1294 3126 ligneam
1323 3036 1359 3107 in
1385 3055 1433 3125 se,
1460 3034 1587 3107 Saurcto
1602 3033 1747 3105 Nicolao
1765 3053 1846 3104 con·
1920 3061 1924 3068 ·

295 3153 418 3227 sessori
444 3155 604 3246 dicatam
631 3156 728 3228 cuius
755 3157 881 3228 haeres
907 3156 1080 3248 Nanayko
1106 3156 1152 3227 W
1159 3155 1483 3248 yeloglousky
1518 3156 1562 3228 da
1588 3155 1691 3226 domo
1717 3154 1846 3225 Anti·

296 3297 484 3378 quorum
511 3276 752 3368 Equorum.
778 3278 818 3348 ln
838 3299 906 3369 quo
923 3282 1006 3350 sunt
1023 3279 1148 3368 uiginti
1175 3278 1244 3349 duo
1271 3278 1361 3349 lanei
1389 3275 1632 3365 cmethonales,
1658 3275 1845 3365 dequibus

296 3400 455 3494 omnibus
482 3399 629 3471 solvitur
655 3406 691 3471 et
718 3398 920 3470 conducitur
939 3399 1080 3500 ‘decima
1106 3400 1331 3491 manipularis
1354 3405 1390 3470 et
1407 3398 1583 3489 canapalis
1610 3418 1674 3488 pro
1692 3397 1844 3487 capitulo

299 3518 537 3608 Cracovieusi,
573 3529 611 3590 et
645 3520 744 3591 ralor
779 3521 854 3592 eius
889 3522 1096 3592 aestimatur
1130 3520 1175 3591 ad
1201 3521 1396 3611 quindecim
1430 3540 1565 3591 marcas
1600 3525 1637 3589 et
1662 3517 1849 3608 aliquando

298 3640 343 3711 ad
370 3641 512 3730 viginti;
548 3641 629 3711 item
655 3642 818 3731 scoltetia
853 3643 889 3713 in
916 3643 1036 3714 eadem
1064 3643 1148 3715 villa
1178 3642 1311 3714 habens
1347 3642 1434 3713 duos
1470 3642 1587 3712 laneos
1622 3661 1787 3730 agrorum
1813 3646 1848 3708 et

298 3783 402 3832 uuam
430 3763 610 3835 tabernam
638 3763 822 3836 habentem
848 3784 970 3854 agros,
1007 3764 1051 3836 de
1078 3764 1204 3855 quibus
1231 3764 1423 3835 decimatur
1449 3762 1614 3834 ecclesiae
1635 3768 1677 3832 91
1702 3761 1849 3851 plebano

298 3883 335 3956 iu
362 3883 602 3973 Thymena
627 3891 665 3956 et
692 3884 789 3956 valor
815 3886 890 3957 eius
918 3886 1195 3960 aestimatur-ad
1221 3885 1309 3957 duas
1335 3904 1486 3974 marcus3
1513 3884 1596 3955 item
1624 3904 1693 3953 non
1720 3889 1774 3952 est
1800 3880 1849 3952 ibi

298 4005 489 4095 praedium,
515 4026 627 4097 neque
653 4006 896 4079 molendinum.
1648 3988 1650 3991 ⁵

408 4127 679 4219 anvoauoui,
715 4128 798 4201 villa
833 4130 898 4204 sub
925 4130 1092 4220 parochia
1123 4129 1167 4201 de
1202 4129 1444 4222 Thymoua
1477 4127 1566 4218 sita,
1601 4126 1698 4198 cuius
1724 4126 1848 4197 haeres

299 4247 451 4322 Joaunes
487 4249 710 4340 Nauayho
746 4250 790 4322 de
820 4252 922 4323 domo
957 4252 1266 4342 Antiquorum
1302 4241 1628 4354 Equorum'po
1664 4269 1732 4340 qua
1767 4256 1848 4319 suut

299 4370 560 4459 quatuordecim
587 4371 678 4442 lanei
705 4372 948 4443 emethouales:
975 4371 1042 4450 tuit
1058 4373 1164 4444 etiam
1183 4371 1356 4462 quondam
1375 4371 1423 4444 ibi
1442 4361 1619 4456 scultetis,
1646 4369 1707 4442 sed
1725 4369 1849 4440 haeres

301 4511 419 4562 emens
446 4492 648 4582 scultellam,
675 4492 803 4565 locavit
829 4494 970 4585 curiam,
997 4500 1080 4565 sunt
1097 4495 1203 4566 etiam
1230 4494 1281 4566 ibi
1306 4494 1484 4584 tabernae,
1511 4494 1594 4564 item
1622 4491 1851 4578 hortulanum

301 4612 407 4683 etde
435 4613 593 4684 omuibus
620 4613 714 4702 agris
741 4614 938 4686 huiusmodi
972 4620 1042 4685 tam
1071 4615 1344 4687 cmethoualibus
1376 4635 1479 4706 quam
1506 4614 1704 4703 curialibus,
1730 4605 1848 4684 taber-

301 4755 367 4805 nae
394 4740 431 4807 et
457 4734 743 4826 hortulauiarum,
770 4735 916 4808 soluitur
941 4743 979 4808 et
1006 4736 1212 4809 conducitur
1229 4737 1362 4809 decima
1379 4737 1604 4827 manipularis
1624 4741 1660 4805 et
1676 4734 1853 4824 canapalis

301 4878 365 4947 pro
392 4856 543 4948 capitulo
570 4856 800 4948 Cracouiensi,
827 4865 863 4930 et
889 4859 989 4932 valor
1014 4860 1089 4930 eius
1116 4860 1321 4932 aestimatur
1338 4859 1383 4931 ad
1402 4859 1566 4931 tredecim
1594 4878 1737 4930 marcas
1764 4855 1852 4927 Sunt

300 4985 484 5069 praeterea
510 4979 558 5051 ibi
585 4979 692 5070 aliqui
719 4980 796 5071 agri
823 4980 1026 5072 praediales,
1054 4999 1141 5073 quos
1167 4982 1294 5072 partim
1321 4982 1405 5053 colit
1431 4982 1565 5069 haeres,
1605 4980 1733 5069 partim
1761 4998 1853 5049 eme·

301 5100 373 5191 tho,
399 5101 572 5174 aestimati
599 5102 644 5174 ad
671 5102 758 5174 duos
784 5101 919 5193 laneos,
946 5102 990 5173 de
1016 5103 1142 5194 quibus
1169 5103 1363 5176 decimatur
1388 5103 1554 5174 ecclesiae
1580 5107 1617 5171 et
1642 5101 1791 5191 plebano
1817 5101 1853 5170 in

303 5221 559 5312 Thymowa,
586 5230 622 5295 et
650 5224 747 5297 valor
773 5226 848 5297 eius
875 5225 920 5297 ud
947 5226 1033 5298 duas
1060 5239 1195 5298 marcas
1221 5226 1437 5298 aestimatur.
1764 5217 1767 5226 ’

901 5346 1047 5419 Wonrn
1075 5346 1271 5440 Gorrurnn
1409 5393 1411 5398 .

407 5466 501 5545 Villa
526 5467 759 5559 parochialem
786 5468 965 5542 ecclesiam
992 5470 1141 5561 ligneam
1158 5472 1291 5543 habens
1309 5470 1344 5541 in
1364 5490 1410 5561 se,
1438 5468 1585 5541 Sanctae
1603 5466 1737 5540 Mariae
1756 5463 1856 5540 Nati·

304 5592 404 5663 vitati
431 5591 589 5676 dicatam.
616 5591 655 5663 ln
675 5611 744 5682 qua
761 5597 843 5662 sunt
860 5593 1122 5683 quatuordecim
1148 5593 1240 5665 lanei
1268 5593 1511 5682 emethonales,
1538 5592 1583 5664 de
1601 5575 1727 5683 quibus
1745 5592 1855 5661 omni·

303 5714 368 5786 bus
404 5712 550 5786 solvitur
585 5719 621 5785 et
656 5714 860 5786 conducitur
895 5715 1027 5787 decima
1061 5715 1288 5807 manipularis
1324 5721 1360 5786 et
1392 5714 1567 5805 canapalis
1602 5734 1667 5803 pro
1703 5713 1855 5802 capitulo

304 5837 536 5926 Craeovieusi3
565 5838 661 5907 cuius
687 5835 786 5910 valor
812 5838 856 5908 ad
884 5838 1064 5909 duodecim
1091 5839 1293 5909 aestimatur
1316 5858 1460 5908 marcas.
1487 5834 1601 5908 Villae
1620 5841 1735 5906 antem
1754 5854 1856 5924 prae-

303 5957 395 6029 fatae
431 5960 555 6030 haeres
592 5965 645 6030 est
680 5959 850 6050 Nanaylro
885 5958 1292 6051 Wyelyoglowshy
1329 5959 1373 6030 de
1404 5959 1506 6029 domo
1541 5957 1855 6047 Antiquorum

304 6078 553 6171 Equorum,
588 6086 625 6151 et
650 6082 771 6153 unicus
807 6082 842 6151 in
879 6079 1254 6172 (iothprzydowa
1289 6085 1475 6172 patronus:
1511 6080 1595 6151 itero
1618 6097 1693 6151 non
1726 6082 1781 6148 est
1808 6077 1856 6147 ibi

304 6202 483 6291 praedium
511 6202 679 6291 militare,
715 6203 776 6274 sed
803 6210 858 6275 est
884 6203 1051 6278 scoltetus
1087 6203 1220 6275 habens
1247 6204 1333 6275 duos
1369 6203 1509 6294 laneos,
1544 6221 1647 6273 unam
1675 6199 1858 6272 tabernam

305 6331 346 6394 91
367 6324 610 6411 hortulaniam,
636 6324 679 6395 de
707 6325 832 6415 quihus
860 6326 1026 6397 decimam
1054 6309 1303 6415 manipularem
1330 6326 1435 6396 solvit
1462 6324 1628 6396 ecclesiae
1655 6324 1691 6394 in
1717 6320 1857 6393 Goth·
1933 6342 1935 6346 ·

302 6465 330 6534 p
341 6447 572 6536 rzydowa‚
600 6446 696 6518 cuius
716 6447 814 6519 rator
831 6447 876 6519 ad
893 6448 986 6519 duas
997 6469 1133 6520 marcas
1151 6448 1363 6520 aestimatur.
1390 6445 1477 6517 item
1495 6445 1641 6517 ecclesia
1658 6425 1697 6544 in¹
1712 6442 1858 6548 ¹(loth-

307 6567 553 6655 przydowa
578 6568 685 6640 hahet
710 6569 759 6641 ibi
785 6589 890 6659 agros
916 6574 953 6641 et
979 6575 1092 6661 prata,
1117 6589 1182 6659 pro
1205 6591 1269 6642 999
1294 6569 1503 6640 necessitate
1529 6573 1567 6638 et
1592 6557 1748 6657 praediti·
1772 6563 1858 6638 11919
