4200 8342
310 1618 381 1697 lta

301 1828 463 1920 nrzescdae,
491 1825 534 1900 de
562 1822 715 1919 quolibet
741 1821 842 1898 laneo
870 1816 1078 1897 cmetl'ronali
1114 1844 1176 1915 per
1195 1877 1408 1894 ........
1413 1770 1616 1921 'mensuras
1643 1818 1794 1914 siliginis
1819 1826 1852 1894 et

303 1972 392 2043 per.
412 1986 446 2022 .·.
468 2006 475 2020 .
495 2005 529 2020 ..
556 1969 695 2022 avenae.

407 2072 639 2161 carcanus,
679 2069 763 2142 villa
789 2071 853 2141 sub
880 2068 1047 2160 parochia
1073 2067 1238 2141 ecclesiae
1273 2068 1316 2140 de
1351 2066 1602 2141 Krolewlra
1634 2058 1724 2157 sita,
1760 2064 1853 2137 cuins

304 2193 408 2263 etiam
435 2191 631 2282 proprietas
659 2174 703 2261 ad
722 2190 978 2262 serenissimum
997 2188 1163 2261 Poloniae
1186 2209 1302 2279 regem
1329 2189 1491 2279 pertinet
1513 2188 1558 2259 -In
1577 2208 1646 2279 qua
1663 2192 1749 2259 sunt
1766 2186 1855 2259 lanei

304 2308 547 2399 emethonales,
574 2309 617 2379 de
645 2309 770 2398 qubus
797 2309 955 2380 omnibus
982 2308 1131 2380 solvitur
1158 2308 1291 2378 decima
1316 2307 1506 2397 pecunialis
1533 2306 1697 2405 episcopo
1731 2303 1854 2375 Gracc-

302 2430 423 2503 viensi.
449 2429 538 2501 Item
565 2430 710 2500 ecclesia
736 2434 774 2500 et
799 2429 967 2518 plebanus
993 2428 1102 2499 habet
1128 2428 1177 2501 ibi
1204 2428 1339 2499 ratione
1365 2424 1527 2515 massolaco,
1553 2424 1752 2517 aqualibet
1768 2444 1855 2495 eme

304 2552 410 2622 thone
437 2550 479 2622 de
506 2550 607 2621 laneo
634 2571 697 2639 per
716 2604 829 2620 .....
857 2570 1037 2621 mensuras
1065 2548 1212 2639 siliginis
1239 2554 1276 2620 et
1302 2568 1365 2641 per
1384 2601 1499 2619 .....
1525 2545 1657 2620 arenae
1676 2600 1793 2618 .....

955 2670 1208 2741 Tazszcznnn.
1224 2728 1226 2733 .

408 2791 503 2864 Villa
528 2791 660 2863 habens
687 2776 878 2862 ecclesiast
886 2791 1118 2881 parochialem
1146 2791 1298 2881 ligneam
1315 2792 1352 2861 in
1371 2810 1417 2880 se,
1445 2788 1571 2862 Sancto
1591 2844 1598 2860 .
1617 2844 1625 2860 .
1644 2842 1653 2860 .
1672 2844 1680 2859 .
1698 2788 1858 2877 dicatam,

305 2916 401 2986 cuius
427 2913 625 3004 proprietas
652 2912 697 2983 ad
723 2913 971 2984 monasterium
997 2911 1149 2985 eiusdem
1176 2901 1243 2983 loci
1269 2912 1306 2983 in
1333 2910 1600 2983 Trzsczana
1624 2911 1791 3002 pertinet.
1818 2909 1857 2979 In

306 3057 375 3125 qua
408 3039 491 3107 sunt
526 3033 618 3104 lanei
654 3032 905 3123 cmethonales‚
941 3033 1024 3102 item
1050 3033 1236 3122 tabernae,
1272 3033 1355 3102 item
1387 3031 1623 3122 hortulaniae,
1660 3030 1857 3121 dequibus

306 3156 463 3226 omnibus
478 3153 624 3237 solsitur
651 3159 687 3225 et
714 3154 918 3226 conducitur
945 3154 1079 3225 decima
1104 3153 1329 3243 manipularis
1357 3159 1393 3225 et
1420 3154 1620 3243 canapalis.
1640 3154 1783 3224 ..Item
1810 3151 1859 3223 ibi

225 3276 228 3287 '
306 3276 486 3367 praedium
521 3276 654 3346 habens
690 3295 793 3364 agros
820 3281 856 3345 et
881 3280 1002 3364 prata,
1029 3274 1073 3346 de
1100 3295 1167 3365 quo
1195 3274 1381 3364 ipsummet
1407 3274 1653 3347 monasterium
1688 3274 1859 3355 declinam

305 3396 464 3488 percipit.

410 3516 588 3605 annwn,
615 3515 698 3587 villa
724 3516 788 3586 sub
816 3514 981 3605 parochia
1008 3514 1050 3586 de
1079 3514 1283 3587 Trczana
1310 3515 1386 3606 sita7
1414 3516 1510 3587 cuius
1527 3515 1652 3586 haeres
1678 3513 1860 3587 Iohannes

306 3636 561 3727 Rdzawsky
588 3635 631 3709 de
659 3636 760 3706 domo
779 3690 974 3706 ........
1001 3636 1042 3706 In
1070 3658 1139 3727 qua
1165 3642 1300 3727 septem
1326 3637 1427 3726 lanei,
1455 3637 1537 3707 item
1564 3636 1747 3725 tabernac,
1775 3636 1859 3708 item

306 3758 493 3847 hortulani,
520 3757 563 3828 de
591 3757 715 3846 quibus
743 3756 901 3827 omnibus
928 3757 1076 3828 solvitur
1102 3763 1139 3828 et
1161 3757 1364 3829 conducitur
1391 3758 1524 3828 decima
1549 3756 1777 3847 manipularis
1793 3776 1860 3847 pro

307 3878 409 3949 altari
437 3877 553 3949 Sancti
581 3877 725 3948 Antonii
753 3878 787 3948 in
816 3878 960 3949 eccelesia
987 3874 1231 3970 cracoviensi,
1265 3879 1362 3949 cuius
1390 3879 1489 3951 valor
1515 3878 1559 3950 ad
1587 3883 1738 3968 quatuor
1765 3898 1859 3949 mar-

308 4019 366 4070 cas
392 4001 607 4071 aestimatur.
633 3998 720 4069 Item
748 4000 796 4070 ibi
822 3998 1002 4088 praedium
1029 3999 1194 4089 militare,
1221 3999 1265 4070 dc
1292 4001 1388 4070 cuins
1416 4001 1510 4090 agris
1538 3999 1732 4086 decimatur
1758 4018 1861 4089 prae-

306 4121 421 4211 posito
448 4141 509 4191 seu
536 4120 683 4210 plebano
710 4120 747 4189 in
775 4118 999 4209 Trczana,
1027 4126 1064 4190 et
1090 4120 1188 4191 valor
1214 4121 1289 4192 (iius
1316 4122 1520 4192 aestimatur
1546 4119 1696 4199 adduas
1714 4140 1860 4193 marcas

409 4240 612 4330 Kamous,
640 4241 726 4311 alias
754 4238 975 4331 0ssrrmwn,
1002 4241 1086 4312 villa
1111 4243 1176 4312 sub
1204 4241 1369 4331 parochia
1395 4240 1439 4313 de
1466 4240 1724 4332 Trczyana,
1760 4242 1860 4313 cuius

306 4361 431 4430 haeres
458 4359 621 4431 Urbanus
647 4360 805 4448 Lapka
840 4362 883 4431 de
911 4360 1011 4432 domo
1037 4361 1265 4452 Druzyna
1305 4361 1346 4433 In
1372 4382 1441 4452 qua
1471 4359 1626 4444 sedecem
1653 4361 1746 4433 lanei
1769 4380 1860 4439 crue·¹

307 4480 475 4569 thonalos,
511 4480 553 4550 de
581 4482 705 4570 quibus
732 4480 880 4552 solvitur
906 4488 943 4552 et
969 4482 1173 4554 conducitur
1208 4483 1340 4553 decima
1367 4482 1592 4572 manipularis
1618 4488 1655 4553 et
1681 4482 1859 4573 canapalis

307 4621 371 4689 pro
400 4600 503 4670 altari
539 4599 658 4671 Sancti
684 4599 829 4671 Antonii
857 4603 893 4672 in
919 4603 1065 4675 ecclesia
1092 4601 1331 4694 Croconiensi,
1358 4611 1394 4676 et
1422 4603 1521 4676 valor
1551 4604 1626 4675 eius
1654 4604 1860 4675 aestimatur

309 4722 352 4791 ad
381 4725 457 4792 octo
484 4741 629 4791 marcas.
655 4721 742 4792 Item
770 4743 838 4793 non
865 4726 1008 4795 suntin
1036 4724 1155 4796 eadem
1183 4722 1266 4796 villa
1292 4728 1468 4817 tabernae,
1494 4748 1562 4797 non
1591 4733 1673 4797 sunt
1701 4724 1858 4797 hortula-

308 4843 396 4931 niao,
423 4862 534 4932 neque
562 4843 804 4915 molendinum.
847 4843 934 4914 Item
962 4845 1139 4935 praefatus
1166 4843 1329 4918 Urbanus
1360 4847 1484 4918 haeres
1512 4832 1676 4935 onagris
1704 4846 1859 4917 cmetho·

309 4985 388 5034 rrum
416 4964 593 5053 praedium
622 4965 688 5035 sibi
716 4965 906 5058 constituit,
943 4967 1048 5038 solvit
1074 4974 1191 5039 tannen
1219 4968 1385 5039 decimam
1412 4989 1476 5058 pro
1503 4968 1606 5039 altari
1633 4966 1795 5056 praelato
1822 4969 1857 5037 in

305 5081 528 5177 qoaytlrwom.

956 5208 1203 5283 Mrsnnrnczs.
1833 5272 1836 5277 .

411 5322 583 5414 Oppidum
617 5326 749 5397 habens
784 5328 820 5397 in
847 5349 884 5398 se
911 5331 1143 5419 parochialem
1181 5330 1378 5421 ecclesian,
1413 5350 1476 5421 per
1512 5331 1668 5403 consules
1704 5337 1741 5403 et
1767 5332 1860 5411 cives

307 5440 571 5517 Mislimicenses
607 5466 695 5517 auno
730 5448 869 5517 Domini
909 5451 1005 5521 1465
1043 5452 1158 5541 lapide
1193 5457 1381 5540 muratam,
1400 5520 1403 5525 ,
1419 5458 1454 5523 et
1486 5452 1674 5525 Nativitati
1710 5452 1860 5525 Sanctae

307 5563 630 5657 Mariacrdicatann
658 5568 753 5639 cuins
780 5569 947 5660 plebanus
974 5578 1009 5642 et
1026 5578 1144 5644 rector
1169 5569 1347 5659 Jolrannes
1374 5572 1417 5644 de
1439 5574 1615 5664 Srzem;
1651 5575 1749 5646 cuius
1777 5588 1869 5665 prd-¹

305 5687 439 5775 pristas
474 5693 510 5759 et
533 5686 723 5761 dominium
748 5691 794 5761 ad
821 5693 1082 5764 castellanetam
1120 5692 1383 5777 cracoviensem
1409 5697 1571 5786 pertinet
1610 5695 1651 5767 In
1678 5717 1747 5787 quo
1773 5702 1862 5791 sunt

306 5806 399 5895 lanei
433 5806 700 5900 oppidanorum,
745 5811 788 5882 de
822 5813 946 5903 quibus
978 5816 1137 5906 ominbus
1173 5812 1326 5886 solvitur·
1356 5815 1490 5887 decima
1520 5817 1719 5907 pecunialis.
1771 5817 1863 5889 Item

306 5926 414 6023 habet
437 5928 607 6019 plebanus
623 5992 626 6001 .
641 5932 678 6007 in
703 5933 884 6023 praedicto
911 5935 1038 6025 oppido
1065 5936 1153 6009 duos
1182 5936 1302 6009 laneos
1329 5956 1501 6027 agrorum.
1540 5937 1630 6009 ltem
1656 5958 1726 6009 non
1755 5939 1863 6011 habet

157 6098 175 6133 .
306 6046 410 6135 prata
434 6070 546 6141 neque
571 6052 751 6145 piscinas.¹
773 6055 859 6124 Item
886 6060 940 6125 cst
967 6056 1014 6125 ibi
1041 6055 1225 6131 advocatia
1250 6058 1382 6129 habens
1409 6056 1499 6129 latos
1525 6062 1665 6153 campos
1692 6064 1728 6129 et
1746 6066 1863 6149 prata

307 6166 493 6258 dequibus
519 6176 558 6255 et
570 6170 616 6253 de
634 6175 728 6261 agris
756 6175 938 6247 solvuntur
956 6176 1111 6266 quolibet
1129 6198 1219 6249 anno
1238 6177 1402 6249 amesiae
1421 6184 1467 6253 a
1483 6176 1631 6268 plebano
1659 6180 1695 6250 in
1714 6178 1863 6261 Mysii-
1893 6230 1895 6235 -

305 6287 429 6360 micze
455 6310 519 6379 pro
538 6290 670 6362 decIma
688 6300 761 6363 tres
780 6316 926 6367 mamae.
970 6295 1056 6366 Item
1075 6298 1222 6387 quilibet
1240 6298 1432 6388 oppidanus
1448 6299 1578 6389 hospes
1604 6306 1722 6372 taneta¹

306 6408 811 6505 plebeum-lipislimicze
839 6416 1014 6513 appuntin
1041 6438 1341 6509 unum-grossum,
1367 6416 1558 6510 inquimus
1576 6421 1707 6495 median

308 6528 416 6601 habet
433 6510 638 6647 ms
674 6533 709 6604 in
739 6492 1024 6659 &adolff
1061 6540 1130 6611 tria
1169 6561 1202 6608 m
1242 6541 1369 6631 endipa
1402 6542 1437 6611 in
1473 6540 1613 6655 llQ
1628 6540 1691 6633 2th

1611 6946 1624 6969 .

1579 7004 1631 7089 :ap

1869 6644 1901 6707 -a
