<?xml version="1.0" encoding="UTF-8"?>
<!DOCTYPE html PUBLIC "-//W3C//DTD XHTML 1.0 Transitional//EN"
    "http://www.w3.org/TR/xhtml1/DTD/xhtml1-transitional.dtd">
<html xmlns="http://www.w3.org/1999/xhtml" xml:lang="en" lang="en">
 <head>
  <title>
</title>
<meta http-equiv="Content-Type" content="text/html;charset=utf-8" />
  <meta name='ocr-system' content='tesseract 3.04.00' />
  <meta name='ocr-capabilities' content='ocr_page ocr_carea ocr_par ocr_line ocrx_word'/>
</head>
<body>
  <div class='ocr_page' id='page_1' title='image "./joannisdugoszse01dugoog_0083.png"; bbox 0 0 4200 8342; ppageno 0'>
   <div class='ocr_carea' id='block_1_1' title="bbox 1763 1633 1811 1703">
    <p class='ocr_par' dir='ltr' id='par_1_1' title="bbox 1763 1633 1811 1703">
     <span class='ocr_line' id='line_1_1' title="bbox 1763 1633 1811 1703; baseline -0.021 0"><span class='ocrx_word' id='word_1_1' title='bbox 1763 1633 1811 1703; x_wconf 83' lang='lat'>59</span> 
     </span>
    </p>
   </div>
   <div class='ocr_carea' id='block_1_2' title="bbox 261 1810 1815 1928">
    <p class='ocr_par' dir='ltr' id='par_1_2' title="bbox 261 1810 1815 1928">
     <span class='ocr_line' id='line_1_2' title="bbox 261 1810 1815 1928; baseline 0.004 -25"><span class='ocrx_word' id='word_1_2' title='bbox 261 1833 305 1904; x_wconf 91' lang='lat' dir='ltr'>de</span> <span class='ocrx_word' id='word_1_3' title='bbox 332 1832 458 1923; x_wconf 91' lang='lat' dir='ltr'>quibus</span> <span class='ocrx_word' id='word_1_4' title='bbox 485 1833 644 1904; x_wconf 90' lang='lat' dir='ltr'>omnibus</span> <span class='ocrx_word' id='word_1_5' title='bbox 679 1833 827 1904; x_wconf 89' lang='lat' dir='ltr'>solvitur</span> <span class='ocrx_word' id='word_1_6' title='bbox 847 1839 889 1904; x_wconf 84' lang='lat' dir='ltr'>&#39;et</span> <span class='ocrx_word' id='word_1_7' title='bbox 916 1834 1121 1906; x_wconf 83' lang='lat' dir='ltr'>conducitur</span> <span class='ocrx_word' id='word_1_8' title='bbox 1156 1835 1290 1906; x_wconf 92' lang='lat' dir='ltr'>decima</span> <span class='ocrx_word' id='word_1_9' title='bbox 1324 1810 1550 1924; x_wconf 83' lang='lat' dir='ltr'>manipularis</span> <span class='ocrx_word' id='word_1_10' title='bbox 1576 1841 1613 1906; x_wconf 91' lang='lat' dir='ltr'>et</span> <span class='ocrx_word' id='word_1_11' title='bbox 1640 1838 1815 1928; x_wconf 90' lang='lat' dir='ltr'>canapalis</span> 
     </span>
    </p>
   </div>
   <div class='ocr_carea' id='block_1_3' title="bbox 260 1952 1947 2050">
    <p class='ocr_par' dir='ltr' id='par_1_3' title="bbox 260 1952 1947 2050">
     <span class='ocr_line' id='line_1_3' title="bbox 260 1952 1947 2050; baseline 0.004 -26"><span class='ocrx_word' id='word_1_12' title='bbox 260 1952 427 2025; x_wconf 91' lang='lat' dir='ltr'>ecclesiae</span> <span class='ocrx_word' id='word_1_13' title='bbox 463 1959 499 2025; x_wconf 94' lang='lat' dir='ltr'>et</span> <span class='ocrx_word' id='word_1_14' title='bbox 521 1954 669 2045; x_wconf 79' lang='lat' dir='ltr'><strong>plebano</strong></span> <span class='ocrx_word' id='word_1_15' title='bbox 696 1954 733 2026; x_wconf 92' lang='lat' dir='ltr'>in</span> <span class='ocrx_word' id='word_1_16' title='bbox 770 1954 1198 2046; x_wconf 83' lang='lat' dir='ltr'>Racziborowicze,</span> <span class='ocrx_word' id='word_1_17' title='bbox 1234 1963 1270 2027; x_wconf 87' lang='lat' dir='ltr'>ct</span> <span class='ocrx_word' id='word_1_18' title='bbox 1296 1956 1394 2029; x_wconf 83' lang='lat' dir='ltr'>valor</span> <span class='ocrx_word' id='word_1_19' title='bbox 1432 1957 1506 2028; x_wconf 86' lang='lat' dir='ltr'>eius</span> <span class='ocrx_word' id='word_1_20' title='bbox 1538 1956 1744 2050; x_wconf 87' lang='lat' dir='ltr'>aestimatur</span> <span class='ocrx_word' id='word_1_21' title='bbox 1770 1959 1814 2029; x_wconf 90' lang='lat' dir='ltr'>ad</span> <span class='ocrx_word' id='word_1_22' title='bbox 1945 1985 1947 1989; x_wconf 59' lang='grc'>’</span> 
     </span>
    </p>
   </div>
   <div class='ocr_carea' id='block_1_4' title="bbox 251 2072 1813 4449">
    <p class='ocr_par' dir='ltr' id='par_1_4' title="bbox 251 2072 1813 4449">
     <span class='ocr_line' id='line_1_4' title="bbox 261 2072 1756 2166; baseline 0.003 -21"><span class='ocrx_word' id='word_1_23' title='bbox 261 2072 444 2145; x_wconf 83' lang='lat' dir='ltr'>duodecim</span> <span class='ocrx_word' id='word_1_24' title='bbox 470 2093 615 2145; x_wconf 89' lang='lat' dir='ltr'>marcas.</span> <span class='ocrx_word' id='word_1_25' title='bbox 641 2074 730 2146; x_wconf 92' lang='lat' dir='ltr'>Item</span> <span class='ocrx_word' id='word_1_26' title='bbox 756 2095 826 2147; x_wconf 92' lang='lat' dir='ltr'>non</span> <span class='ocrx_word' id='word_1_27' title='bbox 853 2079 907 2146; x_wconf 92' lang='lat' dir='ltr'>est</span> <span class='ocrx_word' id='word_1_28' title='bbox 933 2076 982 2146; x_wconf 93' lang='lat' dir='ltr'>ibi</span> <span class='ocrx_word' id='word_1_29' title='bbox 1008 2076 1204 2166; x_wconf 83' lang='lat' dir='ltr'>praedium,</span> <span class='ocrx_word' id='word_1_30' title='bbox 1226 2077 1310 2148; x_wconf 90' lang='lat' dir='ltr'>item</span> <span class='ocrx_word' id='word_1_31' title='bbox 1337 2077 1570 2149; x_wconf 82' lang='lat' dir='ltr'>molendinum</span> <span class='ocrx_word' id='word_1_32' title='bbox 1597 2100 1666 2150; x_wconf 93' lang='lat' dir='ltr'>non</span> <span class='ocrx_word' id='word_1_33' title='bbox 1694 2085 1756 2150; x_wconf 90' lang='lat' dir='ltr'>est.</span> 
     </span>
     <span class='ocr_line' id='line_1_5' title="bbox 365 2194 1813 2288; baseline 0.007 -26"><span class='ocrx_word' id='word_1_34' title='bbox 365 2194 694 2285; x_wconf 82' lang='lat' dir='ltr'>Wrcronowrcza,</span> <span class='ocrx_word' id='word_1_35' title='bbox 730 2195 814 2266; x_wconf 88' lang='lat' dir='ltr'>villa</span> <span class='ocrx_word' id='word_1_36' title='bbox 839 2195 903 2267; x_wconf 90' lang='lat' dir='ltr'>sub</span> <span class='ocrx_word' id='word_1_37' title='bbox 930 2197 1096 2288; x_wconf 90' lang='lat' dir='ltr'>parocbia</span> <span class='ocrx_word' id='word_1_38' title='bbox 1131 2197 1296 2269; x_wconf 90' lang='lat' dir='ltr'>ecclesiae</span> <span class='ocrx_word' id='word_1_39' title='bbox 1323 2197 1366 2269; x_wconf 92' lang='lat' dir='ltr'>de</span> <span class='ocrx_word' id='word_1_40' title='bbox 1401 2197 1813 2272; x_wconf 82' lang='lat' dir='ltr'>Racziborouicze</span> 
     </span>
     <span class='ocr_line' id='line_1_6' title="bbox 260 2315 1812 2414; baseline 0.003 -26"><span class='ocrx_word' id='word_1_41' title='bbox 260 2318 339 2406; x_wconf 88' lang='lat' dir='ltr'>sita,</span> <span class='ocrx_word' id='word_1_42' title='bbox 366 2316 465 2387; x_wconf 91' lang='lat' dir='ltr'>cuins</span> <span class='ocrx_word' id='word_1_43' title='bbox 491 2316 688 2406; x_wconf 79' lang='lat' dir='ltr'>proprietas</span> <span class='ocrx_word' id='word_1_44' title='bbox 715 2316 760 2388; x_wconf 92' lang='lat' dir='ltr'>ad</span> <span class='ocrx_word' id='word_1_45' title='bbox 788 2315 948 2389; x_wconf 87' lang='lat' dir='ltr'>abbatem</span> <span class='ocrx_word' id='word_1_46' title='bbox 976 2323 1011 2388; x_wconf 90' lang='lat' dir='ltr'>et</span> <span class='ocrx_word' id='word_1_47' title='bbox 1037 2319 1283 2399; x_wconf 87' lang='lat' dir='ltr'>monasterium</span> <span class='ocrx_word' id='word_1_48' title='bbox 1310 2317 1558 2414; x_wconf 85' lang='lat' dir='ltr'>deMogyla</span> <span class='ocrx_word' id='word_1_49' title='bbox 1582 2321 1749 2410; x_wconf 88' lang='lat' dir='ltr'>pertinet,</span> <span class='ocrx_word' id='word_1_50' title='bbox 1776 2322 1812 2392; x_wconf 93' lang='lat' dir='ltr'>in</span> 
     </span>
     <span class='ocr_line' id='line_1_7' title="bbox 261 2438 1812 2531; baseline 0.003 -23"><span class='ocrx_word' id='word_1_51' title='bbox 261 2457 331 2528; x_wconf 88' lang='lat' dir='ltr'>qua</span> <span class='ocrx_word' id='word_1_52' title='bbox 358 2442 439 2508; x_wconf 89' lang='lat' dir='ltr'>sunt</span> <span class='ocrx_word' id='word_1_53' title='bbox 465 2438 567 2508; x_wconf 91' lang='lat' dir='ltr'>lanei·</span> <span class='ocrx_word' id='word_1_54' title='bbox 583 2438 827 2528; x_wconf 79' lang='lat' dir='ltr'>amathonales,</span> <span class='ocrx_word' id='word_1_55' title='bbox 847 2439 1113 2529; x_wconf 77' lang='lat' dir='ltr'>item·taberna,</span> <span class='ocrx_word' id='word_1_56' title='bbox 1125 2497 1127 2501; x_wconf 91' lang='lat'><em>.</em></span> <span class='ocrx_word' id='word_1_57' title='bbox 1141 2441 1224 2511; x_wconf 91' lang='lat' dir='ltr'>item</span> <span class='ocrx_word' id='word_1_58' title='bbox 1243 2439 1470 2529; x_wconf 90' lang='lat' dir='ltr'>hortulaniae,</span> <span class='ocrx_word' id='word_1_59' title='bbox 1498 2440 1540 2511; x_wconf 93' lang='lat' dir='ltr'>de</span> <span class='ocrx_word' id='word_1_60' title='bbox 1559 2441 1684 2531; x_wconf 86' lang='lat' dir='ltr'>quibus</span> <span class='ocrx_word' id='word_1_61' title='bbox 1703 2441 1812 2513; x_wconf 92' lang='lat' dir='ltr'>omni-</span> 
     </span>
     <span class='ocr_line' id='line_1_8' title="bbox 259 2556 1812 2651; baseline 0.001 -21"><span class='ocrx_word' id='word_1_62' title='bbox 259 2559 326 2630; x_wconf 90' lang='lat' dir='ltr'>bns</span> <span class='ocrx_word' id='word_1_63' title='bbox 362 2556 512 2629; x_wconf 82' lang='lat' dir='ltr'>solvitur</span> <span class='ocrx_word' id='word_1_64' title='bbox 547 2562 584 2628; x_wconf 89' lang='lat' dir='ltr'>et</span> <span class='ocrx_word' id='word_1_65' title='bbox 608 2558 813 2630; x_wconf 81' lang='lat' dir='ltr'>conducitur</span> <span class='ocrx_word' id='word_1_66' title='bbox 848 2558 981 2630; x_wconf 92' lang='lat' dir='ltr'>decima</span> <span class='ocrx_word' id='word_1_67' title='bbox 1015 2560 1241 2651; x_wconf 91' lang='lat' dir='ltr'>manipularis</span> <span class='ocrx_word' id='word_1_68' title='bbox 1276 2565 1312 2630; x_wconf 94' lang='lat' dir='ltr'>et</span> <span class='ocrx_word' id='word_1_69' title='bbox 1338 2560 1514 2650; x_wconf 88' lang='lat' dir='ltr'>canapalis</span> <span class='ocrx_word' id='word_1_70' title='bbox 1547 2581 1611 2651; x_wconf 90' lang='lat' dir='ltr'>pro</span> <span class='ocrx_word' id='word_1_71' title='bbox 1647 2560 1812 2632; x_wconf 85' lang='lat' dir='ltr'>ecclesiae</span> 
     </span>
     <span class='ocr_line' id='line_1_9' title="bbox 260 2678 1656 2771; baseline 0.002 -20"><span class='ocrx_word' id='word_1_72' title='bbox 260 2678 501 2751; x_wconf 86' lang='lat' dir='ltr'>Gracoviensis</span> <span class='ocrx_word' id='word_1_73' title='bbox 528 2679 739 2769; x_wconf 89' lang='lat' dir='ltr'>episcopatu,</span> <span class='ocrx_word' id='word_1_74' title='bbox 766 2684 802 2751; x_wconf 93' lang='lat' dir='ltr'>et</span> <span class='ocrx_word' id='word_1_75' title='bbox 827 2680 926 2752; x_wconf 82' lang='lat' dir='ltr'>valor</span> <span class='ocrx_word' id='word_1_76' title='bbox 952 2680 1029 2753; x_wconf 89' lang='lat' dir='ltr'>eius</span> <span class='ocrx_word' id='word_1_77' title='bbox 1054 2682 1256 2753; x_wconf 89' lang='lat' dir='ltr'>aestimatur</span> <span class='ocrx_word' id='word_1_78' title='bbox 1281 2681 1328 2753; x_wconf 91' lang='lat' dir='ltr'>ad</span> <span class='ocrx_word' id='word_1_79' title='bbox 1353 2685 1486 2771; x_wconf 83' lang='lat' dir='ltr'>septem</span> <span class='ocrx_word' id='word_1_80' title='bbox 1511 2701 1656 2764; x_wconf 72' lang='lat' dir='ltr'>marcas,</span> 
     </span>
     <span class='ocr_line' id='line_1_10' title="bbox 364 2800 1810 2894; baseline 0.003 -25"><span class='ocrx_word' id='word_1_81' title='bbox 364 2800 679 2890; x_wconf 77' lang='lat' dir='ltr'>anrsnnwrczn,</span> <span class='ocrx_word' id='word_1_82' title='bbox 706 2800 789 2871; x_wconf 84' lang='lat' dir='ltr'>uilla</span> <span class='ocrx_word' id='word_1_83' title='bbox 811 2801 875 2874; x_wconf 92' lang='lat' dir='ltr'>sub</span> <span class='ocrx_word' id='word_1_84' title='bbox 893 2802 1060 2891; x_wconf 91' lang='lat' dir='ltr'>parochia</span> <span class='ocrx_word' id='word_1_85' title='bbox 1082 2802 1126 2873; x_wconf 93' lang='lat' dir='ltr'>de</span> <span class='ocrx_word' id='word_1_86' title='bbox 1152 2801 1581 2894; x_wconf 79' lang='lat' dir='ltr'>Raczyborouycze</span> <span class='ocrx_word' id='word_1_87' title='bbox 1608 2801 1686 2894; x_wconf 82' lang='lat' dir='ltr'>sita,</span> <span class='ocrx_word' id='word_1_88' title='bbox 1713 2804 1810 2887; x_wconf 86' lang='lat' dir='ltr'>cuius</span> 
     </span>
     <span class='ocr_line' id='line_1_11' title="bbox 259 2920 1811 3015; baseline 0.002 -24"><span class='ocrx_word' id='word_1_89' title='bbox 259 2921 457 3013; x_wconf 76' lang='lat' dir='ltr'>proprietas</span> <span class='ocrx_word' id='word_1_90' title='bbox 486 2920 530 2993; x_wconf 91' lang='lat' dir='ltr'>ad</span> <span class='ocrx_word' id='word_1_91' title='bbox 557 2921 804 2993; x_wconf 86' lang='lat' dir='ltr'>monasterium</span> <span class='ocrx_word' id='word_1_92' title='bbox 839 2921 882 2993; x_wconf 96' lang='lat' dir='ltr'>de</span> <span class='ocrx_word' id='word_1_93' title='bbox 909 2921 1098 3015; x_wconf 80' lang='lat' dir='ltr'>Mogyla</span> <span class='ocrx_word' id='word_1_94' title='bbox 1131 2923 1302 3014; x_wconf 86' lang='lat' dir='ltr'>pertinet,</span> <span class='ocrx_word' id='word_1_95' title='bbox 1338 2923 1374 2993; x_wconf 92' lang='lat' dir='ltr'>in</span> <span class='ocrx_word' id='word_1_96' title='bbox 1401 2942 1470 3014; x_wconf 91' lang='lat' dir='ltr'>qua</span> <span class='ocrx_word' id='word_1_97' title='bbox 1493 2944 1574 2995; x_wconf 45' lang='lat' dir='ltr'>&gt;non</span> <span class='ocrx_word' id='word_1_98' title='bbox 1602 2929 1685 2995; x_wconf 90' lang='lat' dir='ltr'>sunt</span> <span class='ocrx_word' id='word_1_99' title='bbox 1719 2924 1811 2994; x_wconf 90' lang='lat' dir='ltr'>lanei</span> 
     </span>
     <span class='ocr_line' id='line_1_12' title="bbox 260 3028 1811 3135; baseline 0.001 -21"><span class='ocrx_word' id='word_1_100' title='bbox 260 3043 368 3133; x_wconf 88' lang='lat' dir='ltr'>aliqui</span> <span class='ocrx_word' id='word_1_101' title='bbox 395 3042 587 3114; x_wconf 88' lang='lat' dir='ltr'>mensurati</span> <span class='ocrx_word' id='word_1_102' title='bbox 614 3028 849 3133; x_wconf 74' lang='lat' dir='ltr'>methonam,</span> <span class='ocrx_word' id='word_1_103' title='bbox 885 3042 947 3115; x_wconf 88' lang='lat' dir='ltr'>sed</span> <span class='ocrx_word' id='word_1_104' title='bbox 974 3049 1055 3125; x_wconf 87' lang='lat' dir='ltr'>sunt</span> <span class='ocrx_word' id='word_1_105' title='bbox 1079 3042 1317 3117; x_wconf 90' lang='lat' dir='ltr'>tantummodo</span> <span class='ocrx_word' id='word_1_106' title='bbox 1344 3042 1462 3116; x_wconf 90' lang='lat' dir='ltr'>decem</span> <span class='ocrx_word' id='word_1_107' title='bbox 1488 3045 1722 3135; x_wconf 89' lang='lat' dir='ltr'>hortulaniae,</span> <span class='ocrx_word' id='word_1_108' title='bbox 1747 3044 1811 3115; x_wconf 92' lang='lat' dir='ltr'>ha-</span> 
     </span>
     <span class='ocr_line' id='line_1_13' title="bbox 259 3163 1810 3256; baseline 0.001 -21"><span class='ocrx_word' id='word_1_109' title='bbox 259 3164 384 3235; x_wconf 85' lang='lat' dir='ltr'>bentes</span> <span class='ocrx_word' id='word_1_110' title='bbox 411 3183 524 3253; x_wconf 84' lang='lat' dir='ltr'>agros,</span> <span class='ocrx_word' id='word_1_111' title='bbox 551 3163 635 3234; x_wconf 87' lang='lat' dir='ltr'>item</span> <span class='ocrx_word' id='word_1_112' title='bbox 662 3169 716 3236; x_wconf 93' lang='lat' dir='ltr'>est</span> <span class='ocrx_word' id='word_1_113' title='bbox 742 3184 811 3234; x_wconf 92' lang='lat' dir='ltr'>una</span> <span class='ocrx_word' id='word_1_114' title='bbox 836 3165 991 3254; x_wconf 88' lang='lat' dir='ltr'>taberna,</span> <span class='ocrx_word' id='word_1_115' title='bbox 1018 3165 1150 3238; x_wconf 90' lang='lat' dir='ltr'>habens</span> <span class='ocrx_word' id='word_1_116' title='bbox 1177 3185 1279 3256; x_wconf 79' lang='lat' dir='ltr'>agros</span> <span class='ocrx_word' id='word_1_117' title='bbox 1305 3168 1342 3236; x_wconf 91' lang='lat' dir='ltr'>et</span> <span class='ocrx_word' id='word_1_118' title='bbox 1368 3165 1507 3237; x_wconf 82' lang='lat' dir='ltr'>solvens</span> <span class='ocrx_word' id='word_1_119' title='bbox 1532 3185 1690 3256; x_wconf 85' lang='lat' dir='ltr'>censum,</span> <span class='ocrx_word' id='word_1_120' title='bbox 1726 3165 1810 3237; x_wconf 91' lang='lat' dir='ltr'>item</span> 
     </span>
     <span class='ocr_line' id='line_1_14' title="bbox 258 3282 1810 3376; baseline 0.001 -21"><span class='ocrx_word' id='word_1_121' title='bbox 258 3284 441 3376; x_wconf 86' lang='lat' dir='ltr'>praedium</span> <span class='ocrx_word' id='word_1_122' title='bbox 468 3290 523 3355; x_wconf 88' lang='lat' dir='ltr'>est</span> <span class='ocrx_word' id='word_1_123' title='bbox 549 3282 599 3356; x_wconf 77' lang='lat' dir='ltr'>rbi</span> <span class='ocrx_word' id='word_1_124' title='bbox 625 3285 826 3358; x_wconf 86' lang='lat' dir='ltr'>coenobiale</span> <span class='ocrx_word' id='word_1_125' title='bbox 861 3285 1007 3376; x_wconf 91' lang='lat' dir='ltr'>bonum,</span> <span class='ocrx_word' id='word_1_126' title='bbox 1044 3291 1081 3358; x_wconf 96' lang='lat' dir='ltr'>et</span> <span class='ocrx_word' id='word_1_127' title='bbox 1107 3286 1150 3357; x_wconf 97' lang='lat' dir='ltr'>de</span> <span class='ocrx_word' id='word_1_128' title='bbox 1177 3286 1335 3363; x_wconf 85' lang='lat' dir='ltr'>omnibns</span> <span class='ocrx_word' id='word_1_129' title='bbox 1370 3285 1518 3357; x_wconf 81' lang='lat' dir='ltr'>solvitur</span> <span class='ocrx_word' id='word_1_130' title='bbox 1543 3290 1580 3357; x_wconf 90' lang='lat' dir='ltr'>et</span> <span class='ocrx_word' id='word_1_131' title='bbox 1605 3284 1810 3363; x_wconf 89' lang='lat' dir='ltr'>conducitur</span> 
     </span>
     <span class='ocr_line' id='line_1_15' title="bbox 258 3405 1806 3498; baseline 0.001 -21"><span class='ocrx_word' id='word_1_132' title='bbox 258 3405 394 3478; x_wconf 89' lang='lat' dir='ltr'>decima</span> <span class='ocrx_word' id='word_1_133' title='bbox 420 3405 646 3496; x_wconf 81' lang='lat' dir='ltr'>manipularis</span> <span class='ocrx_word' id='word_1_134' title='bbox 673 3412 709 3478; x_wconf 91' lang='lat' dir='ltr'>et</span> <span class='ocrx_word' id='word_1_135' title='bbox 736 3407 914 3498; x_wconf 90' lang='lat' dir='ltr'>canapalis</span> <span class='ocrx_word' id='word_1_136' title='bbox 945 3428 1013 3498; x_wconf 91' lang='lat' dir='ltr'>pro</span> <span class='ocrx_word' id='word_1_137' title='bbox 1040 3407 1187 3480; x_wconf 90' lang='lat' dir='ltr'>ecclesia</span> <span class='ocrx_word' id='word_1_138' title='bbox 1221 3407 1268 3477; x_wconf 92' lang='lat' dir='ltr'>in.</span> <span class='ocrx_word' id='word_1_139' title='bbox 1283 3406 1730 3498; x_wconf 83' lang='lat' dir='ltr'>Raczyborouycze‚</span> <span class='ocrx_word' id='word_1_140' title='bbox 1769 3411 1806 3480; x_wconf 94' lang='lat' dir='ltr'>et</span> 
     </span>
     <span class='ocr_line' id='line_1_16' title="bbox 258 3524 1686 3618; baseline 0.001 -20"><span class='ocrx_word' id='word_1_141' title='bbox 258 3527 358 3598; x_wconf 83' lang='lat' dir='ltr'>valor</span> <span class='ocrx_word' id='word_1_142' title='bbox 385 3527 591 3598; x_wconf 85' lang='lat' dir='ltr'>aestimatur</span> <span class='ocrx_word' id='word_1_143' title='bbox 614 3524 668 3598; x_wconf 91' lang='lat' dir='ltr'>ad·</span> <span class='ocrx_word' id='word_1_144' title='bbox 685 3527 808 3618; x_wconf 83' lang='lat' dir='ltr'>uiginti</span> <span class='ocrx_word' id='word_1_145' title='bbox 834 3547 978 3610; x_wconf 85' lang='lat' dir='ltr'>marcas.</span> <span class='ocrx_word' id='word_1_146' title='bbox 1684 3554 1686 3561; x_wconf 94' lang='lat'>·</span> 
     </span>
     <span class='ocr_line' id='line_1_17' title="bbox 251 3647 1808 3741; baseline 0.001 -23"><span class='ocrx_word' id='word_1_147' title='bbox 251 3727 255 3738; x_wconf 31' lang='lat' dir='ltr'><em>s</em></span> <span class='ocrx_word' id='word_1_148' title='bbox 362 3648 683 3739; x_wconf 78' lang='lat' dir='ltr'>Dznuanowrczn,</span> <span class='ocrx_word' id='word_1_149' title='bbox 710 3648 793 3720; x_wconf 86' lang='lat' dir='ltr'>villa</span> <span class='ocrx_word' id='word_1_150' title='bbox 812 3648 1066 3740; x_wconf 89' lang='lat' dir='ltr'>subparochia.</span> <span class='ocrx_word' id='word_1_151' title='bbox 1086 3648 1130 3721; x_wconf 93' lang='lat' dir='ltr'>de</span> <span class='ocrx_word' id='word_1_152' title='bbox 1155 3647 1581 3741; x_wconf 84' lang='lat' dir='ltr'>Raczyborowicze</span> <span class='ocrx_word' id='word_1_153' title='bbox 1607 3648 1683 3738; x_wconf 83' lang='lat' dir='ltr'>sita,</span> <span class='ocrx_word' id='word_1_154' title='bbox 1710 3648 1808 3721; x_wconf 90' lang='lat' dir='ltr'>cuius</span> 
     </span>
     <span class='ocr_line' id='line_1_18' title="bbox 258 3767 1808 3861; baseline 0.001 -21"><span class='ocrx_word' id='word_1_155' title='bbox 258 3770 456 3861; x_wconf 89' lang='lat' dir='ltr'>proprietas</span> <span class='ocrx_word' id='word_1_156' title='bbox 483 3768 528 3840; x_wconf 90' lang='lat' dir='ltr'>ad</span> <span class='ocrx_word' id='word_1_157' title='bbox 556 3770 745 3861; x_wconf 90' lang='lat' dir='ltr'>capitulum</span> <span class='ocrx_word' id='word_1_158' title='bbox 763 3768 994 3842; x_wconf 85' lang='lat' dir='ltr'>Cracoviense</span> <span class='ocrx_word' id='word_1_159' title='bbox 1020 3771 1182 3861; x_wconf 86' lang='lat' dir='ltr'>pertinet,</span> <span class='ocrx_word' id='word_1_160' title='bbox 1209 3770 1246 3859; x_wconf 90' lang='lat' dir='ltr'>in</span> <span class='ocrx_word' id='word_1_161' title='bbox 1264 3790 1333 3861; x_wconf 91' lang='lat' dir='ltr'>qua</span> <span class='ocrx_word' id='word_1_162' title='bbox 1349 3767 1432 3842; x_wconf 91' lang='lat' dir='ltr'>sunt</span> <span class='ocrx_word' id='word_1_163' title='bbox 1449 3775 1582 3860; x_wconf 90' lang='lat' dir='ltr'>septem</span> <span class='ocrx_word' id='word_1_164' title='bbox 1600 3790 1678 3841; x_wconf 92' lang='lat' dir='ltr'>cum</span> <span class='ocrx_word' id='word_1_165' title='bbox 1694 3768 1808 3841; x_wconf 87' lang='lat' dir='ltr'>medio</span> 
     </span>
     <span class='ocr_line' id='line_1_19' title="bbox 258 3890 1809 3982; baseline -0.001 -19"><span class='ocrx_word' id='word_1_166' title='bbox 258 3892 350 3963; x_wconf 90' lang='lat' dir='ltr'>lanei</span> <span class='ocrx_word' id='word_1_167' title='bbox 378 3891 623 3982; x_wconf 87' lang='lat' dir='ltr'>cmethonales,</span> <span class='ocrx_word' id='word_1_168' title='bbox 646 3893 731 3964; x_wconf 90' lang='lat' dir='ltr'>item</span> <span class='ocrx_word' id='word_1_169' title='bbox 757 3906 828 3964; x_wconf 89' lang='lat' dir='ltr'>una</span> <span class='ocrx_word' id='word_1_170' title='bbox 853 3891 1000 3965; x_wconf 86' lang='lat' dir='ltr'>taberna</span> <span class='ocrx_word' id='word_1_171' title='bbox 1018 3897 1055 3963; x_wconf 91' lang='lat' dir='ltr'>et</span> <span class='ocrx_word' id='word_1_172' title='bbox 1072 3898 1146 3964; x_wconf 89' lang='lat' dir='ltr'>tres</span> <span class='ocrx_word' id='word_1_173' title='bbox 1172 3891 1403 3981; x_wconf 86' lang='lat' dir='ltr'>hortulaniae,</span> <span class='ocrx_word' id='word_1_174' title='bbox 1428 3891 1597 3963; x_wconf 91' lang='lat' dir='ltr'>habentes</span> <span class='ocrx_word' id='word_1_175' title='bbox 1624 3912 1738 3981; x_wconf 81' lang='lat' dir='ltr'>agros,</span> <span class='ocrx_word' id='word_1_176' title='bbox 1765 3890 1809 3962; x_wconf 91' lang='lat' dir='ltr'>de</span> 
     </span>
     <span class='ocr_line' id='line_1_20' title="bbox 259 4011 1808 4104; baseline -0.001 -20"><span class='ocrx_word' id='word_1_177' title='bbox 259 4013 384 4104; x_wconf 90' lang='lat' dir='ltr'>quibus</span> <span class='ocrx_word' id='word_1_178' title='bbox 412 4013 570 4084; x_wconf 91' lang='lat' dir='ltr'>omnibus</span> <span class='ocrx_word' id='word_1_179' title='bbox 598 4012 746 4085; x_wconf 87' lang='lat' dir='ltr'>solvitur</span> <span class='ocrx_word' id='word_1_180' title='bbox 771 4019 808 4085; x_wconf 92' lang='lat' dir='ltr'>et</span> <span class='ocrx_word' id='word_1_181' title='bbox 834 4011 1038 4085; x_wconf 90' lang='lat' dir='ltr'>conducitur</span> <span class='ocrx_word' id='word_1_182' title='bbox 1069 4012 1202 4084; x_wconf 86' lang='lat' dir='ltr'>decima</span> <span class='ocrx_word' id='word_1_183' title='bbox 1227 4011 1454 4103; x_wconf 86' lang='lat' dir='ltr'>manipularis</span> <span class='ocrx_word' id='word_1_184' title='bbox 1481 4018 1518 4083; x_wconf 91' lang='lat' dir='ltr'>et</span> <span class='ocrx_word' id='word_1_185' title='bbox 1543 4011 1718 4101; x_wconf 91' lang='lat' dir='ltr'>canapalis</span> <span class='ocrx_word' id='word_1_186' title='bbox 1745 4032 1808 4101; x_wconf 91' lang='lat' dir='ltr'>pro</span> 
     </span>
     <span class='ocr_line' id='line_1_21' title="bbox 257 4131 1809 4225; baseline -0.001 -21"><span class='ocrx_word' id='word_1_187' title='bbox 257 4133 456 4225; x_wconf 89' lang='lat' dir='ltr'>praebenda</span> <span class='ocrx_word' id='word_1_188' title='bbox 483 4131 722 4225; x_wconf 82' lang='lat' dir='ltr'>Gracoviensi,</span> <span class='ocrx_word' id='word_1_189' title='bbox 742 4154 830 4225; x_wconf 89' lang='lat' dir='ltr'>qnae</span> <span class='ocrx_word' id='word_1_190' title='bbox 858 4139 1002 4206; x_wconf 86' lang='lat' dir='ltr'>vocatur</span> <span class='ocrx_word' id='word_1_191' title='bbox 1028 4131 1320 4224; x_wconf 79' lang='lat' dir='ltr'>Wangrzeczska,</span> <span class='ocrx_word' id='word_1_192' title='bbox 1347 4138 1384 4205; x_wconf 85' lang='lat' dir='ltr'>et</span> <span class='ocrx_word' id='word_1_193' title='bbox 1408 4132 1508 4205; x_wconf 87' lang='lat' dir='ltr'>valor</span> <span class='ocrx_word' id='word_1_194' title='bbox 1534 4133 1737 4204; x_wconf 89' lang='lat' dir='ltr'>aestimatur</span> <span class='ocrx_word' id='word_1_195' title='bbox 1763 4131 1809 4203; x_wconf 93' lang='lat' dir='ltr'>ad</span> 
     </span>
     <span class='ocr_line' id='line_1_22' title="bbox 258 4252 1809 4347; baseline -0.001 -20"><span class='ocrx_word' id='word_1_196' title='bbox 258 4255 384 4347; x_wconf 85' lang='lat' dir='ltr'>viginti</span> <span class='ocrx_word' id='word_1_197' title='bbox 410 4274 555 4326; x_wconf 89' lang='lat' dir='ltr'>marcas.</span> <span class='ocrx_word' id='word_1_198' title='bbox 580 4255 669 4328; x_wconf 89' lang='lat' dir='ltr'>Item</span> <span class='ocrx_word' id='word_1_199' title='bbox 697 4255 877 4346; x_wconf 89' lang='lat' dir='ltr'>praedium</span> <span class='ocrx_word' id='word_1_200' title='bbox 891 4260 959 4327; x_wconf 88' lang='lat' dir='ltr'>-est</span> <span class='ocrx_word' id='word_1_201' title='bbox 972 4255 1032 4327; x_wconf 88' lang='lat' dir='ltr'>ibi</span> <span class='ocrx_word' id='word_1_202' title='bbox 1059 4252 1261 4347; x_wconf 74' lang='lat' dir='ltr'>capitulare,</span> <span class='ocrx_word' id='word_1_203' title='bbox 1288 4254 1332 4331; x_wconf 94' lang='lat' dir='ltr'>de</span> <span class='ocrx_word' id='word_1_204' title='bbox 1358 4254 1462 4326; x_wconf 78' lang='lat' dir='ltr'>cuius·</span> <span class='ocrx_word' id='word_1_205' title='bbox 1481 4253 1575 4344; x_wconf 83' lang='lat' dir='ltr'>agris</span> <span class='ocrx_word' id='word_1_206' title='bbox 1601 4274 1672 4326; x_wconf 93' lang='lat' dir='ltr'>non</span> <span class='ocrx_word' id='word_1_207' title='bbox 1704 4253 1809 4325; x_wconf 82' lang='lat' dir='ltr'>solvit</span> 
     </span>
     <span class='ocr_line' id='line_1_23' title="bbox 259 4372 1345 4449; baseline 0.001 0"><span class='ocrx_word' id='word_1_208' title='bbox 259 4378 360 4449; x_wconf 81' lang='lat' dir='ltr'>aliam</span> <span class='ocrx_word' id='word_1_209' title='bbox 388 4377 565 4449; x_wconf 89' lang='lat' dir='ltr'>decimam.</span> <span class='ocrx_word' id='word_1_210' title='bbox 676 4401 678 4407; x_wconf 91' lang='lat'>·</span> <span class='ocrx_word' id='word_1_211' title='bbox 797 4372 825 4398; x_wconf 78' lang='grc'>·’</span> <span class='ocrx_word' id='word_1_212' title='bbox 1258 4396 1289 4405; x_wconf 91' lang='grc'>··</span> <span class='ocrx_word' id='word_1_213' title='bbox 1343 4386 1345 4391; x_wconf 85' lang='grc'><strong>’</strong></span> 
     </span>
    </p>
   </div>
   <div class='ocr_carea' id='block_1_5' title="bbox 257 4484 1841 5194">
    <p class='ocr_par' dir='ltr' id='par_1_5' title="bbox 257 4484 1841 5194">
     <span class='ocr_line' id='line_1_24' title="bbox 361 4484 1808 4588; baseline 0 -20"><span class='ocrx_word' id='word_1_214' title='bbox 361 4488 621 4588; x_wconf 72' lang='lat' dir='ltr'>Wsuonnczn,</span> <span class='ocrx_word' id='word_1_215' title='bbox 641 4497 739 4569; x_wconf 51' lang='lat' dir='ltr'>¹¹villa</span> <span class='ocrx_word' id='word_1_216' title='bbox 769 4492 834 4570; x_wconf 90' lang='lat' dir='ltr'>sub</span> <span class='ocrx_word' id='word_1_217' title='bbox 860 4498 1027 4588; x_wconf 89' lang='lat' dir='ltr'>parochia</span> <span class='ocrx_word' id='word_1_218' title='bbox 1060 4498 1105 4570; x_wconf 94' lang='lat' dir='ltr'>de</span> <span class='ocrx_word' id='word_1_219' title='bbox 1130 4486 1554 4588; x_wconf 80' lang='lat' dir='ltr'>Racziborouycze</span> <span class='ocrx_word' id='word_1_220' title='bbox 1590 4484 1680 4585; x_wconf 78' lang='lat' dir='ltr'>sita,¹</span> <span class='ocrx_word' id='word_1_221' title='bbox 1710 4496 1808 4568; x_wconf 89' lang='lat' dir='ltr'>cuins</span> 
     </span>
     <span class='ocr_line' id='line_1_25' title="bbox 259 4615 1807 4710; baseline -0.002 -20"><span class='ocrx_word' id='word_1_222' title='bbox 259 4619 455 4710; x_wconf 88' lang='lat' dir='ltr'>proprietas</span> <span class='ocrx_word' id='word_1_223' title='bbox 482 4618 595 4691; x_wconf 87' lang='lat' dir='ltr'>divisa</span> <span class='ocrx_word' id='word_1_224' title='bbox 621 4623 689 4709; x_wconf 83' lang='lat' dir='ltr'>est3</span> <span class='ocrx_word' id='word_1_225' title='bbox 724 4638 804 4690; x_wconf 87' lang='lat' dir='ltr'>narn</span> <span class='ocrx_word' id='word_1_226' title='bbox 830 4626 937 4695; x_wconf 83' lang='lat' dir='ltr'>unam</span> <span class='ocrx_word' id='word_1_227' title='bbox 961 4624 1097 4710; x_wconf 91' lang='lat' dir='ltr'>partem</span> <span class='ocrx_word' id='word_1_228' title='bbox 1124 4619 1271 4691; x_wconf 90' lang='lat' dir='ltr'>mediam</span> <span class='ocrx_word' id='word_1_229' title='bbox 1298 4623 1395 4705; x_wconf 87' lang='lat' dir='ltr'>tenet</span> <span class='ocrx_word' id='word_1_230' title='bbox 1420 4615 1807 4709; x_wconf 66' lang='lat' dir='ltr'>praebenda-tiramni-</span> 
     </span>
     <span class='ocr_line' id='line_1_26' title="bbox 258 4736 1806 4831; baseline -0.003 -20"><span class='ocrx_word' id='word_1_231' title='bbox 258 4741 360 4829; x_wconf 89' lang='lat' dir='ltr'>ensis,</span> <span class='ocrx_word' id='word_1_232' title='bbox 397 4760 485 4831; x_wconf 89' lang='lat' dir='ltr'>quae</span> <span class='ocrx_word' id='word_1_233' title='bbox 498 4744 657 4812; x_wconf 31' lang='lat' dir='ltr'>*vocatur</span> <span class='ocrx_word' id='word_1_234' title='bbox 682 4759 707 4810; x_wconf 85' lang='lat' dir='ltr'>a</span> <span class='ocrx_word' id='word_1_235' title='bbox 731 4739 814 4811; x_wconf 83' lang='lat' dir='ltr'>villa</span> <span class='ocrx_word' id='word_1_236' title='bbox 848 4739 1007 4830; x_wconf 87' lang='lat' dir='ltr'>praelata</span> <span class='ocrx_word' id='word_1_237' title='bbox 1039 4738 1358 4831; x_wconf 60' lang='lat' dir='ltr'>Wangrzeczslr&#39;ap·</span> <span class='ocrx_word' id='word_1_238' title='bbox 1372 4739 1505 4811; x_wconf 91' lang='lat' dir='ltr'>habens</span> <span class='ocrx_word' id='word_1_239' title='bbox 1542 4738 1592 4811; x_wconf 96' lang='lat' dir='ltr'>ibi</span> <span class='ocrx_word' id='word_1_240' title='bbox 1626 4736 1806 4828; x_wconf 86' lang='lat' dir='ltr'>praedium</span> 
     </span>
     <span class='ocr_line' id='line_1_27' title="bbox 259 4858 1805 4953; baseline -0.004 -19"><span class='ocrx_word' id='word_1_241' title='bbox 259 4861 387 4934; x_wconf 91' lang='lat' dir='ltr'>bonnm</span> <span class='ocrx_word' id='word_1_242' title='bbox 413 4882 491 4933; x_wconf 92' lang='lat' dir='ltr'>cum</span> <span class='ocrx_word' id='word_1_243' title='bbox 518 4861 640 4952; x_wconf 90' lang='lat' dir='ltr'>pratis,</span> <span class='ocrx_word' id='word_1_244' title='bbox 667 4860 710 4932; x_wconf 93' lang='lat' dir='ltr'>de</span> <span class='ocrx_word' id='word_1_245' title='bbox 738 4882 806 4953; x_wconf 90' lang='lat' dir='ltr'>quo</span> <span class='ocrx_word' id='word_1_246' title='bbox 832 4861 918 4932; x_wconf 93' lang='lat' dir='ltr'>nulli</span> <span class='ocrx_word' id='word_1_247' title='bbox 946 4860 1125 4933; x_wconf 90' lang='lat' dir='ltr'>decimam.</span> <span class='ocrx_word' id='word_1_248' title='bbox 1140 4861 1211 4951; x_wconf 73' lang='lat' dir='ltr'>dat,¹</span> <span class='ocrx_word' id='word_1_249' title='bbox 1239 4860 1403 4933; x_wconf 85' lang='lat' dir='ltr'>sedeam</span> <span class='ocrx_word' id='word_1_250' title='bbox 1429 4881 1493 4950; x_wconf 94' lang='lat' dir='ltr'>pro</span> <span class='ocrx_word' id='word_1_251' title='bbox 1520 4879 1558 4930; x_wconf 92' lang='lat' dir='ltr'>se</span> <span class='ocrx_word' id='word_1_252' title='bbox 1573 4858 1696 4947; x_wconf 59' lang='lat' dir='ltr'>›tollit3</span> <span class='ocrx_word' id='word_1_253' title='bbox 1721 4858 1805 4929; x_wconf 93' lang='lat' dir='ltr'>item</span> 
     </span>
     <span class='ocr_line' id='line_1_28' title="bbox 257 4972 1806 5073; baseline -0.003 -21"><span class='ocrx_word' id='word_1_254' title='bbox 257 4982 365 5054; x_wconf 90' lang='lat' dir='ltr'>babet</span> <span class='ocrx_word' id='word_1_255' title='bbox 392 4987 534 5073; x_wconf 83' lang='lat' dir='ltr'>septem</span> <span class='ocrx_word' id='word_1_256' title='bbox 551 4982 671 5054; x_wconf 87' lang='lat' dir='ltr'>laneos</span> <span class='ocrx_word' id='word_1_257' title='bbox 698 4975 939 5073; x_wconf 87' lang='lat' dir='ltr'>cmethonales,</span> <span class='ocrx_word' id='word_1_258' title='bbox 966 4983 1051 5055; x_wconf 92' lang='lat' dir='ltr'>item</span> <span class='ocrx_word' id='word_1_259' title='bbox 1059 4972 1172 5054; x_wconf 63' lang='lat' dir='ltr'>«unam</span> <span class='ocrx_word' id='word_1_260' title='bbox 1190 4981 1432 5071; x_wconf 80' lang='lat' dir='ltr'>hortulaniam,</span> <span class='ocrx_word' id='word_1_261' title='bbox 1459 4981 1544 5051; x_wconf 88' lang='lat' dir='ltr'>item</span> <span class='ocrx_word' id='word_1_262' title='bbox 1567 4999 1674 5050; x_wconf 90' lang='lat' dir='ltr'>unam</span> <span class='ocrx_word' id='word_1_263' title='bbox 1690 4979 1806 5057; x_wconf 81' lang='lat' dir='ltr'>taber-¹</span> 
     </span>
     <span class='ocr_line' id='line_1_29' title="bbox 258 5099 1841 5194; baseline -0.003 -20"><span class='ocrx_word' id='word_1_264' title='bbox 258 5124 347 5193; x_wconf 90' lang='lat' dir='ltr'>nam,</span> <span class='ocrx_word' id='word_1_265' title='bbox 373 5103 543 5176; x_wconf 89' lang='lat' dir='ltr'>habentes</span> <span class='ocrx_word' id='word_1_266' title='bbox 570 5124 683 5194; x_wconf 80' lang='lat' dir='ltr'>agros3</span> <span class='ocrx_word' id='word_1_267' title='bbox 711 5103 821 5175; x_wconf 89' lang='lat' dir='ltr'>altera</span> <span class='ocrx_word' id='word_1_268' title='bbox 848 5109 971 5175; x_wconf 91' lang='lat' dir='ltr'>autem·</span> <span class='ocrx_word' id='word_1_269' title='bbox 991 5103 1160 5177; x_wconf 90' lang='lat' dir='ltr'>medietas</span> <span class='ocrx_word' id='word_1_270' title='bbox 1187 5101 1301 5174; x_wconf 86' lang='lat' dir='ltr'>dictae</span> <span class='ocrx_word' id='word_1_271' title='bbox 1328 5099 1430 5182; x_wconf 86' lang='lat' dir='ltr'>vil-lae</span> <span class='ocrx_word' id='word_1_272' title='bbox 1463 5099 1616 5191; x_wconf 90' lang='lat' dir='ltr'>pertinet</span> <span class='ocrx_word' id='word_1_273' title='bbox 1642 5100 1687 5170; x_wconf 92' lang='lat' dir='ltr'>ad</span> <span class='ocrx_word' id='word_1_274' title='bbox 1707 5100 1807 5191; x_wconf 68' lang='lat' dir='ltr'>,capi</span> <span class='ocrx_word' id='word_1_275' title='bbox 1839 5151 1841 5155; x_wconf 65' lang='lat'>,</span> 
     </span>
    </p>
   </div>
   <div class='ocr_carea' id='block_1_6' title="bbox 257 5221 1876 6545">
    <p class='ocr_par' dir='ltr' id='par_1_6' title="bbox 257 5221 1876 6545">
     <span class='ocr_line' id='line_1_30' title="bbox 258 5221 1811 5316; baseline -0.001 -21"><span class='ocrx_word' id='word_1_276' title='bbox 258 5224 367 5295; x_wconf 91' lang='lat' dir='ltr'>tulum</span> <span class='ocrx_word' id='word_1_277' title='bbox 394 5223 633 5316; x_wconf 79' lang='lat' dir='ltr'>cracoviense,</span> <span class='ocrx_word' id='word_1_278' title='bbox 648 5225 698 5306; x_wconf 62' lang='lat' dir='ltr'>‚in</span> <span class='ocrx_word' id='word_1_279' title='bbox 716 5246 785 5315; x_wconf 81' lang='lat' dir='ltr'>qua</span> <span class='ocrx_word' id='word_1_280' title='bbox 803 5230 885 5295; x_wconf 90' lang='lat' dir='ltr'>sunt</span> <span class='ocrx_word' id='word_1_281' title='bbox 903 5234 964 5297; x_wconf 84' lang='lat' dir='ltr'>sex</span> <span class='ocrx_word' id='word_1_282' title='bbox 980 5225 1073 5296; x_wconf 90' lang='lat' dir='ltr'>lanei</span> <span class='ocrx_word' id='word_1_283' title='bbox 1091 5223 1326 5297; x_wconf 86' lang='lat' dir='ltr'>emethonales</span> <span class='ocrx_word' id='word_1_284' title='bbox 1351 5227 1388 5295; x_wconf 93' lang='lat' dir='ltr'>et</span> <span class='ocrx_word' id='word_1_285' title='bbox 1404 5242 1474 5293; x_wconf 91' lang='lat' dir='ltr'>una</span> <span class='ocrx_word' id='word_1_286' title='bbox 1500 5222 1656 5311; x_wconf 88' lang='lat' dir='ltr'>taberna,</span> <span class='ocrx_word' id='word_1_287' title='bbox 1674 5221 1811 5293; x_wconf 87' lang='lat' dir='ltr'>habens·</span> 
     </span>
     <span class='ocr_line' id='line_1_31' title="bbox 257 5342 1807 5437; baseline 0.001 -21"><span class='ocrx_word' id='word_1_288' title='bbox 257 5365 371 5436; x_wconf 80' lang='lat' dir='ltr'>agros,</span> <span class='ocrx_word' id='word_1_289' title='bbox 398 5350 434 5417; x_wconf 92' lang='lat' dir='ltr'>et</span> <span class='ocrx_word' id='word_1_290' title='bbox 460 5352 612 5435; x_wconf 89' lang='lat' dir='ltr'>quatuor</span> <span class='ocrx_word' id='word_1_291' title='bbox 637 5346 876 5436; x_wconf 78' lang='lat' dir='ltr'>hortulania&#39;e,</span> <span class='ocrx_word' id='word_1_292' title='bbox 903 5345 1080 5419; x_wconf 70' lang='lat' dir='ltr'>habentes.</span> <span class='ocrx_word' id='word_1_293' title='bbox 1098 5359 1220 5436; x_wconf 77' lang='lat' dir='ltr'>agros,</span> <span class='ocrx_word' id='word_1_294' title='bbox 1247 5344 1441 5436; x_wconf 78' lang='lat' dir='ltr'>dequibus</span> <span class='ocrx_word' id='word_1_295' title='bbox 1469 5344 1629 5437; x_wconf 80' lang='lat' dir='ltr'>omnibus</span> <span class='ocrx_word' id='word_1_296' title='bbox 1655 5342 1807 5423; x_wconf 71' lang='lat' dir='ltr'>solvitur</span> 
     </span>
     <span class='ocr_line' id='line_1_32' title="bbox 258 5464 1806 5566; baseline -0.001 -29"><span class='ocrx_word' id='word_1_297' title='bbox 258 5471 294 5537; x_wconf 90' lang='lat' dir='ltr'>et</span> <span class='ocrx_word' id='word_1_298' title='bbox 318 5466 524 5543; x_wconf 89' lang='lat' dir='ltr'>conducitur</span> <span class='ocrx_word' id='word_1_299' title='bbox 559 5466 693 5543; x_wconf 90' lang='lat' dir='ltr'>decima</span> <span class='ocrx_word' id='word_1_300' title='bbox 708 5467 944 5558; x_wconf 88' lang='lat' dir='ltr'>manipularis</span> <span class='ocrx_word' id='word_1_301' title='bbox 972 5470 1008 5538; x_wconf 93' lang='lat' dir='ltr'>et</span> <span class='ocrx_word' id='word_1_302' title='bbox 1033 5467 1209 5557; x_wconf 87' lang='lat' dir='ltr'>canapalis</span> <span class='ocrx_word' id='word_1_303' title='bbox 1242 5464 1437 5551; x_wconf 74' lang='lat' dir='ltr'>ibidem-int</span> <span class='ocrx_word' id='word_1_304' title='bbox 1459 5465 1625 5566; x_wconf 59' lang='lat' dir='ltr'>bornum</span> <span class='ocrx_word' id='word_1_305' title='bbox 1651 5467 1806 5538; x_wconf 91' lang='lat' dir='ltr'>canonici</span> 
     </span>
     <span class='ocr_line' id='line_1_33' title="bbox 258 5585 1806 5680; baseline 0.001 -21"><span class='ocrx_word' id='word_1_306' title='bbox 258 5586 477 5679; x_wconf 89' lang='lat' dir='ltr'>praebendae</span> <span class='ocrx_word' id='word_1_307' title='bbox 502 5587 679 5680; x_wconf 86' lang='lat' dir='ltr'>praefatae</span> <span class='ocrx_word' id='word_1_308' title='bbox 707 5587 994 5680; x_wconf 79' lang='lat' dir='ltr'>Wangrzeczslra.</span> <span class='ocrx_word' id='word_1_309' title='bbox 1028 5589 1118 5660; x_wconf 91' lang='lat' dir='ltr'>Item</span> <span class='ocrx_word' id='word_1_310' title='bbox 1145 5594 1199 5660; x_wconf 92' lang='lat' dir='ltr'>est</span> <span class='ocrx_word' id='word_1_311' title='bbox 1226 5587 1276 5660; x_wconf 85' lang='lat' dir='ltr'>ibt</span> <span class='ocrx_word' id='word_1_312' title='bbox 1301 5608 1407 5659; x_wconf 90' lang='lat' dir='ltr'>unum</span> <span class='ocrx_word' id='word_1_313' title='bbox 1433 5585 1614 5677; x_wconf 90' lang='lat' dir='ltr'>praedium</span> <span class='ocrx_word' id='word_1_314' title='bbox 1627 5588 1806 5678; x_wconf 73' lang='lat' dir='ltr'>-mparta</span> 
     </span>
     <span class='ocr_line' id='line_1_34' title="bbox 258 5690 1805 5800; baseline 0.001 -22"><span class='ocrx_word' id='word_1_315' title='bbox 258 5707 448 5799; x_wconf 85' lang='lat' dir='ltr'>capitulari,</span> <span class='ocrx_word' id='word_1_316' title='bbox 475 5709 609 5781; x_wconf 92' lang='lat' dir='ltr'>habens</span> <span class='ocrx_word' id='word_1_317' title='bbox 635 5722 748 5800; x_wconf 80' lang='lat' dir='ltr'>agros,</span> <span class='ocrx_word' id='word_1_318' title='bbox 776 5708 820 5781; x_wconf 92' lang='lat' dir='ltr'>de</span> <span class='ocrx_word' id='word_1_319' title='bbox 847 5709 971 5800; x_wconf 88' lang='lat' dir='ltr'>quibus</span> <span class='ocrx_word' id='word_1_320' title='bbox 996 5729 1125 5800; x_wconf 78' lang='lat' dir='ltr'>regens,</span> <span class='ocrx_word' id='word_1_321' title='bbox 1139 5708 1352 5783; x_wconf 85' lang='lat' dir='ltr'>villam-non</span> <span class='ocrx_word' id='word_1_322' title='bbox 1370 5707 1474 5780; x_wconf 84' lang='lat' dir='ltr'>solvit</span> <span class='ocrx_word' id='word_1_323' title='bbox 1500 5707 1604 5797; x_wconf 77' lang='lat' dir='ltr'>aliem</span> <span class='ocrx_word' id='word_1_324' title='bbox 1624 5690 1805 5797; x_wconf 73' lang='lat' dir='ltr'>numan,</span> 
     </span>
     <span class='ocr_line' id='line_1_35' title="bbox 258 5827 1727 5920; baseline 0.002 -20"><span class='ocrx_word' id='word_1_325' title='bbox 258 5827 319 5900; x_wconf 89' lang='lat' dir='ltr'>sed</span> <span class='ocrx_word' id='word_1_326' title='bbox 346 5846 422 5900; x_wconf 89' lang='lat' dir='ltr'>eam</span> <span class='ocrx_word' id='word_1_327' title='bbox 449 5850 514 5920; x_wconf 89' lang='lat' dir='ltr'>pro</span> <span class='ocrx_word' id='word_1_328' title='bbox 541 5850 579 5902; x_wconf 91' lang='lat' dir='ltr'>se</span> <span class='ocrx_word' id='word_1_329' title='bbox 604 5831 699 5903; x_wconf 94' lang='lat' dir='ltr'>tollit</span> <span class='ocrx_word' id='word_1_330' title='bbox 720 5836 762 5902; x_wconf 51' lang='lat' dir='ltr'>*et</span> <span class='ocrx_word' id='word_1_331' title='bbox 785 5830 824 5901; x_wconf 91' lang='lat' dir='ltr'>in</span> <span class='ocrx_word' id='word_1_332' title='bbox 849 5830 1014 5905; x_wconf 88' lang='lat' dir='ltr'>borreum</span> <span class='ocrx_word' id='word_1_333' title='bbox 1041 5851 1142 5903; x_wconf 91' lang='lat' dir='ltr'>suum</span> <span class='ocrx_word' id='word_1_334' title='bbox 1167 5828 1309 5903; x_wconf 90' lang='lat' dir='ltr'>inducit.</span> <span class='ocrx_word' id='word_1_335' title='bbox 1725 5855 1727 5858; x_wconf 90' lang='lat'>·</span> 
     </span>
     <span class='ocr_line' id='line_1_36' title="bbox 363 5937 1876 6043; baseline 0.001 -23"><span class='ocrx_word' id='word_1_336' title='bbox 363 5950 645 6042; x_wconf 79' lang='lat' dir='ltr'>Barsowrozn,</span> <span class='ocrx_word' id='word_1_337' title='bbox 672 5951 756 6023; x_wconf 86' lang='lat' dir='ltr'>villa</span> <span class='ocrx_word' id='word_1_338' title='bbox 781 5952 845 6024; x_wconf 92' lang='lat' dir='ltr'>sub</span> <span class='ocrx_word' id='word_1_339' title='bbox 871 5951 1038 6043; x_wconf 86' lang='lat' dir='ltr'>parochia</span> <span class='ocrx_word' id='word_1_340' title='bbox 1065 5951 1108 6024; x_wconf 91' lang='lat' dir='ltr'>de</span> <span class='ocrx_word' id='word_1_341' title='bbox 1133 5951 1566 6043; x_wconf 86' lang='lat' dir='ltr'>Raczyborouycze</span> <span class='ocrx_word' id='word_1_342' title='bbox 1590 5946 1679 6038; x_wconf 84' lang='lat' dir='ltr'>sita,</span> <span class='ocrx_word' id='word_1_343' title='bbox 1707 5947 1806 6022; x_wconf 86' lang='lat' dir='ltr'>cuius</span> <span class='ocrx_word' id='word_1_344' title='bbox 1874 5937 1876 5940; x_wconf 34' lang='lat'>⁸</span> 
     </span>
     <span class='ocr_line' id='line_1_37' title="bbox 257 6062 1807 6165; baseline 0.001 -24"><span class='ocrx_word' id='word_1_345' title='bbox 257 6069 453 6162; x_wconf 89' lang='lat' dir='ltr'>proprietas</span> <span class='ocrx_word' id='word_1_346' title='bbox 480 6072 525 6144; x_wconf 90' lang='lat' dir='ltr'>ad</span> <span class='ocrx_word' id='word_1_347' title='bbox 551 6073 751 6164; x_wconf 91' lang='lat' dir='ltr'>episcopum</span> <span class='ocrx_word' id='word_1_348' title='bbox 778 6071 1041 6146; x_wconf 85' lang='lat' dir='ltr'>Cracoriensem</span> <span class='ocrx_word' id='word_1_349' title='bbox 1067 6074 1230 6165; x_wconf 88' lang='lat' dir='ltr'>pertinet,</span> <span class='ocrx_word' id='word_1_350' title='bbox 1251 6073 1293 6144; x_wconf 90' lang='lat' dir='ltr'>in</span> <span class='ocrx_word' id='word_1_351' title='bbox 1312 6093 1381 6162; x_wconf 92' lang='lat' dir='ltr'>qua</span> <span class='ocrx_word' id='word_1_352' title='bbox 1407 6077 1489 6142; x_wconf 89' lang='lat' dir='ltr'>sunt</span> <span class='ocrx_word' id='word_1_353' title='bbox 1515 6062 1807 6156; x_wconf 50' lang='lat' dir='ltr'>sen&#39;niaaaiacsaess&#39;</span> 
     </span>
     <span class='ocr_line' id='line_1_38' title="bbox 257 6180 1804 6303; baseline 0 -41"><span class='ocrx_word' id='word_1_354' title='bbox 257 6191 415 6264; x_wconf 89' lang='lat' dir='ltr'>thonales</span> <span class='ocrx_word' id='word_1_355' title='bbox 442 6192 677 6284; x_wconf 85' lang='lat' dir='ltr'>commedio,</span> <span class='ocrx_word' id='word_1_356' title='bbox 713 6193 756 6266; x_wconf 90' lang='lat' dir='ltr'>de</span> <span class='ocrx_word' id='word_1_357' title='bbox 783 6194 908 6286; x_wconf 84' lang='lat' dir='ltr'>quibus</span> <span class='ocrx_word' id='word_1_358' title='bbox 945 6194 1093 6267; x_wconf 85' lang='lat' dir='ltr'>solvitur</span> <span class='ocrx_word' id='word_1_359' title='bbox 1119 6199 1155 6266; x_wconf 94' lang='lat' dir='ltr'>et</span> <span class='ocrx_word' id='word_1_360' title='bbox 1181 6192 1385 6266; x_wconf 90' lang='lat' dir='ltr'>conducitur</span> <span class='ocrx_word' id='word_1_361' title='bbox 1419 6180 1804 6303; x_wconf 56' lang='lat' dir='ltr'>decma„mpniptlaris</span> 
     </span>
     <span class='ocr_line' id='line_1_39' title="bbox 258 6312 1804 6407; baseline 0.001 -24"><span class='ocrx_word' id='word_1_362' title='bbox 258 6317 294 6383; x_wconf 91' lang='lat' dir='ltr'>et</span> <span class='ocrx_word' id='word_1_363' title='bbox 317 6313 494 6404; x_wconf 90' lang='lat' dir='ltr'>canapalis</span> <span class='ocrx_word' id='word_1_364' title='bbox 528 6335 593 6406; x_wconf 89' lang='lat' dir='ltr'>pro</span> <span class='ocrx_word' id='word_1_365' title='bbox 620 6314 820 6406; x_wconf 91' lang='lat' dir='ltr'>praebenda</span> <span class='ocrx_word' id='word_1_366' title='bbox 853 6313 1095 6407; x_wconf 79' lang='lat' dir='ltr'>Oracoriensi,</span> <span class='ocrx_word' id='word_1_367' title='bbox 1121 6312 1225 6387; x_wconf 82' lang='lat' dir='ltr'>&#39;dicta</span> <span class='ocrx_word' id='word_1_368' title='bbox 1249 6312 1804 6405; x_wconf 64' lang='lat' dir='ltr'>Wangrzeczslra,·2cuius·&#39;·nlsr</span> 
     </span>
     <span class='ocr_line' id='line_1_40' title="bbox 258 6426 1805 6545; baseline 0.001 -37"><span class='ocrx_word' id='word_1_369' title='bbox 258 6434 461 6509; x_wconf 90' lang='lat' dir='ltr'>aestimatur</span> <span class='ocrx_word' id='word_1_370' title='bbox 487 6435 531 6509; x_wconf 92' lang='lat' dir='ltr'>ad</span> <span class='ocrx_word' id='word_1_371' title='bbox 557 6436 681 6531; x_wconf 81' lang='lat' dir='ltr'>viginti</span> <span class='ocrx_word' id='word_1_372' title='bbox 707 6456 852 6514; x_wconf 87' lang='lat' dir='ltr'>marcas.</span> <span class='ocrx_word' id='word_1_373' title='bbox 895 6436 984 6509; x_wconf 89' lang='lat' dir='ltr'>Item</span> <span class='ocrx_word' id='word_1_374' title='bbox 1011 6441 1066 6513; x_wconf 87' lang='lat' dir='ltr'>est</span> <span class='ocrx_word' id='word_1_375' title='bbox 1091 6436 1141 6509; x_wconf 92' lang='lat' dir='ltr'>ibi</span> <span class='ocrx_word' id='word_1_376' title='bbox 1166 6438 1272 6508; x_wconf 89' lang='lat' dir='ltr'>unum</span> <span class='ocrx_word' id='word_1_377' title='bbox 1306 6435 1486 6530; x_wconf 89' lang='lat' dir='ltr'>praedium</span> <span class='ocrx_word' id='word_1_378' title='bbox 1513 6426 1732 6545; x_wconf 72' lang='lat' dir='ltr'>epismpale,</span> <span class='ocrx_word' id='word_1_379' title='bbox 1760 6433 1805 6510; x_wconf 87' lang='lat' dir='ltr'>de</span> 
     </span>
    </p>
   </div>
   <div class='ocr_carea' id='block_1_7' title="bbox 0 0 2104 8342">
    <p class='ocr_par' dir='ltr' id='par_1_7' title="bbox 0 0 2104 8342">
     <span class='ocr_line' id='line_1_41' title="bbox 0 0 2104 8342; baseline 0 0"><span class='ocrx_word' id='word_1_380' title='bbox 0 0 2104 8342; x_wconf 95' lang='lat' dir='ltr'> </span> 
     </span>
    </p>
   </div>
  </div>
 </body>
</html>
