4200 8342
1584 1718 1590 1733 ..
1656 1652 1730 1732 tlt

180 1856 264 1930 dum
290 1857 393 1930 fieret
415 1878 564 1950 magnus
591 1878 780 1932 concursus
807 1860 984 1933 bominum
1011 1882 1054 1933 ex
1081 1860 1236 1951 Polonia,
1263 1860 1453 1954 Hungaria,
1480 1860 1734 1953 Russla,·Lit'b-

183 1980 299 2069 rania,
325 1986 470 2072 propter
496 1980 665 2071 prodigia,
692 2002 780 2072 quae
808 1982 851 2052 ad
878 1983 1131 2054 invocationem
1157 1981 1273 2055 Sancti
1300 1983 1475 2056 Leonardi
1501 1985 1538 2056 in
1564 1984 1734 2057 valetudi-

182 2096 295 2171 nariis
320 2100 572 2193 patrabantur,
599 2099 730 2173 fiebant
765 2101 814 2173 ibi
849 2104 1019 2174 maximae
1055 2103 1247 2176 oblationes
1274 2105 1310 2176 in
1337 2124 1435 2195 aere,
1461 2109 1622 2196 et'cera,
1650 2127 1734 2197 quas

180 2218 330 2292 tollebat
356 2220 524 2311 plebanus
550 2220 594 2293 de
611 2221 884 2314 Brzostbek,
903 2244 1050 2314 quorum
1068 2240 1201 2296 summa
1218 2224 1427 2296 extendebat
1445 2212 1482 2296 se
1501 2225 1545 2297 ad
1562 2226 1730 2298 tricentos

181 2339 341 2412 doreuoa.
367 2340 469 2412 Nunc
494 2339 542 2413 ibi
569 2346 628 2413 eat·
650 2340 818 2432 plebanus
836 2340 1136 2435 Szwyanthoslans
1154 2343 1198 2415 de
1216 2342 1578 2435 Orzechowicza,
1601 2346 1727 2417 nobilis

181 2460 224 2532 de
250 2459 355 2534 domo
382 2460 574 2552 Pyla-wa,
602 2463 661 2552 qni
688 2460 818 2534 residet
843 2464 880 2534 in
908 2463 1142 2536 Brzostek
1168 2471 1205 2535 et
1231 2485 1294 2555 per
1319 2465 1487 2536 uicarium
1513 2466 1551 2536 in
1575 2464 1733 2537 Klecz-

181 2600 257 2653 eze
274 2580 384 2653 filiam
402 2581 638 2671 administram
656 2583 765 2655 babet
782 2583 928 2656 ecclesia
945 2586 1106 2675 proprios
1124 2602 1227 2677 agros
1245 2591 1282 2656 et
1298 2591 1402 2675 prata
1416 2605 1524 2677 prope
1543 2584 1732 2678 Klyecz-

181 2722 256 2773 cze
282 2702 360 2793 sita,
387 2722 541 2793 proauo
567 2702 720 2793 praedio.
746 2702 948 2795 Proprietas
974 2706 1155 2796 utriusque
1179 2711 1223 2776 et
1250 2704 1368 2796 oppidi
1395 2705 1671 2796 Brzostbelr,
1698 2711 1734 2778 et

181 2822 284 2894 uillae
310 2821 543 2914 Kleczcze,
570 2824 723 2914 pertinet
749 2826 794 2896 ad
820 2826 982 2897 abbatem
1008 2830 1044 2896 et
1070 2826 1315 2897 monesterium
1342 2824 1573 2918 Tbyuczense,
1591 2833 1627 2898 et
1644 2827 1731 2898 utri-

181 2964 291 3034 usque
317 2944 484 3015 ecclesiae
512 2945 619 3016 abbas
647 2944 906 3037 Thynicziensis
936 2964 1020 3017 cum
1046 2952 1217 3018 conventu
1244 2951 1299 3016 est
1325 2944 1470 3017 collator
1497 2953 1532 3017 et
1559 2953 1733 3037 patronus.

179 3062 219 3137 lu
247 3074 323 3156 quo
346 3065 473 3156 oppido
500 3071 581 3138 sunt
607 3066 699 3137 lanei
725 3066 987 3157 oppidanum,
1014 3065 1058 3137 de
1085 3067 1209 3156 quibus
1228 3065 1374 3138 solvitur
1393 3065 1525 3137 decima
1542 3068 1731 3157 pecunialis

178 3186 393 3257 monasterio
419 3185 657 3277 Thyncziansi.
682 3187 771 3258 Item
798 3194 881 3259 sunt
904 3186 955 3258 ibi
973 3185 1043 3258 duo
1060 3184 1266 3276 molendina,
1284 3207 1390 3257 unum
1405 3188 1619 3277 monasterii,
1638 3187 1733 3258 aliud

177 3304 364 3394 advocati3'
388 3307 470 3377 item
497 3304 678 3379 advocatia
704 3312 757 3378 est
783 3308 819 3378 in
846 3307 966 3379 eodem
993 3306 1130 3397 oppido,
1157 3307 1288 3379 babens
1315 3306 1402 3378 duos
1428 3298 1557 3397 laneos,
1583 3307 1625 3379 de
1654 3308 1729 3397 qui-

177 3427 245 3498 bus
270 3405 425 3517 plebano
445 3426 483 3497 in
509 3427 740 3498 Bizostelr
767 3423 923 3500 decimat
956 3426 1052 3498 'Item
1088 3418 1267 3518 praedium
1294 3422 1493 3499 coenobiale
1520 3423 1596 3499 non
1615 3433 1669 3498 est
1696 3428 1731 3498 in

179 3546 302 3619 eodem
330 3545 466 3638 oppido.
624 3574 627 3579 Δ
755 3632 760 3639 ,
878 3562 882 3567 ’
1089 3544 1094 3549 ’

312 3664 316 3671 ’
563 3684 566 3689 ·
845 3665 1075 3743 Ksraczoza.

284 3785 325 3860 Iu
352 3786 613 3879 Klyeczcze
638 3795 753 3861 autem
781 3796 862 3861 sunt
889 3796 1039 3881 quatuor
1056 3789 1147 3860 lanei
1165 3789 1399 3862 ometbonales
1418 3787 1462 3862 ad
1481 3792 1726 3863 monasterium

180 3905 429 4000 'l'bynicziense
465 3910 696 4000 pertinentes,
724 3909 759 3980 in
789 3929 831 3980 ea
867 3916 965 4000 parto
1005 3909 1126 4000 villae,
1154 3911 1189 3980 in
1227 3931 1295 4000 qua
1321 3911 1390 3984 sita
1416 3917 1472 3982 'est
1497 3910 1659 3999 ecclesia,
1687 3912 1729 3981 de

180 4029 306 4119 quibus
333 4030 472 4102 solvunt
499 4030 664 4102 decimam
691 4031 902 4103 monasterio
930 4029 1188 4122 prnicziensi,
1215 4031 1298 4102 item
1322 4031 1504 4120 praedium
1532 4031 1729 4102 coenobiale

179 4170 247 4221 uon
284 4156 340 4222 est
375 4151 410 4221 in
446 4151 565 4223 eadem
601 4150 700 4242 villa,
728 4152 812 4222 item
847 4153 882 4221 in
909 4150 1028 4223 eudem
1057 4134 1157 4241 parte
1193 4161 1273 4223 sunt
1301 4151 1369 4223 duo
1396 4150 1538 4240 praedia
1564 4150 1731 4222 militaria

181 4268 478 4342 Gaurilouum
506 4270 550 4342 de
577 4272 682 4343 armis
708 4271 972 4361 Korozaky3
1008 4274 1089 4342 sunt
1124 4272 1229 4343 etiam
1257 4273 1305 4344 ibi
1333 4272 1532 4343 cmethones
1559 4271 1603 4342 ad
1629 4292 1730 4361 prae-

180 4378 293 4464 dictos
318 4390 445 4465 milites
471 4392 694 4483 pertinentes,
721 4397 854 4464 ettam
880 4390 1007 4463 milites
1035 4412 1138 4483 quam
1164 4390 1363 4465 cmetbones
1390 4410 1518 4482 eorum,
1540 4392 1731 4464 tabernarii

181 4518 217 4586 et
242 4512 421 4584 hortulani
456 4519 493 4583 et
523 4533 641 4584 omnes
667 4513 819 4603 incolae,
846 4513 985 4585 solvunt
1020 4512 1185 4584 decimam
1212 4512 1376 4585 ecclesiae
1402 4512 1438 4583 in
1464 4511 1730 4603 Klyeczcze.

181 4630 281 4704 Hanc
315 4639 430 4705 autem
466 4638 601 4723 partem
635 4633 737 4705 villae
769 4654 860 4704 anno
886 4633 1025 4706 Domini
1056 4635 1164 4705 1370.
1192 4633 1359 4706 Casimiro
1386 4633 1537 4706 secundo
1563 4632 1728 4704 Poloniao

178 4772 261 4845 rege
287 4760 432 4845 mortuo,
459 4752 607 4845 praefati
633 4754 761 4825 milites
788 4759 824 4825 et
850 4774 970 4827 eorum
989 4759 1152 4844 parentes
1171 4755 1340 4828 violenter
1359 4745 1571 4827 monasterio
1598 4753 1728 4844 Thyni-

180 4874 306 4947 odensi
334 4874 553 4947 abstulerunt
578 4880 615 4946 et
641 4874 798 4946 detinent
825 4875 952 4947 iniuste
971 4878 1172 4965 occupatam
1192 4929 1199 4943 .
1219 4930 1225 4943 .
1246 4931 1253 4944 .
1271 4874 1443 4965 Oppidum
1462 4874 1727 4946 Brzostbek

181 5000 215 5065 et
240 4994 346 5067 villae
364 4995 598 5086 parochiales:
624 4994 889 5088 Klyeczoze,
915 4993 1351 5084 Jauuscbkowycze,
1378 4993 1729 5085 Kamyennicza,

180 5114 578 5190 Brzostbkowslr'a
604 5116 770 5207 Wolya.

280 5216 554 5327 Kunruurczn,
579 5236 664 5308 uilla
680 5237 746 5309 sub
763 5236 929 5329 parocbia
955 5235 998 5307 de
1024 5234 1285 5308 Braosthelr
1312 5234 1390 5325 sita,
1417 5232 1513 5307 ouius
1531 5234 1728 5327 proprietas

179 5354 221 5429 ad
246 5357 498 5431 monasterium
524 5355 752 5450 Tbyuczense'
776 5358 939 5449 pertinet.
982 5356 1021 5427 In
1050 5375 1119 5448 qua
1145 5363 1226 5428 sunt
1252 5355 1377 5447 uiginti
1413 5354 1481 5427 duo
1517 5356 1610 5428 lanei
1637 5377 1727 5428 eme-

178 5476 346 5568 thonales,
374 5478 418 5550 de
445 5478 570 5569 quibus
597 5478 731 5551 decima
757 5478 946 5568 pecunialis
973 5497 1158 5568 perunum
1185 5476 1354 5549 fertonem
1373 5476 1416 5548 de
1434 5477 1589 5568 quolibet
1618 5477 1727 5563 laneo,

179 5597 327 5671 latorum
354 5618 555 5688 grossorum
582 5597 818 5690 Pragensium,
846 5598 1008 5689 episcopo
1035 5597 1265 5670 Gracoviensi.
1293 5597 1380 5669 Item
1399 5604 1452 5669 est
1479 5599 1526 5670 ibi
1554 5618 1624 5670 una
1642 5598 1728 5668 scol-

178 5718 264 5792 tetia
288 5719 422 5791 babens
449 5720 536 5792 duos
563 5719 691 5811 laneos,
718 5718 761 5790 de
780 5720 906 5810 quibus
924 5719 1029 5791 solvit
1056 5718 1272 5806 declmam....;
1299 5719 1382 5790 item
1401 5738 1470 5791 non
1489 5725 1541 5789 est
1561 5719 1608 5789 ibi
1627 5737 1727 5809 prae-

179 5838 282 5930 dium,
309 5860 377 5912 non
406 5846 487 5913 sunt
513 5840 743 5929 hortulaniae,
770 5840 832 5912 sed
858 5846 912 5914 est
937 5852 1007 5912 una
1033 5840 1199 5929 tuberum
1225 5838 1310 5911 item
1336 5844 1391 5910 est
1416 5838 1465 5909 ibi
1492 5835 1725 5909 molendinum

179 5958 317 6033 scolteti
342 5980 459 6033 unum.
1576 5940 1578 5945 Ι

278 6078 632 6172 Jamuscnuowrczr,
660 6078 743 6153 villa
761 6080 825 6152 sub
843 6082 1007 6171 parocbia
1034 6081 1077 6153 de
1104 6079 1326 6152 Oleczcz'e
1353 6076 1431 6167 sita,
1459 6076 1557 6150 cuius
1574 6082 1726 6150 tanturn-

178 6200 278 6274 modo
305 6200 473 6274 medietas
509 6203 662 6291 pertinet
697 6201 742 6272 ad
769 6202 1014 6273 monasterium
1042 6202 1282 6292 Tlrynczense,
1317 6199 1351 6269 in
1381 6218 1450 6289 qua
1485 6205 1566 6269 sunt
1595 6204 1726 6287 septem

178 6319 267 6394 lanei
294 6322 551 6412 ometbonales,
587 6322 670 6394 item
697 6341 766 6393 una
792 6322 940 6392 taberna
974 6321 1176 6392 monasterii
1213 6319 1345 6390 babens
1372 6340 1493 6409 agros,
1531 6319 1574 6389 de
1601 6320 1725 6407 quibus

178 6440 324 6515 solvitur
350 6440 486 6517 decima
511 6442 701 6532 pecunialis
727 6463 791 6532 pro
817 6440 1029 6514 monasterio
1058 6440 1292 6531 Tbyueczensi
1319 6460 1383 6531 per
1402 6493 1517 6510 .....
1535 6440 1643 6510 :item
1671 6444 1726 6509 est

178 6562 226 6636 ibi
252 6563 413 6641 scoltetia
439 6564 571 6641 habeus
599 6562 686 6642 duos
712 6563 830 6638 laneos
857 6561 1066 6657 liberos,de
1094 6560 1218 6651 quibus
1245 6560 1446 6639 decimat..
1466 6614 1500 6631 ..
1527 6560 1727 6635 Medietatis
