4200 8342
296 1651 371 1724 458

160 1836 165 1851 ⁸
289 1860 456 1950 plebanus
484 1860 632 1945 quatuor·
657 1851 876 1922 hortulanias
901 1850 1071 1943 babentes
1098 1870 1211 1939 agros,
1239 1868 1327 1939 qnae
1355 1849 1495 1922 solvunt
1522 1871 1586 1940 per
1613 1870 1722 1923 unum
1743 1851 1837 1924 ferto

288 2001 365 2050 nom
393 1999 456 2068 pro
484 1996 599 2062 censu,
627 1973 710 2044 item
738 1972 900 2044 laborant
926 1992 1031 2042 unum
1059 1970 1150 2042 diem
1177 1971 1213 2041 in
1241 1971 1446 2061 septimana,
1473 1971 1644 2043 decimam
1673 1992 1756 2044 vero
1782 1973 1840 2045 soi-

288 2106 374 2173 vunt
401 2098 561 2169 similiter
589 2117 651 2186 pro
680 2094 827 2184 plebano
856 2114 928 2164 suo.
1301 2179 1304 2183 ²

393 2221 582 2307 Bruuius,
610 2217 693 2287 viiia
720 2217 784 2287 sub
813 2214 978 2305 parochia
1005 2214 1048 2285 de
1074 2214 1397 2304 Daieschycze
1424 2215 1502 2305 sita,
1529 2206 1629 2287 otius
1653 2217 1843 2307 proprietas

287 2345 332 2415 ad
358 2342 597 2432 episcopatum
623 2334 888 2409 Oracorienscm
916 2335 1077 2424 pertinet
1103 2335 1143 2406 ln
1171 2356 1240 2426 qua
1266 2344 1349 2409 sunt
1367 2335 1630 2427 quatuordecim
1649 2336 1744 2409 lanei
1781 2418 1785 2425 ¹

288 2464 458 2552 tironaics,
486 2463 570 2531 item
597 2479 666 2529 una
691 2458 868 2547 scultetis,
895 2458 1027 2529 babens
1055 2456 1142 2529 duos
1168 2457 1288 2529 laneos
1316 2464 1353 2530 et
1379 2479 1483 2531 unam
1510 2458 1697 2531 tabernam
1725 2357 1846 2533 §effi

289 2585 409 2656 tioiem
445 2582 631 2654 habentem
667 2601 789 2670 agros,
816 2578 860 2649 de
895 2578 1021 2668 quibus
1058 2578 1217 2650 omnibus
1245 2578 1394 2651 solvitur
1421 2585 1457 2651 et
1484 2579 1691 2653 conducitur
1720 2579 1846 2651 decima

278 2703 516 2795 manipularis
543 2708 580 2773 et
606 2700 782 2791 canapalis
809 2721 873 2791 pro
900 2701 1102 2791 episcopatu
1129 2698 1371 2791 Cracovionsi,
1397 2705 1433 2771 et
1459 2700 1558 2773 valor
1584 2701 1662 2772 eins
1689 2701 1844 2773 aestima-

289 2836 348 2900 tur
377 2824 421 2919 ad
448 2846 509 2896 sex
535 2843 676 2894 marcos.
703 2822 790 2893 Itonr
818 2821 1017 2894 annetiennes
1044 2821 1198 2894 eiusdem
1226 2821 1329 2894 villae
1356 2823 1496 2894 solvunt
1521 2822 1693 2895 ecclesiae
1707 2821 1845 3015 Riu-

289 2949 535 3037 ieschycue
562 2941 757 3015 lodrudorn.
1190 2939 1192 2943 ’
1706 2924 1710 2935 ’

393 3067 734 3154 Sznonznscnrczn,
763 3064 845 3136 villa
872 3065 936 3137 sub
963 3064 1131 3155 parocbia
1148 3065 1191 3136 de
1209 3064 1532 3156 Daieschycze
1558 3066 1639 3155 sita
1659 3066 1759 3138 cuius
1775 3086 1844 3157 pro

289 3192 421 3282 prietas
457 3190 502 3261 ad
537 3188 773 3278 episcopatum
800 3185 1063 3259 Oracovieusem
1092 3186 1254 3277 pertinet
1293 3182 1335 3259 iri¹
1362 3207 1431 3278 qua
1457 3193 1538 3259 sunt
1565 3186 1730 3259 undecim
1753 3176 1840 3260 ¹lanei

291 3302 535 3400 crnethonaios,
563 3311 645 3380 item
673 3329 741 3379 una
767 3309 926 3379 scultetia
952 3309 1086 3380 habens
1113 3329 1227 3398 agros,
1254 3308 1297 3379 do
1325 3308 1450 3398 quibus
1469 3308 1629 3380 omnibus
1648 3309 1796 3381 solvitur
1812 3316 1844 3382 et

292 3433 497 3505 conducitur
524 3431 658 3502 decima
676 3429 901 3519 manipularis
919 3436 954 3500 ct
971 3429 1148 3519 canapalis
1169 3429 1334 3502 ecclesiae
1352 3429 1389 3500 in
1406 3429 1605 3502 Daiescb
1615 3451 1737 3521 ycze,
1756 3431 1842 3502 cuius

227 3541 230 3546 ⁵
291 3556 389 3627 valor
416 3554 461 3625 ad
484 3573 549 3628 sex
575 3572 713 3624 marcas
741 3550 961 3641 aestimatur,
988 3572 1051 3641 pro
1080 3572 1148 3623 una
1175 3556 1275 3642 parte
1302 3572 1484 3642 agrorum
1510 3551 1595 3624 item
1624 3573 1695 3624 non
1723 3559 1779 3626 est
1801 3554 1872 3627 ibi⁸

292 3675 493 3767 praedium3
519 3674 602 3746 itcrn
629 3694 694 3762 pro
721 3672 790 3745 alia
813 3679 917 3763 parte
943 3693 1116 3763 agrorum,
1144 3679 1314 3764 quaeest
1341 3672 1570 3766 propinquior
1597 3673 1705 3747 villae
1722 3674 1844 3748 Daie-

291 3798 509 3889 schycze,
537 3817 597 3886 co,
624 3794 717 3886 quod
752 3795 828 3885 agri
863 3794 1011 3885 praefati
1033 3795 1269 3886 pertinebant
1304 3795 1349 3867 ad
1374 3794 1844 3889 viliamDaieschycro

294 3919 443 3991 solvitur
468 3918 634 3989 ecclesiae
658 3918 697 3993 in
723 3916 1050 4008 Daieschicze‚
1078 3917 1175 3988 cuius
1201 3916 1300 3989 valor
1327 3916 1372 3988 ad
1399 3936 1460 3989 serr
1474 3937 1631 4003 mareau

398 4022 615 4129 Curnrnrrr,
643 4038 725 4109 viiia
752 4039 816 4110 sub
844 4038 1009 4128 parochio
1036 4037 1200 4109 ccclesiae
1227 4038 1270 4109 dc
1296 4038 1611 4130 Daieschycze
1638 4039 1729 4130 sita,
1755 4041 1844 4112 cuius

290 4162 487 4254 proprietas
514 4161 559 4232 ad
586 4161 823 4252 episcopatum
851 4159 1115 4232 Gracoviensem
1142 4160 1305 4251 pertinet.
1341 4159 1381 4232 In
1409 4181 1479 4252 quc
1504 4166 1586 4233 sunt
1613 4160 1736 4233 decern
1762 4161 1845 4233 lanei

292 4283 538 4371 cmetbonaies‚
566 4282 649 4353 item
677 4303 746 4354 una
772 4281 933 4354 scoltetia
959 4281 1091 4354 babens
1118 4281 1360 4379 duosianeos,
1388 4281 1584 4385 dopquibus
1603 4268 1766 4355 ominibus
1783 4282 1844 4355 sol·

292 4406 387 4477 uitur
414 4409 449 4475 ot
476 4402 680 4475 conducitur
716 4402 849 4474 decimo
884 4403 1110 4494 manipularis
1137 4407 1174 4474 et
1200 4404 1376 4495 canapaiis
1402 4424 1467 4494 pro
1492 4405 1698 4496 episcopatu
1726 4404 1844 4477 Graec

292 4525 423 4614 vienni,
451 4524 548 4596 cuius
576 4524 675 4595 valor
701 4525 907 4597 aestimatur
933 4525 978 4595 ad
1005 4535 1067 4597 serr
1094 4544 1238 4597 marcas.
1277 4525 1366 4615 item
1393 4546 1462 4597 non
1489 4531 1545 4598 est
1570 4526 1621 4598 ibi
1647 4525 1844 4617 praedium

259 4662 262 4667 ·
292 4648 461 4737 itonrost
497 4646 545 4716 ibi
581 4667 669 4718 unus
706 4666 864 4735 campus,
892 4645 935 4718 de
964 4668 1032 4738 quo
1060 4646 1228 4737 plebanus
1254 4647 1298 4720 de
1324 4646 1645 4740 Daieschycze
1682 4647 1843 4721 decinam

290 4768 449 4859 percipit.

395 4888 698 4979 Nrnsrrrncnow,
725 4888 808 4960 viiia
834 4889 899 4967 sub
926 4890 1094 4978 parocbia
1120 4890 1163 4961 de
1189 4890 1508 4982 Daieschycze
1536 4890 1616 4981 sita,
1643 4893 1746 4966 cuius
1771 4914 1842 4985 pro

290 5010 494 5101 prietasad
522 5011 719 5101 episcopum
747 5009 1011 5088 Gracoviensem
1039 5011 1199 5100 pertinet
1225 5012 1265 5082 in
1293 5033 1362 5103 qua
1389 5015 1470 5084 sunt
1487 5017 1629 5103 septem
1646 5014 1744 5087 lanei
1760 5035 1841 5088 cmc·

291 5131 469 5221 thonaies,
498 5138 533 5203 ct
568 5153 638 5203 una
670 5132 830 5234 scoltetia
855 5133 988 5204 babens
1015 5132 1102 5207 duos
1129 5133 1264 5224 laneos,
1292 5133 1335 5205 de
1363 5134 1488 5225 quibus
1515 5135 1676 5208 omnibus
1706 5137 1843 5210 solvitur

292 5258 328 5322 et
355 5251 559 5324 conducitur
585 5252 718 5325 decima
745 5254 969 5344 manipularis
996 5260 1033 5326 ct
1060 5255 1236 5344 canapaiis
1263 5275 1327 5346 pro
1355 5257 1520 5348 episcopo
1539 5254 1790 5349 diaconicon,
1814 5263 1843 5331 et

291 5371 391 5443 valor
418 5373 491 5443 eius
518 5374 722 5443 aestimatur
748 5374 792 5444 ad
820 5380 969 5464 quatuor
996 5395 1141 5447 marcas.

396 5492 539 5583 Gonua,
564 5493 647 5564 viiia
674 5495 738 5565 sub
765 5496 931 5584 parochio
958 5495 1001 5567 de
1027 5496 1350 5589 Daieschycze
1377 5499 1454 5589 sita,
1471 5498 1569 5571 ouius
1586 5501 1790 5592 proprietas
1806 5500 1844 5577 ud

292 5615 527 5706 episcopatum
556 5612 819 5686 Oracovicnsom
846 5618 1008 5717 pertinet.
1036 5618 1076 5689 in
1105 5640 1174 5710 qua
1200 5625 1282 5691 sunt
1309 5619 1458 5691 sedecim
1484 5621 1576 5692 lanei
1604 5622 1845 5714 cmctlmnaies

290 5740 373 5809 item
401 5758 471 5808 una
498 5736 656 5808 scoltetia
683 5737 814 5819 habens
842 5737 938 5811 duos·
955 5739 1092 5831 laneos,
1120 5746 1157 5812 et
1170 5761 1286 5812 unam
1313 5742 1495 5813 tabernam
1522 5742 1711 5839 brabantum
1738 5728 1849 5838 ngrd,

291 5859 333 5930 de
362 5859 486 5961 quibus
523 5859 682 5930 omnibus
720 5859 866 5932 solvitur
902 5866 938 5932 ct
965 5860 1170 5933 conducitur
1195 5861 1328 5934 decima
1355 5862 1580 5952 manipularis
1606 5870 1645 5937 et
1672 5864 1846 5959 oanapulis

291 5999 354 6067 pro
383 5982 584 6072 episcopatu
612 5980 842 6072 Gracouiensi,
871 5988 907 6054 ct
933 5983 1033 6054 valor
1060 5985 1135 6055 eius
1162 5983 1207 6054 ad
1234 5990 1313 6057 octo
1340 6004 1475 6056 marcas
1502 5964 1721 6059 aestimatur.

392 6100 572 6192 Kanrno,
599 6104 682 6175 villo
719 6105 783 6177 sub
818 6105 984 6195 parocbia
1019 6105 1185 6179 ecciesiae
1217 6106 1260 6179 de
1286 6107 1610 6199 Daieschycze
1638 6109 1726 6200 sita,
1754 6110 1848 6184 cuius

288 6219 484 6311 proprietas
512 6221 557 6290 ad
583 6225 781 6314 episcopum
810 6226 1072 6298 Gracoriensern
1101 6207 1264 6318 pertinet„
1288 6226 1331 6299 In
1359 6248 1428 6320 qua
1454 6233 1536 6303 sunt
1553 6229 1847 6305 duodecim-lanei

289 6337 533 6430 emetironaies,
560 6341 642 6411 item
670 6365 739 6417 uno
765 6348 924 6420 scoltetia
951 6349 1083 6422 habens
1112 6350 1207 6422 duos.
1225 6350 1354 6442 lancos,
1383 6349 1426 6422 de
1453 6351 1578 6441 quibus
1596 6352 1761 6427 omnibus
1779 6354 1846 6427 aoi-
1898 6392 1902 6403 ·

289 6461 383 6530 uitur
410 6466 446 6530 et
472 6463 676 6537 conducitur
711 6465 844 6540 decima
869 6464 1097 6562 manipularis
1123 6478 1161 6545 et
1187 6471 1363 6564 canapaiis
1389 6473 1571 6551 alternatis
1599 6474 1754 6567 vicibus,
1781 6496 1849 6549 uno

288 6581 380 6653 euim
407 6601 497 6659 auno
524 6585 672 6663 solvitur
686 6576 764 6683 ¹pro
791 6593 950 6665 custodia
974 6592 1195 6687 Kyeiczcnai,
1221 6594 1341 6673 altero·
1360 6612 1451 6671 raro·
1472 6614 1565 6670 anno
1579 6596 1745 6693 -porciptt
1769 6616 1846 6673 aaut
