4200 8342
258 1294 473 1368 monasterio
491 1295 803 1368 sanctimonialium
822 1297 858 1367 in
876 1297 1075 1389 antiqua
1100 1297 1324 1387 Sandecz,
1351 1300 1386 1369 et
1402 1296 1506 1370 ralor'
1519 1300 1593 1371 eius
1612 1300 1815 1383 aestimatur

256 1415 304 1487 ad
332 1420 483 1506 quatuor
508 1436 653 1489 marcas.
688 1416 777 1488 Item
804 1416 852 1488 ibi
880 1439 948 1490 non
975 1424 1030 1491 est
1056 1417 1255 1509 praedium,
1281 1441 1350 1491 uon
1377 1424 1432 1491 est
1458 1419 1638 1510 scoltetia,
1665 1441 1735 1494 nou
1760 1426 1814 1493 ta·

256 1536 407 1627 bennae,
432 1557 502 1611 uon
529 1535 767 1628 hortulaniae,
803 1558 914 1629 neque
940 1538 1194 1627 molendinum
1219 1539 1303 1611 item
1330 1538 1478 1629 plebano
1505 1540 1652 1631 quilibet
1677 1542 1813 1614 cmetho

257 1655 305 1729 de
330 1656 425 1729 villis
450 1657 559 1731 totius
598 1677 683 1729 suae
716 1658 921 1751 parochiae,
956 1659 1063 1733 solvit
1098 1659 1249 1751 quinque
1283 1679 1351 1733 ova
1376 1666 1413 1733 et
1438 1681 1502 1752 per
1527 1682 1632 1736 unum
1668 1682 1814 1753 caseum,

257 1777 329 1851 duo
357 1777 497 1851 salsicia
522 1783 559 1853 et
585 1778 672 1853 duos
699 1798 814 1869 panes.

920 1900 1167 1973 Scnnurawn.

365 2019 461 2091 Villa
495 2020 627 2093 habens
663 2021 698 2092 11
735 2041 772 2092 se
803 2021 982 2095 eeclesiam
1018 2021 1251 2112 parochialem
1287 2022 1454 2114 ligneam,
1490 2023 1616 2097 Sancto
1652 2024 1814 2095 Michaeli

259 2139 429 2229 dicatam,
466 2140 564 2213 cuius
591 2141 715 2213 haeres
742 2139 953 2231 Stanislaus,
989 2141 1168 2215 lohannes
1194 2148 1231 2215 11
1259 2142 1423 2215 Nicolaus
1458 2146 1614 2233 germani
1641 2144 1685 2216 de
1713 2145 1815 2216 donno

259 2261 547 2351 Streparum.
581 2261 621 2332 In
650 2282 718 2353 qua
745 2267 826 2334 sunt
852 2261 1032 2333 duodecim
1059 2262 1150 2334 lanei
1178 2263 1430 2352 emethouales,
1467 2265 1549 2335 item
1577 2286 1646 2338 una
1672 2265 1817 2337 taberna

238 2382 394 2454 *habens
421 2402 543 2473 agros,
570 2382 614 2454 dc
640 2383 764 2473 quibus
791 2383 950 2456 omnibus
976 2382 1125 2455 solvitur
1151 2383 1284 2455 decima
1310 2385 1499 2474 pecunialis
1525 2406 1588 2475 per
1615 2405 1720 2456 unurn
1746 2384 1815 2456 ser-

259 2506 378 2593 tcuem
405 2501 556 2575 latorum
581 2522 782 2593 grossorum
810 2523 874 2592 pro
901 2504 1063 2594 episeopo
1091 2502 1336 2593 Gracorieusi3·
1368 2506 1451 2576 item
1478 2504 1585 2577 habet
1610 2504 1756 2577 ecelesia
1782 2510 1818 2576 et

260 2622 431 2715 plebanus
459 2643 564 2695 unum
590 2623 728 2696 laneum
755 2624 934 2715 proprium
961 2629 997 2696 et
1023 2631 1143 2715 prata,
1172 2644 1235 2715 pro
1262 2645 1324 2697 suo
1352 2646 1419 2696 usu
1445 2630 1481 2696 ct
1507 2626 1723 2699 necessitato.

376 2743 597 2836 Berensis,
635 2743 719 2817 villa
756 2746 820 2829 sub
855 2744 1020 2836 parochia
1056 2746 1099 2817 de
1134 2745 1406 2836 Schalycwa
1440 2746 1526 2848 sita,
1562 2746 1659 2819 euius
1694 2747 1817 2819 haeres

261 2865 446 2937 lohannes
480 2863 623 2941 Stadu
632 2867 772 2958 yczsh
781 2888 804 2958 y
832 2866 875 2938 de
901 2868 1007 2939 armis
1026 2921 1140 2937 .....
1174 2867 1214 2937 ln
1234 2886 1303 2957 qua
1329 2872 1411 2940 suut
1438 2872 1511 2939 tres
1537 2866 1629 2939 lanei
1664 2869 1817 2940 cmetho-

260 2986 392 3075 uales,
415 2985 459 3057 de
487 2986 612 3077 quibus
647 2986 796 3060 solvitur
832 2986 967 3059 decima
1001 2987 1192 3078 pecunialis
1226 3008 1291 3078 per
1324 3009 1429 3060 unum
1464 2987 1632 3061 fertonem
1669 2990 1819 3061 latorum

260 3127 463 3200 grossorum
490 3108 652 3201 episeopo
688 3105 930 3196 Graeoviensi3
965 3108 1048 3180 item
1075 3115 1129 3181 est
1155 3108 1204 3180 ibi
1231 3130 1320 3182 unus
1354 3109 1520 3184 scultetus
1556 3109 1687 3183 habeus
1714 3132 1817 3201 agros

262 3228 450 3320 speciales,
477 3228 521 3302 dc
548 3229 674 3321 quibus
699 3228 848 3302 decimat
866 3283 981 3301 .....
1216 3304 1219 3309 ,

913 3349 1171 3422 Τ1111111111

368 3470 463 3543 Villa
480 3471 613 3545 habens
627 3470 663 3543 in
681 3491 719 3543 se
736 3471 969 3562 parochialem
996 3470 1176 3544 ecclesiam
1202 3470 1371 3561 ligneam,
1398 3462 1514 3544 Sancti
1542 3472 1697 3563 Nicolai,
1724 3475 1820 3545 cuius

263 3591 462 3683 proprietas
489 3591 533 3663 ad
559 3590 840 3665 sanctimoniales
875 3591 1130 3664 Sandeczanses
1166 3591 1326 3682 pertinet
1362 3592 1401 3663 hr
1429 3613 1498 3685 qua
1531 3599 1612 3666 sunt
1638 3593 1817 3666 duodecim

262 3712 354 3785 lanei
382 3711 636 3804 emethouales,
663 3713 707 3785 de
735 3713 860 3803 quibus
887 3712 1036 3785 solvitur
1063 3713 1228 3785 ecelesiae
1246 3712 1291 3784 ad
1309 3734 1385 3791 eam
1412 3714 1601 3803 pertinenti
1628 3714 1818 3786 octodecim

261 3853 402 3905 marcae
428 3831 472 3905 de
497 3856 607 3929 saepe
634 3834 694 3907 Bo
707 3824 870 3927 chn‘ya,
895 3840 932 3905 et
950 3835 1075 3911 rubeta
1092 3853 1198 3925 penes
1217 3833 1399 3906 scoltetum
1418 3841 1454 3907 et
1472 3834 1562 3907 duae
1588 3835 1817 3908 hortulaniae:

263 3954 414 4047 quilibet
449 3954 586 4028 ometbo
622 3960 763 4027 tenetur
796 3974 906 4045 11111
943 3955 1115 4027 seminare
1150 3954 1195 4026 ad
1227 3960 1362 4046 tempus
1398 3955 1563 4028 aestivale
1591 3959 1627 4027 et
1653 3956 1819 4047 hyemale,

260 4076 401 4149 cmetho
428 4075 574 4166 quilibet
600 4080 740 4149 1111111
762 4075 846 4149 (1111
864 4096 928 4167 per
946 4075 1126 4163 duodecim
1153 4096 1220 4150 ova
1246 4080 1282 4147 et
1308 4081 1469 4166 perires
1495 4074 1627 4166 gallos3
1655 4075 1821 4148 scultetus

260 4217 369 4270 unum
396 4193 567 4268 fertonem
593 4202 630 4268 ct
655 4196 836 4270 duodecim
872 4202 1007 4269 eoretos
1042 4196 1209 4287 siliginis,
1246 4196 1289 4268 de
1316 4196 1470 4288 qualibet
1502 4197 1649 4269 taberna
1682 4203 1821 4269 tenetur

261 4317 350 4389 dare
377 4316 596 4409 tabernales,
623 4315 864 4390 residuitatem
890 4317 1043 4389 decimae
1070 4322 1210 4390 tenetur
1236 4316 1321 4389 dare
1349 4316 1523 4389 ecelesiae.

368 4436 668 4528 oenacensem,
695 4437 778 4510 villa
804 4442 943 4510 tenetur
969 4436 1055 4511 dare
1081 4454 1290 4528 sexagenam
1317 4441 1353 4508 et
1379 4456 1441 4527 per
1468 4441 1541 4509 tres
1558 4436 1669 4526 gallos
1696 4443 1733 4507 et
1758 4457 1821 4526 per

262 4558 354 4631 duos
381 4577 511 4633 caseos.

924 4677 1170 4751 Wornuorm.

371 4799 466 4874 Villa
500 4799 631 4873 habens
666 4800 703 4872 in
730 4820 768 4873 se
794 4799 1028 4891 parochialem
1064 4798 1242 4871 ecclesiam
1276 4804 1464 4890 muratam,
1493 4800 1626 4897 ‘honori
1661 4798 1822 4873 Omnium

265 4922 472 4995 Sanctorum
498 4920 665 5013 dicatam,
693 4941 796 5012 quarn
818 4920 987 5013 Woyak
1015 4920 1114 4993 miles
1142 4920 1296 4993 existens
1320 4925 1405 4991 tunc
1431 4940 1577 5011 magnus
1603 4927 1819 5012 procurator,

265 5044 310 5117 de
335 5042 445 5115 armis
471 5041 502 5115 0
510 5042 659 5135 gniwo
694 5041 910 5115 fundaverat.
945 5042 986 5113 In
1013 5046 1189 5133 quasunt
1223 5040 1340 5131 plures
1366 5045 1439 5113 tam
1470 5040 1597 5113 milites
1633 5040 1819 5131 Prussy,

265 5164 354 5257 alias
370 5162 788 5255 Dobroczeszscz-y,
813 5181 922 5253 gertus
940 5161 1058 5235 Sancti
1084 5160 1267 5251 Stanislai,
1294 5181 1396 5253 quam
1423 5162 1622 5234 cmethones
1649 5161 1692 5232 de
1718 5162 1823 5232 armis

267 5284 448 5377 Gzarny
473 5282 496 5357 J
507 5284 613 5375 elyu
640 5282 911 5375 etOgnywo.
937 5283 1025 5355 Item
1055 5284 1222 5356 tabernae
1241 5302 1311 5356 111
1329 5288 1411 5356 sunt
1436 5282 1504 5371 ibi,
1530 5286 1567 5353 et
1593 5281 1636 5352 de
1664 5281 1822 5354 omnibus

267 5406 362 5497 agris
387 5410 460 5477 tam
486 5404 654 5478 nobilium
680 5425 784 5497 quam
810 5405 1046 5495 emethonum,
1074 5404 1224 5478 solvitur
1250 5403 1384 5483 deciam
1409 5401 1634 5493 manipularis
1660 5406 1697 5473 et
1723 5421 1824 5474 caua-

267 5526 358 5617 palis
383 5524 551 5599 ecclcsiae
575 5531 613 5598 et
640 5524 715 5598 eius
740 5524 889 5617 plebano
915 5524 952 5597 in
978 5523 1273 5618 Woyalroua,
1308 5528 1345 5595 et
1372 5521 1471 5594 valor
1505 5519 1580 5593 eins
1616 5522 1823 5596 aestimatur

269 5646 313 5719 ad
340 5650 421 5720 octo
446 5664 591 5718 marcas.
617 5644 708 5719 Erat
732 5651 849 5718 autem
876 5644 1010 5718 decima
1028 5643 1184 5737 praefata
1210 5644 1254 5716 ab
1282 5641 1383 5715 initio
1409 5640 1616 5733 episcopalis
1642 5647 1736 5731 tota3
1763 5643 1824 5715 sed
1858 5744 1860 5748 Α

270 5766 405 5841 nobiles
430 5765 605 5857 depositis
635 5765 872 5863 cmethonibus
908 5772 1080 5856 occupant
1106 5785 1200 5855 eam,
1231 5769 1372 5836 etcum
1399 5763 1525 5837 iniuria
1560 5763 1713 5856 episcopi
1740 5764 1825 5835 dant

269 5906 346 5961 1111
371 5886 520 5978 plebano
546 5886 583 5959 11
609 5885 884 5978 Woyakowa.
910 5886 1000 5958 Item
1026 5886 1075 5958 ibi
1102 5884 1252 5958 ecclesia
1276 5890 1314 5957 et
1333 5883 1503 5976 plebanus
1528 5883 1636 5957 babet
1661 5884 1822 5976 proprios

272 6027 374 6105 agros
409 6014 447 6085 11
477 6013 599 6107 prata,
634 6027 699 6109 pro
734 6027 797 6083 suo
831 6028 897 6087 usu
933 6011 969 6083 et
1004 6005 1228 6104 necessitate,
1273 6005 1356 6085 item
1391 6011 1465 6085 tres
1499 6004 1705 6103 piscinulas,
1740 6005 1824 6081 item
