4200 8342
1735 1640 1805 1710 141

251 1847 405 1920 latorum
425 1865 635 1937 grossorum,
653 1866 716 1937 per
733 1844 902 1918 fertonem
921 1846 964 1918 de
983 1848 1139 1937 quolibet
1155 1868 1219 1939 pro
1238 1849 1409 1938 episeopo.
1434 1847 1524 1919 Item
1541 1848 1647 1919 etiam
1665 1847 1807 1919 solvunt

256 1989 356 2065 orzep
382 1988 446 2059 per
472 1987 576 2039 unam
602 1987 797 2040 mensnram
825 1968 933 2039 tritici
961 1974 996 2039 et
1023 1968 1168 2039 alteram
1195 1986 1325 2040 avenae
1351 1989 1415 2060 pro
1441 2012 1451 2039 f.
1479 2022 1486 2038 .
1513 2022 1521 2039 .

306 2126 311 2133 ·
361 2088 516 2161 stznn
540 2107 680 2179 avana,
707 2090 771 2162 sub
798 2089 964 2180 parocbia
990 2088 1110 2160 eadem
1137 2088 1180 2160 de
1207 2087 1399 2161 Grebow
1425 2091 1503 2179 sita
1530 2090 1626 2162 cuius
1653 2091 1810 2181 proprie-

255 2214 313 2283 tas
340 2209 385 2282 ad
412 2218 530 2301 regent
556 2210 727 2301 pertinet·
743 2209 785 2280 In
804 2231 872 2301 qua
890 2209 981 2281 lanei
1000 2210 1243 2301 cmethonales,
1262 2209 1304 2282 de
1324 2210 1449 2301 quibus
1468 2210 1600 2282 decima
1618 2212 1809 2301 pecunialis

256 2352 321 2424 per
348 2352 454 2403 unum
480 2329 651 2402 fertonem
677 2331 829 2403 latorum
854 2351 1055 2421 grossorum
1082 2331 1124 2402 de
1144 2331 1300 2422 quolibet
1318 2353 1381 2422 pro
1401 2332 1562 2422 episcopo
1581 2330 1809 2403 cracoviensi.

258 2452 349 2525 Item
376 2451 420 2523 de
447 2449 602 2543 quolibet
627 2452 727 2523 laneo
755 2452 903 2524 solvitur
928 2472 998 2523 una
1023 2472 1185 2523 mensura
1211 2453 1330 2542 tritici,
1347 2452 1459 2524 altera
1477 2472 1606 2523 avenae
1623 2474 1714 2543 pro.
1742 2507 1750 2523 .
1777 2508 1784 2522 .

362 2571 548 2646 Surnmon
569 2566 722 2664 Brenn,
758 2573 842 2644 villa
867 2574 931 2645 sub
958 2574 1124 2663 parochia
1151 2573 1194 2644 de
1217 2569 1413 2646 Grebow
1440 2573 1525 2662 sita,
1562 2573 1659 2644 cuius
1686 2575 1809 2646 haere-

258 2694 352 2767 ditas
369 2693 415 2766 ad
432 2678 550 2784 regem
576 2693 738 2784 pertinet.
764 2693 805 2764 In
824 2714 893 2784 qua
909 2694 1001 2765 lanei
1029 2694 1272 2784 emethon'ales,
1299 2693 1342 2765 de
1362 2693 1486 2784 quibus
1513 2692 1646 2765 derina
1663 2694 1811 2767 solvitur

257 2836 324 2908 pro
340 2814 512 2907 ‘episcopo
539 2812 763 2886 Graeoviensi
789 2832 976 2905 perunum
1001 2813 1170 2886 fertonem
1197 2814 1345 2887 latorum
1364 2834 1563 2905 grossorum
1586 2813 1629 2886 de
1647 2815 1809 2906 quolibet.
1894 2886 1896 2890 .

258 2936 350 3010 Item
375 2936 515 3009 solvunt
541 2957 639 3030 osch
665 2955 858 3026 perunum
884 2955 1080 3007 mensuram
1108 2936 1237 3027 tritici,
1278 2936 1424 3008 alteram
1452 2956 1581 3008 avenae
1609 2957 1672 3026 pro
1692 2990 1810 3007 .....

365 3055 531 3146 Gronau,
558 3055 642 3127 villa
667 3056 732 3127 sub
759 3056 878 3129 eadem
904 3056 1071 3147 parochia
1097 3055 1141 3128 de
1168 3054 1359 3128 Grebow
1386 3057 1463 3146 sita,
1491 3056 1587 3128 cuius
1613 3058 1810 3148 proprietas

260 3178 306 3250 ad
331 3198 450 3269 regem
476 3177 639 3268 pertinet.
665 3177 705 3248 In
733 3181 901 3268 quaeunt
917 3177 1011 3249 lanei
1037 3177 1282 3267 emethonales,
1309 3176 1352 3248 de
1371 3177 1495 3269 quibus
1514 3177 1661 3249 solvitur
1678 3177 1811 3251 decima

260 3320 327 3391 pro
354 3299 517 3391 episcopo
544 3297 775 3372 cracoviensi.
801 3298 890 3370 Item
917 3298 1002 3370 dant
1026 3319 1125 3392 orzep
1151 3319 1215 3390 per
1234 3352 1374 3370 ......

327 3439 331 3445 ·
950 3417 1140 3492 Pononrn.

364 3538 459 3612 Villa
483 3538 624 3612 habens·
642 3540 678 3611 in
705 3558 742 3612 se
770 3539 948 3612 ecclesiam
975 3540 1208 3632 parocbIalem
1233 3540 1392 3632 ligneam,
1419 3539 1579 3613 Omnium
1602 3539 1810 3614 Sanctorum

258 3663 385 3736 honori
411 3662 571 3752 dicatam,
599 3662 696 3733 cuius
722 3660 846 3733 haeres
873 3662 1009 3734 ratione
1023 3663 1160 3734 'uxoris
1176 3661 1369 3734 Stadislaus
1396 3662 1738 3754 Thancnynsky
1768 3664 1811 3735 de

260 3782 363 3857 domo
391 3782 709 3874 Bippennium.
752 3783 889 3873 Inque
925 3803 994 3855 non
1029 3788 1112 3855 sunt
1147 3783 1240 3855 lanei
1274 3803 1395 3875 neque
1411 3784 1664 3875 emethonales‚
1701 3805 1811 3875 neque

258 3904 491 3978 hortulaniae.
534 3903 629 3976 Iacet
648 3906 771 3975 eutem
798 3903 882 3975 villa
907 3902 1067 3995 praefata
1092 3905 1191 3976 iuxta
1216 3909 1409 3977 torrentem
1427 3959 1435 3973 .
1454 3959 1461 3974 .
1533 3925 1568 3994 .⁴,
1596 3905 1631 3976 in
1659 3926 1728 3995 quo
1758 3911 1813 3976 est

259 4047 367 4098 unum
394 4023 627 4097 molendinum
653 4024 784 4096 habens
810 4024 920 4097 bonos
948 4045 1061 4115 agros,
1101 4025 1296 4116 dequibus
1323 4026 1470 4097 solvitur
1497 4018 1629 4097 decinia
1655 4027 1813 4116 manipu-

260 4146 346 4219 laris
374 4152 410 4218 et
437 4146 612 4236 canapalis
646 4162 711 4236 pro
738 4146 884 4217 eeclesia
919 4146 955 4216 in
980 4144 1203 4239 Podolye‚
1240 4150 1276 4217 et
1301 4146 1402 4217 valor
1435 4147 1509 4218 eius
1536 4146 1741 4217 aestimatur
1767 4147 1812 4217 ad

260 4288 366 4341 unam
391 4286 551 4338 marcam
595 4265 798 4356 Proprietas
825 4270 940 4337 autom
967 4265 1136 4338 eiusdem
1148 4266 1335 4338 molendini
1361 4266 1516 4357 pertinet
1542 4267 1588 4338 ad
1615 4267 1810 4364 scoltetiam
1870 4336 1873 4341 .

261 4388 297 4461 in
323 4387 612 4460 Possadovva.
638 4387 728 4459 Item
754 4391 809 4458 est
836 4386 886 4458 ibi
911 4408 980 4459 nna
1005 4387 1311 4459 taberna'habens
1330 4407 1461 4478 agrum,
1488 4386 1585 4460 cuius
1612 4386 1809 4479 proprietas·

262 4508 306 4582 ad
332 4508 519 4600 plebanum
544 4507 581 4579 in
607 4507 813 4598 Podolye
840 4508 1002 4599 pertiuet,
1030 4514 1067 4580 et
1092 4508 1210 4580 solvit·
1223 4509 1290 4580 sibi
1317 4529 1419 4580 unam
1446 4528 1598 4581 mercam
1615 4530 1679 4599 pro
1697 4529 1813 4599 censu,

263 4637 299 4703 et
325 4630 458 4721 absque
484 4629 615 4702 solario
642 4629 760 4720 coquit
785 4648 848 4719 pro
876 4648 917 4701 eo
944 4629 1136 4720 cervisiam,
1164 4633 1247 4701 eta
1265 4630 1420 4721 quolibet
1448 4630 1576 4702 octnali
1602 4628 1646 4701 de
1673 4629 1813 4702 civitate

263 4751 430 4840 adducto,
465 4751 572 4823 solvit
596 4751 743 4841 plebano
772 4771 878 4823 unum
905 4752 1074 4843 quartale
1092 4751 1277 4842 cervislae,
1313 4752 1357 4824 ab
1385 4752 1513 4824 octuui
1541 4772 1623 4824 vero
1650 4753 1812 4842 propriae

263 4870 496 4963 braxaturae‘
512 4871 573 4944 dat
589 4872 720 4944 thiuam
740 4893 844 4944 unam
863 4872 1067 4965 siliquarum
1090 4878 1125 4944 et
1143 4877 1302 4963 quartam
1329 4873 1505 4945 cervisiae.
1531 4873 1620 4944 Item
1646 4872 1814 4962 plebanus

262 4994 371 5068 babet
397 4994 559 5085 proprios
586 5014 689 5084 agros
716 4998 753 5065 et
778 4999 890 5085 prata
903 4991 980 5085 ¹'pro
1007 5013 1070 5065 suo
1097 4993 1240 5085 praedio
1268 4997 1304 5065 et
1329 4994 1545 5065 necessitate.

365 5115 621 5205 Posznoowe
657 5114 741 5187 villa
776 5116 840 5187 snb
866 5115 1033 5207 parochia
1066 5115 1231 5187 ecclesiae
1268 5115 1310 5185 de
1347 5091 1469 5186 Po'do
1484 5114 1557 5206 lye
1593 5114 1681 5206 sita,
1718 5115 1815 5187 euius
1962 5204 1966 5210 .

257 5236 386 5310 haeres
412 5234 504 5307 idem
540 5235 733 5308 Stanislaus
774 5236 1122 5328 Tbanczynsky.
1166 5236 1207 5307 In
1234 5257 1303 5327 qua
1329 5241 1410 5308 sunt
1444 5236 1536 5307 lanei
1569 5236 1813 5327 emethonales‚

255 5357 459 5449 dequibus
495 5356 643 5429 solvitur
678 5356 812 5429 deoIma
847 5358 1074 5449 manipularir
1111 5363 1146 5428 et
1172 5358 1347 5448 canapalis
1383 5357 1545 5448 episcopo
1582 5355 1813 5449 cracoviensi,

257 5485 298 5552 et
323 5479 424 5552 valor
450 5452 758 5573 eiusffltnnarur
782 5478 827 5550 ad
855 5485 1005 5570 quatuor
1030 5499 1173 5550 marcas.
1213 5478 1303 5550 item
1330 5484 1385 5551 est
1410 5479 1460 5551 ibi
1485 5479 1655 5570 scoltetia,
1682 5479 1815 5552 habens

258 5601 361 5675 dnos.
377 5601 515 5691 lenem,
531 5598 737 5695 'dequibus
764 5600 914 5673 decimat
940 5601 1105 5672 eeclesiae
1132 5600 1168 5671 in
1195 5599 1421 5692 Podolye‚
1460 5600 1558 5673 cuius
1585 5601 1684 5672 valor
1711 5602 1815 5673 aesti-

258 5726 379 5793 matur
405 5719 450 5792 ad
476 5740 582 5792 unam
606 5740 768 5792 ulmeam.
812 5722 901 5793 Item
928 5725 983 5793 est
1009 5708 1046 5792 in
1073 5721 1194 5793 eadem
1220 5721 1304 5793 villa
1338 5741 1427 5794 unus
1453 5721 1575 5794 laneus
1605 5720 1745 5811 plebani
1772 5720 1815 5792 de

261 5842 490 5935 Podolye,
526 5842 664 5933 dequo
701 5843 767 5915 sibi
800 5863 863 5934 pro
892 5863 997 5916 censu
1031 5843 1177 5915 solvitur
1212 5864 1281 5914 una
1316 5863 1433 5914 marca
1460 5846 1497 5914 et
1513 5838 1680 5940 'laborat'
1699 5861 1816 5913 omnes

263 5964 404 6037 labores
431 5968 468 6036 et
486 5961 681 6059 ponebam.

368 6082 545 6175 linones,
580 6084 664 6156 villa
690 6085 755 6157 sub
781 6085 946 6177 'parochia
972 6085 1015 6157 de
1051 6085 1256 6176 Podolye
1293 6085 1378 6175 sita,
1415 6083 1511 6155 cuius
1543 6082 1742 6174 proprietas
1770 6085 1815 6156 ad

263 6204 397 6278 nobiles
424 6204 467 6277 de
494 6204 596 6279 domo
616 6261 757 6278 ......
782 6206 824 6279 In
853 6228 921 6300 qua
948 6214 1029 6279 sunt
1054 6208 1148 6278 lanei
1175 6206 1418 6297 cmethonales‚
1446 6205 1488 6277 de
1517 6206 1641 6297 quibus
1670 6207 1818 6279 solvitur

264 6333 300 6401 et
325 6327 532 6401 conducitur
558 6327 691 6400 decima
717 6328 942 6421 manipularis
969 6329 1117 6421 plebano
1145 6329 1181 6399 in
1207 6327 1430 6420 Podolye,
1464 6331 1499 6399 et
1525 6326 1568 6398 de
1595 6327 1690 6418 agris
1716 6346 1817 6418 prae·

265 6448 412 6522 dielibus
439 6449 551 6522 eidem
578 6448 778 6522 decimatur.
822 6452 909 6523 Item
935 6450 1104 6529 haeredes
1141 6449 1294 6522 eiusdem
1321 6450 1423 6522 villae
1459 6450 1681 6522 contulerunt
1710 6470 1817 6521 unum

272 6568 409 6647 laneum
435 6568 728 6667 iu‘corzaua,
762 6571 927 6648 ecclesiae
965 6568 1249 6672 iuPodolye
1284 6569 1471 6670 praeripe
1497 6575 1612 6651 queem
1639 6568 1723 6649 v111a
1749 6573 1820 6737 ψ
1848 6568 1850 6573 ·
1991 6558 1994 6565 ’
