<?xml version="1.0" encoding="UTF-8"?>
<!DOCTYPE html PUBLIC "-//W3C//DTD XHTML 1.0 Transitional//EN"
    "http://www.w3.org/TR/xhtml1/DTD/xhtml1-transitional.dtd">
<html xmlns="http://www.w3.org/1999/xhtml" xml:lang="en" lang="en">
 <head>
  <title>
</title>
<meta http-equiv="Content-Type" content="text/html;charset=utf-8" />
  <meta name='ocr-system' content='tesseract 3.04.00' />
  <meta name='ocr-capabilities' content='ocr_page ocr_carea ocr_par ocr_line ocrx_word'/>
</head>
<body>
  <div class='ocr_page' id='page_1' title='image "./joannisdugoszse01dugoog_0218.png"; bbox 0 0 4200 8342; ppageno 0'>
   <div class='ocr_carea' id='block_1_1' title="bbox 375 1609 446 1683">
    <p class='ocr_par' dir='ltr' id='par_1_1' title="bbox 375 1609 446 1683">
     <span class='ocr_line' id='line_1_1' title="bbox 375 1609 446 1683; baseline -0.028 -1"><span class='ocrx_word' id='word_1_1' title='bbox 375 1609 446 1683; x_wconf 76' lang='lat'>192</span> 
     </span>
    </p>
   </div>
   <div class='ocr_carea' id='block_1_2' title="bbox 330 1810 1919 4190">
    <p class='ocr_par' dir='ltr' id='par_1_2' title="bbox 330 1810 1919 4190">
     <span class='ocr_line' id='line_1_2' title="bbox 365 1810 1917 1904; baseline -0.002 -19"><span class='ocrx_word' id='word_1_2' title='bbox 365 1821 418 1886; x_wconf 87' lang='lat' dir='ltr'><strong>est</strong></span> <span class='ocrx_word' id='word_1_3' title='bbox 449 1814 497 1885; x_wconf 89' lang='lat' dir='ltr'>ibi</span> <span class='ocrx_word' id='word_1_4' title='bbox 525 1813 706 1903; x_wconf 83' lang='lat' dir='ltr'>praedium</span> <span class='ocrx_word' id='word_1_5' title='bbox 734 1814 884 1885; x_wconf 85' lang='lat' dir='ltr'>militare</span> <span class='ocrx_word' id='word_1_6' title='bbox 911 1813 984 1886; x_wconf 82' lang='lat' dir='ltr'><strong>sive</strong></span> <span class='ocrx_word' id='word_1_7' title='bbox 1011 1818 1197 1904; x_wconf 82' lang='lat' dir='ltr'><strong>castrense,</strong></span> <span class='ocrx_word' id='word_1_8' title='bbox 1224 1813 1267 1884; x_wconf 93' lang='lat' dir='ltr'>de</span> <span class='ocrx_word' id='word_1_9' title='bbox 1285 1812 1382 1886; x_wconf 90' lang='lat' dir='ltr'>cuius</span> <span class='ocrx_word' id='word_1_10' title='bbox 1409 1812 1503 1903; x_wconf 80' lang='lat' dir='ltr'>agris</span> <span class='ocrx_word' id='word_1_11' title='bbox 1530 1810 1623 1884; x_wconf 85' lang='lat' dir='ltr'>cedit</span> <span class='ocrx_word' id='word_1_12' title='bbox 1649 1811 1781 1884; x_wconf 88' lang='lat' dir='ltr'>decima</span> <span class='ocrx_word' id='word_1_13' title='bbox 1807 1811 1917 1883; x_wconf 90' lang='lat' dir='ltr'>maui-</span> 
     </span>
     <span class='ocr_line' id='line_1_3' title="bbox 364 1919 1917 2024; baseline -0.001 -20"><span class='ocrx_word' id='word_1_14' title='bbox 364 1937 495 2023; x_wconf 87' lang='lat' dir='ltr'>pularis</span> <span class='ocrx_word' id='word_1_15' title='bbox 533 1936 737 2024; x_wconf 86' lang='lat' dir='ltr'>presbytero</span> <span class='ocrx_word' id='word_1_16' title='bbox 775 1936 953 2005; x_wconf 84' lang='lat' dir='ltr'><strong>castrensi.</strong></span> <span class='ocrx_word' id='word_1_17' title='bbox 998 1934 1086 2005; x_wconf 82' lang='lat' dir='ltr'><strong>Item</strong></span> <span class='ocrx_word' id='word_1_18' title='bbox 1122 1940 1176 2005; x_wconf 87' lang='lat' dir='ltr'><strong>est</strong></span> <span class='ocrx_word' id='word_1_19' title='bbox 1203 1935 1251 2006; x_wconf 92' lang='lat' dir='ltr'>ibi</span> <span class='ocrx_word' id='word_1_20' title='bbox 1278 1933 1481 2023; x_wconf 87' lang='lat' dir='ltr'>advocatia,</span> <span class='ocrx_word' id='word_1_21' title='bbox 1520 1933 1652 2005; x_wconf 90' lang='lat' dir='ltr'><strong>habeus</strong></span> <span class='ocrx_word' id='word_1_22' title='bbox 1686 1932 1772 2004; x_wconf 90' lang='lat' dir='ltr'>duos</span> <span class='ocrx_word' id='word_1_23' title='bbox 1798 1919 1917 2003; x_wconf 84' lang='lat' dir='ltr'>laneos</span> 
     </span>
     <span class='ocr_line' id='line_1_4' title="bbox 368 2050 1917 2145; baseline -0.002 -21"><span class='ocrx_word' id='word_1_24' title='bbox 368 2075 530 2143; x_wconf 82' lang='lat' dir='ltr'>agrorum</span> <span class='ocrx_word' id='word_1_25' title='bbox 557 2058 592 2125; x_wconf 90' lang='lat' dir='ltr'>iu</span> <span class='ocrx_word' id='word_1_26' title='bbox 620 2056 765 2145; x_wconf 90' lang='lat' dir='ltr'>oppido,</span> <span class='ocrx_word' id='word_1_27' title='bbox 802 2054 997 2143; x_wconf 87' lang='lat' dir='ltr'>dequibus</span> <span class='ocrx_word' id='word_1_28' title='bbox 1032 2055 1138 2144; x_wconf 81' lang='lat' dir='ltr'>solvit</span> <span class='ocrx_word' id='word_1_29' title='bbox 1174 2054 1339 2126; x_wconf 79' lang='lat' dir='ltr'>decimam</span> <span class='ocrx_word' id='word_1_30' title='bbox 1370 2053 1585 2144; x_wconf 87' lang='lat' dir='ltr'>pecunialem</span> <span class='ocrx_word' id='word_1_31' title='bbox 1621 2073 1698 2136; x_wconf 87' lang='lat' dir='ltr'>eum</span> <span class='ocrx_word' id='word_1_32' title='bbox 1734 2050 1917 2143; x_wconf 90' lang='lat' dir='ltr'>oppidanis</span> 
     </span>
     <span class='ocr_line' id='line_1_5' title="bbox 364 2172 1917 2265; baseline -0.002 -21"><span class='ocrx_word' id='word_1_33' title='bbox 364 2174 616 2264; x_wconf 87' lang='lat' dir='ltr'>praehendario</span> <span class='ocrx_word' id='word_1_34' title='bbox 653 2176 689 2244; x_wconf 95' lang='lat' dir='ltr'>in</span> <span class='ocrx_word' id='word_1_35' title='bbox 729 2173 1024 2245; x_wconf 86' lang='lat' dir='ltr'>Pelezuicza:</span> <span class='ocrx_word' id='word_1_36' title='bbox 1065 2175 1147 2245; x_wconf 92' lang='lat' dir='ltr'>item</span> <span class='ocrx_word' id='word_1_37' title='bbox 1189 2174 1358 2265; x_wconf 89' lang='lat' dir='ltr'>plebanus</span> <span class='ocrx_word' id='word_1_38' title='bbox 1399 2175 1434 2244; x_wconf 94' lang='lat' dir='ltr'>iu</span> <span class='ocrx_word' id='word_1_39' title='bbox 1475 2172 1772 2264; x_wconf 82' lang='lat' dir='ltr'>Gozyeglowi</span> <span class='ocrx_word' id='word_1_40' title='bbox 1811 2172 1917 2243; x_wconf 88' lang='lat' dir='ltr'>habet</span> 
     </span>
     <span class='ocr_line' id='line_1_6' title="bbox 367 2292 1916 2384; baseline -0.001 -20"><span class='ocrx_word' id='word_1_41' title='bbox 367 2294 656 2366; x_wconf 88' lang='lat' dir='ltr'>columhatiouem</span> <span class='ocrx_word' id='word_1_42' title='bbox 683 2301 764 2383; x_wconf 88' lang='lat' dir='ltr'>post</span> <span class='ocrx_word' id='word_1_43' title='bbox 790 2294 981 2383; x_wconf 85' lang='lat' dir='ltr'>oppidanos</span> <span class='ocrx_word' id='word_1_44' title='bbox 1007 2299 1043 2364; x_wconf 87' lang='lat' dir='ltr'><strong>et</strong></span> <span class='ocrx_word' id='word_1_45' title='bbox 1070 2294 1294 2383; x_wconf 76' lang='lat' dir='ltr'>offertorium</span> <span class='ocrx_word' id='word_1_46' title='bbox 1320 2296 1403 2366; x_wconf 91' lang='lat' dir='ltr'>item</span> <span class='ocrx_word' id='word_1_47' title='bbox 1422 2301 1505 2365; x_wconf 88' lang='lat' dir='ltr'>sunt</span> <span class='ocrx_word' id='word_1_48' title='bbox 1531 2294 1581 2365; x_wconf 93' lang='lat' dir='ltr'>ibi</span> <span class='ocrx_word' id='word_1_49' title='bbox 1607 2294 1760 2384; x_wconf 89' lang='lat' dir='ltr'>quinque</span> <span class='ocrx_word' id='word_1_50' title='bbox 1786 2292 1916 2364; x_wconf 90' lang='lat' dir='ltr'>molen-</span> 
     </span>
     <span class='ocr_line' id='line_1_7' title="bbox 368 2412 1899 2505; baseline 0 -22"><span class='ocrx_word' id='word_1_51' title='bbox 368 2412 459 2503; x_wconf 90' lang='lat' dir='ltr'>dina,</span> <span class='ocrx_word' id='word_1_52' title='bbox 486 2413 528 2485; x_wconf 91' lang='lat' dir='ltr'><strong>de</strong></span> <span class='ocrx_word' id='word_1_53' title='bbox 556 2415 681 2503; x_wconf 90' lang='lat' dir='ltr'>quibus</span> <span class='ocrx_word' id='word_1_54' title='bbox 706 2414 818 2484; x_wconf 92' lang='lat' dir='ltr'>solum</span> <span class='ocrx_word' id='word_1_55' title='bbox 844 2414 912 2486; x_wconf 90' lang='lat' dir='ltr'>duo</span> <span class='ocrx_word' id='word_1_56' title='bbox 940 2415 1071 2486; x_wconf 85' lang='lat' dir='ltr'>habeut</span> <span class='ocrx_word' id='word_1_57' title='bbox 1094 2425 1209 2505; x_wconf 69' lang='lat' dir='ltr'>&#39;agms</span> <span class='ocrx_word' id='word_1_58' title='bbox 1237 2415 1431 2505; x_wconf 89' lang='lat' dir='ltr'>dequibus</span> <span class='ocrx_word' id='word_1_59' title='bbox 1459 2414 1606 2486; x_wconf 82' lang='lat' dir='ltr'>solvitur</span> <span class='ocrx_word' id='word_1_60' title='bbox 1633 2413 1765 2504; x_wconf 85' lang='lat' dir='ltr'>decima</span> <span class='ocrx_word' id='word_1_61' title='bbox 1767 2467 1811 2485; x_wconf 92' lang='grc'><strong>.....</strong></span> <span class='ocrx_word' id='word_1_62' title='bbox 1895 2457 1899 2462; x_wconf 97' lang='grc'>-</span> 
     </span>
     <span class='ocr_line' id='line_1_8' title="bbox 472 2533 1917 2626; baseline -0.003 -21"><span class='ocrx_word' id='word_1_63' title='bbox 472 2534 664 2623; x_wconf 85' lang='lat' dir='ltr'>szuow,</span> <span class='ocrx_word' id='word_1_64' title='bbox 704 2534 789 2605; x_wconf 85' lang='lat' dir='ltr'>villa</span> <span class='ocrx_word' id='word_1_65' title='bbox 823 2535 888 2605; x_wconf 87' lang='lat' dir='ltr'>sub</span> <span class='ocrx_word' id='word_1_66' title='bbox 919 2535 1084 2623; x_wconf 87' lang='lat' dir='ltr'>parochia</span> <span class='ocrx_word' id='word_1_67' title='bbox 1118 2534 1161 2606; x_wconf 92' lang='lat' dir='ltr'>de</span> <span class='ocrx_word' id='word_1_68' title='bbox 1198 2533 1501 2626; x_wconf 81' lang='lat' dir='ltr'>Gozyeglowy</span> <span class='ocrx_word' id='word_1_69' title='bbox 1535 2533 1622 2623; x_wconf 88' lang='lat' dir='ltr'>sita,</span> <span class='ocrx_word' id='word_1_70' title='bbox 1660 2534 1758 2606; x_wconf 86' lang='lat' dir='ltr'>cuius</span> <span class='ocrx_word' id='word_1_71' title='bbox 1793 2534 1917 2604; x_wconf 82' lang='lat' dir='ltr'><strong>haeres</strong></span> 
     </span>
     <span class='ocr_line' id='line_1_9' title="bbox 330 2637 1917 2745; baseline -0.003 -20"><span class='ocrx_word' id='word_1_72' title='bbox 330 2704 333 2710; x_wconf 85' lang='lat'><em>-</em></span> <span class='ocrx_word' id='word_1_73' title='bbox 367 2653 390 2725; x_wconf 88' lang='lat' dir='ltr'>J</span> <span class='ocrx_word' id='word_1_74' title='bbox 392 2655 543 2725; x_wconf 88' lang='lat' dir='ltr'>ohannes</span> <span class='ocrx_word' id='word_1_75' title='bbox 570 2653 946 2745; x_wconf 84' lang='lat' dir='ltr'>Gozyeglowshy.</span> <span class='ocrx_word' id='word_1_76' title='bbox 973 2654 1013 2724; x_wconf 94' lang='lat' dir='ltr'>Iu</span> <span class='ocrx_word' id='word_1_77' title='bbox 1032 2674 1101 2744; x_wconf 89' lang='lat' dir='ltr'>qua</span> <span class='ocrx_word' id='word_1_78' title='bbox 1118 2637 1200 2725; x_wconf 89' lang='lat' dir='ltr'>sunt</span> <span class='ocrx_word' id='word_1_79' title='bbox 1226 2654 1318 2732; x_wconf 85' lang='lat' dir='ltr'>lanei</span> <span class='ocrx_word' id='word_1_80' title='bbox 1335 2654 1577 2744; x_wconf 76' lang='lat' dir='ltr'>emethonaleS,</span> <span class='ocrx_word' id='word_1_81' title='bbox 1593 2654 1647 2726; x_wconf 72' lang='lat' dir='ltr'>„de</span> <span class='ocrx_word' id='word_1_82' title='bbox 1665 2653 1790 2744; x_wconf 90' lang='lat' dir='ltr'>quibus</span> <span class='ocrx_word' id='word_1_83' title='bbox 1808 2652 1917 2724; x_wconf 89' lang='lat' dir='ltr'>omni·</span> 
     </span>
     <span class='ocr_line' id='line_1_10' title="bbox 371 2772 1916 2865; baseline -0.001 -22"><span class='ocrx_word' id='word_1_84' title='bbox 371 2774 436 2844; x_wconf 89' lang='lat' dir='ltr'>bus</span> <span class='ocrx_word' id='word_1_85' title='bbox 463 2774 609 2845; x_wconf 88' lang='lat' dir='ltr'>solvitur</span> <span class='ocrx_word' id='word_1_86' title='bbox 635 2778 672 2843; x_wconf 91' lang='lat' dir='ltr'>et</span> <span class='ocrx_word' id='word_1_87' title='bbox 697 2772 902 2844; x_wconf 82' lang='lat' dir='ltr'>conducitur</span> <span class='ocrx_word' id='word_1_88' title='bbox 928 2773 1060 2852; x_wconf 90' lang='lat' dir='ltr'>decima</span> <span class='ocrx_word' id='word_1_89' title='bbox 1087 2774 1311 2863; x_wconf 81' lang='lat' dir='ltr'>manipularis</span> <span class='ocrx_word' id='word_1_90' title='bbox 1338 2779 1374 2845; x_wconf 87' lang='lat' dir='ltr'>et</span> <span class='ocrx_word' id='word_1_91' title='bbox 1401 2773 1577 2865; x_wconf 88' lang='lat' dir='ltr'>canapalis</span> <span class='ocrx_word' id='word_1_92' title='bbox 1604 2773 1769 2845; x_wconf 89' lang='lat' dir='ltr'><strong>ecelesiae</strong></span> <span class='ocrx_word' id='word_1_93' title='bbox 1788 2777 1825 2844; x_wconf 90' lang='lat' dir='ltr'>et</span> <span class='ocrx_word' id='word_1_94' title='bbox 1842 2772 1916 2861; x_wconf 92' lang='lat' dir='ltr'>ple-</span> 
     </span>
     <span class='ocr_line' id='line_1_11' title="bbox 369 2892 1918 2988; baseline -0.002 -24"><span class='ocrx_word' id='word_1_95' title='bbox 369 2895 461 2964; x_wconf 87' lang='lat' dir='ltr'>bano</span> <span class='ocrx_word' id='word_1_96' title='bbox 489 2895 525 2964; x_wconf 94' lang='lat' dir='ltr'>iu</span> <span class='ocrx_word' id='word_1_97' title='bbox 551 2892 861 2986; x_wconf 74' lang='lat' dir='ltr'>Oozyegrlowi‚</span> <span class='ocrx_word' id='word_1_98' title='bbox 892 2899 929 2965; x_wconf 88' lang='lat' dir='ltr'>et</span> <span class='ocrx_word' id='word_1_99' title='bbox 954 2892 1054 2966; x_wconf 88' lang='lat' dir='ltr'>valor</span> <span class='ocrx_word' id='word_1_100' title='bbox 1080 2895 1155 2966; x_wconf 87' lang='lat' dir='ltr'>eius</span> <span class='ocrx_word' id='word_1_101' title='bbox 1181 2896 1383 2966; x_wconf 90' lang='lat' dir='ltr'>aestimatur</span> <span class='ocrx_word' id='word_1_102' title='bbox 1409 2895 1454 2966; x_wconf 87' lang='lat' dir='ltr'>ad</span> <span class='ocrx_word' id='word_1_103' title='bbox 1491 2949 1522 2964; x_wconf 90' lang='lat'>..</span> <span class='ocrx_word' id='word_1_104' title='bbox 1541 2949 1549 2964; x_wconf 93' lang='lat'><strong>.</strong></span> <span class='ocrx_word' id='word_1_105' title='bbox 1568 2950 1575 2965; x_wconf 90' lang='lat'><strong>.</strong></span> <span class='ocrx_word' id='word_1_106' title='bbox 1594 2949 1602 2966; x_wconf 89' lang='lat'>.</span> <span class='ocrx_word' id='word_1_107' title='bbox 1621 2918 1630 2984; x_wconf 94' lang='lat'>;</span> <span class='ocrx_word' id='word_1_108' title='bbox 1649 2897 1731 2966; x_wconf 88' lang='lat' dir='ltr'>item</span> <span class='ocrx_word' id='word_1_109' title='bbox 1748 2915 1818 2988; x_wconf 85' lang='lat' dir='ltr'>nop</span> <span class='ocrx_word' id='word_1_110' title='bbox 1836 2898 1918 2964; x_wconf 90' lang='lat' dir='ltr'>suut</span> 
     </span>
     <span class='ocr_line' id='line_1_12' title="bbox 366 2983 1845 3104; baseline 0.001 -22"><span class='ocrx_word' id='word_1_111' title='bbox 366 3013 543 3102; x_wconf 88' lang='lat' dir='ltr'>tabernae,</span> <span class='ocrx_word' id='word_1_112' title='bbox 571 3033 640 3084; x_wconf 90' lang='lat' dir='ltr'>uon</span> <span class='ocrx_word' id='word_1_113' title='bbox 667 3018 749 3083; x_wconf 83' lang='lat' dir='ltr'>sunt</span> <span class='ocrx_word' id='word_1_114' title='bbox 776 3013 1004 3104; x_wconf 89' lang='lat' dir='ltr'>hortulauiae,</span> <span class='ocrx_word' id='word_1_115' title='bbox 1032 3032 1143 3103; x_wconf 90' lang='lat' dir='ltr'>neque</span> <span class='ocrx_word' id='word_1_116' title='bbox 1170 3011 1361 3103; x_wconf 87' lang='lat' dir='ltr'>praedium.</span> <span class='ocrx_word' id='word_1_117' title='bbox 1474 2989 1478 2996; x_wconf 35' lang='lat'>⁸</span> <span class='ocrx_word' id='word_1_118' title='bbox 1786 2983 1845 3070; x_wconf 46' lang='lat'>*²</span> 
     </span>
     <span class='ocr_line' id='line_1_13' title="bbox 469 3132 1917 3225; baseline 0 -22"><span class='ocrx_word' id='word_1_119' title='bbox 469 3132 782 3222; x_wconf 73' lang='lat' dir='ltr'>Wommwmm,</span> <span class='ocrx_word' id='word_1_120' title='bbox 817 3133 899 3204; x_wconf 88' lang='lat' dir='ltr'>villu</span> <span class='ocrx_word' id='word_1_121' title='bbox 934 3134 998 3206; x_wconf 91' lang='lat' dir='ltr'>sub</span> <span class='ocrx_word' id='word_1_122' title='bbox 1024 3134 1190 3224; x_wconf 76' lang='lat' dir='ltr'>parochia</span> <span class='ocrx_word' id='word_1_123' title='bbox 1226 3135 1268 3205; x_wconf 94' lang='lat' dir='ltr'><strong>de</strong></span> <span class='ocrx_word' id='word_1_124' title='bbox 1304 3132 1627 3225; x_wconf 81' lang='lat' dir='ltr'>Gozyeglowy,</span> <span class='ocrx_word' id='word_1_125' title='bbox 1663 3135 1759 3206; x_wconf 88' lang='lat' dir='ltr'>cuius</span> <span class='ocrx_word' id='word_1_126' title='bbox 1792 3134 1917 3206; x_wconf 85' lang='lat' dir='ltr'>haeres</span> 
     </span>
     <span class='ocr_line' id='line_1_14' title="bbox 373 3252 1919 3352; baseline -0.004 -25"><span class='ocrx_word' id='word_1_127' title='bbox 373 3254 550 3327; x_wconf 89' lang='lat' dir='ltr'>Johanues</span> <span class='ocrx_word' id='word_1_128' title='bbox 576 3252 781 3343; x_wconf 83' lang='lat' dir='ltr'>Kozyegl</span> <span class='ocrx_word' id='word_1_129' title='bbox 792 3273 811 3323; x_wconf 92' lang='lat' dir='ltr'>o</span> <span class='ocrx_word' id='word_1_130' title='bbox 822 3253 952 3352; x_wconf 71' lang='lat' dir='ltr'>wskpj.</span> <span class='ocrx_word' id='word_1_131' title='bbox 978 3253 1020 3323; x_wconf 92' lang='lat' dir='ltr'>In</span> <span class='ocrx_word' id='word_1_132' title='bbox 1038 3273 1108 3343; x_wconf 88' lang='lat' dir='ltr'>qua</span> <span class='ocrx_word' id='word_1_133' title='bbox 1125 3259 1206 3324; x_wconf 89' lang='lat' dir='ltr'>suut</span> <span class='ocrx_word' id='word_1_134' title='bbox 1223 3253 1314 3324; x_wconf 88' lang='lat' dir='ltr'>lanei</span> <span class='ocrx_word' id='word_1_135' title='bbox 1332 3253 1574 3343; x_wconf 85' lang='lat' dir='ltr'>emethonales,</span> <span class='ocrx_word' id='word_1_136' title='bbox 1601 3252 1644 3324; x_wconf 90' lang='lat' dir='ltr'>de</span> <span class='ocrx_word' id='word_1_137' title='bbox 1666 3253 1791 3343; x_wconf 89' lang='lat' dir='ltr'>quibus</span> <span class='ocrx_word' id='word_1_138' title='bbox 1809 3254 1919 3324; x_wconf 92' lang='lat' dir='ltr'>omui-</span> 
     </span>
     <span class='ocr_line' id='line_1_15' title="bbox 368 3372 1916 3464; baseline -0.002 -19"><span class='ocrx_word' id='word_1_139' title='bbox 368 3376 434 3446; x_wconf 92' lang='lat' dir='ltr'>bus</span> <span class='ocrx_word' id='word_1_140' title='bbox 461 3374 670 3444; x_wconf 90' lang='lat' dir='ltr'>solvitur-et</span> <span class='ocrx_word' id='word_1_141' title='bbox 697 3373 900 3444; x_wconf 86' lang='lat' dir='ltr'>conducitur</span> <span class='ocrx_word' id='word_1_142' title='bbox 926 3373 1068 3444; x_wconf 69' lang='lat' dir='ltr'>decima⁴</span> <span class='ocrx_word' id='word_1_143' title='bbox 1084 3372 1311 3462; x_wconf 70' lang='lat' dir='ltr'>manipularis</span> <span class='ocrx_word' id='word_1_144' title='bbox 1337 3380 1373 3444; x_wconf 88' lang='lat' dir='ltr'>et</span> <span class='ocrx_word' id='word_1_145' title='bbox 1400 3372 1575 3464; x_wconf 87' lang='lat' dir='ltr'>canapalis</span> <span class='ocrx_word' id='word_1_146' title='bbox 1601 3373 1765 3445; x_wconf 87' lang='lat' dir='ltr'><strong>ecelesiae</strong></span> <span class='ocrx_word' id='word_1_147' title='bbox 1788 3378 1824 3443; x_wconf 91' lang='lat' dir='ltr'>et</span> <span class='ocrx_word' id='word_1_148' title='bbox 1843 3373 1916 3461; x_wconf 92' lang='lat' dir='ltr'>ple-</span> 
     </span>
     <span class='ocr_line' id='line_1_16' title="bbox 369 3491 1742 3584; baseline -0.001 -17"><span class='ocrx_word' id='word_1_149' title='bbox 369 3496 460 3567; x_wconf 89' lang='lat' dir='ltr'>bauo</span> <span class='ocrx_word' id='word_1_150' title='bbox 488 3496 524 3564; x_wconf 92' lang='lat' dir='ltr'>in</span> <span class='ocrx_word' id='word_1_151' title='bbox 555 3491 866 3584; x_wconf 81' lang='lat' dir='ltr'>Gozyeglowi,</span> <span class='ocrx_word' id='word_1_152' title='bbox 892 3499 929 3565; x_wconf 89' lang='lat' dir='ltr'>et</span> <span class='ocrx_word' id='word_1_153' title='bbox 950 3492 1049 3565; x_wconf 83' lang='lat' dir='ltr'>valor</span> <span class='ocrx_word' id='word_1_154' title='bbox 1075 3493 1151 3565; x_wconf 92' lang='lat' dir='ltr'>eius</span> <span class='ocrx_word' id='word_1_155' title='bbox 1177 3494 1384 3566; x_wconf 88' lang='lat' dir='ltr'>aestimatur</span> <span class='ocrx_word' id='word_1_156' title='bbox 1410 3494 1454 3565; x_wconf 88' lang='lat' dir='ltr'>ad</span> <span class='ocrx_word' id='word_1_157' title='bbox 1474 3548 1590 3564; x_wconf 92' lang='grc'><strong>.....</strong></span> <span class='ocrx_word' id='word_1_158' title='bbox 1736 3561 1742 3573; x_wconf 88' lang='grc'>,</span> 
     </span>
     <span class='ocr_line' id='line_1_17' title="bbox 476 3612 1915 3705; baseline 0 -21"><span class='ocrx_word' id='word_1_159' title='bbox 476 3615 626 3686; x_wconf 85' lang='lat' dir='ltr'>Fabriea</span> <span class='ocrx_word' id='word_1_160' title='bbox 659 3612 744 3686; x_wconf 84' lang='lat' dir='ltr'><strong>ferri</strong></span> <span class='ocrx_word' id='word_1_161' title='bbox 778 3614 865 3683; x_wconf 83' lang='lat' dir='ltr'>alias</span> <span class='ocrx_word' id='word_1_162' title='bbox 891 3613 1226 3705; x_wconf 87' lang='lat' dir='ltr'>Kamyeuycza‚</span> <span class='ocrx_word' id='word_1_163' title='bbox 1262 3616 1326 3687; x_wconf 94' lang='lat' dir='ltr'>sub</span> <span class='ocrx_word' id='word_1_164' title='bbox 1352 3615 1518 3705; x_wconf 79' lang='lat' dir='ltr'>parochia</span> <span class='ocrx_word' id='word_1_165' title='bbox 1563 3613 1606 3685; x_wconf 91' lang='lat' dir='ltr'>de</span> <span class='ocrx_word' id='word_1_166' title='bbox 1635 3612 1915 3704; x_wconf 85' lang='lat' dir='ltr'>Kozeglowy</span> 
     </span>
     <span class='ocr_line' id='line_1_18' title="bbox 343 3736 1126 3820; baseline 0.001 -3"><span class='ocrx_word' id='word_1_167' title='bbox 343 3736 440 3816; x_wconf 62' lang='lat' dir='ltr'>hita</span> <span class='ocrx_word' id='word_1_168' title='bbox 458 3787 628 3805; x_wconf 88' lang='grc'><strong>.......</strong></span> <span class='ocrx_word' id='word_1_169' title='bbox 1015 3736 1022 3748; x_wconf 81' lang='grc'><strong>’</strong></span> <span class='ocrx_word' id='word_1_170' title='bbox 1073 3815 1075 3820; x_wconf 88' lang='grc'>,</span> <span class='ocrx_word' id='word_1_171' title='bbox 1124 3813 1126 3818; x_wconf 88' lang='grc'><em>,</em></span> 
     </span>
     <span class='ocr_line' id='line_1_19' title="bbox 474 3852 1917 3946; baseline -0.003 -18"><span class='ocrx_word' id='word_1_172' title='bbox 474 3853 710 3945; x_wconf 81' lang='lat' dir='ltr'>Gnuazuow,</span> <span class='ocrx_word' id='word_1_173' title='bbox 745 3854 829 3938; x_wconf 82' lang='lat' dir='ltr'>villa</span> <span class='ocrx_word' id='word_1_174' title='bbox 855 3855 919 3927; x_wconf 91' lang='lat' dir='ltr'>sub</span> <span class='ocrx_word' id='word_1_175' title='bbox 945 3855 1111 3944; x_wconf 87' lang='lat' dir='ltr'>parochia</span> <span class='ocrx_word' id='word_1_176' title='bbox 1137 3854 1180 3927; x_wconf 91' lang='lat' dir='ltr'>de</span> <span class='ocrx_word' id='word_1_177' title='bbox 1210 3852 1520 3946; x_wconf 84' lang='lat' dir='ltr'>Kozyeglowy</span> <span class='ocrx_word' id='word_1_178' title='bbox 1546 3854 1632 3944; x_wconf 88' lang='lat' dir='ltr'>sita,</span> <span class='ocrx_word' id='word_1_179' title='bbox 1668 3853 1765 3925; x_wconf 88' lang='lat' dir='ltr'>cuius</span> <span class='ocrx_word' id='word_1_180' title='bbox 1792 3852 1917 3924; x_wconf 88' lang='lat' dir='ltr'><strong>haeres</strong></span> 
     </span>
     <span class='ocr_line' id='line_1_20' title="bbox 370 3973 1917 4076; baseline -0.003 -29"><span class='ocrx_word' id='word_1_181' title='bbox 370 3974 547 4047; x_wconf 84' lang='lat' dir='ltr'>lohannes</span> <span class='ocrx_word' id='word_1_182' title='bbox 579 3974 948 4064; x_wconf 82' lang='lat' dir='ltr'>Gozyeglowsky.</span> <span class='ocrx_word' id='word_1_183' title='bbox 978 3975 1020 4045; x_wconf 92' lang='lat' dir='ltr'>ln</span> <span class='ocrx_word' id='word_1_184' title='bbox 1048 3995 1122 4064; x_wconf 86' lang='lat' dir='ltr'>qua</span> <span class='ocrx_word' id='word_1_185' title='bbox 1142 3981 1224 4076; x_wconf 87' lang='lat' dir='ltr'>sunt</span> <span class='ocrx_word' id='word_1_186' title='bbox 1250 3974 1341 4046; x_wconf 89' lang='lat' dir='ltr'>lanei</span> <span class='ocrx_word' id='word_1_187' title='bbox 1368 3974 1610 4064; x_wconf 86' lang='lat' dir='ltr'>emethouales,</span> <span class='ocrx_word' id='word_1_188' title='bbox 1637 3979 1674 4044; x_wconf 87' lang='lat' dir='ltr'><strong>et</strong></span> <span class='ocrx_word' id='word_1_189' title='bbox 1700 3973 1847 4065; x_wconf 90' lang='lat' dir='ltr'>quilibet</span> <span class='ocrx_word' id='word_1_190' title='bbox 1874 3973 1917 4044; x_wconf 91' lang='lat' dir='ltr'><strong>de</strong></span> 
     </span>
     <span class='ocr_line' id='line_1_21' title="bbox 371 4077 1919 4190; baseline -0.002 -24"><span class='ocrx_word' id='word_1_191' title='bbox 371 4096 470 4166; x_wconf 92' lang='lat' dir='ltr'>laneo</span> <span class='ocrx_word' id='word_1_192' title='bbox 498 4095 602 4190; x_wconf 87' lang='lat' dir='ltr'>solvit</span> <span class='ocrx_word' id='word_1_193' title='bbox 628 4094 879 4184; x_wconf 89' lang='lat' dir='ltr'>praehendario</span> <span class='ocrx_word' id='word_1_194' title='bbox 908 4097 941 4166; x_wconf 92' lang='lat' dir='ltr'>iu</span> <span class='ocrx_word' id='word_1_195' title='bbox 970 4095 1246 4167; x_wconf 88' lang='lat' dir='ltr'>Pelczuicza</span> <span class='ocrx_word' id='word_1_196' title='bbox 1272 4116 1335 4184; x_wconf 89' lang='lat' dir='ltr'>per</span> <span class='ocrx_word' id='word_1_197' title='bbox 1356 4100 1434 4166; x_wconf 89' lang='lat' dir='ltr'>octo</span> <span class='ocrx_word' id='word_1_198' title='bbox 1451 4116 1593 4185; x_wconf 85' lang='lat' dir='ltr'>grossos</span> <span class='ocrx_word' id='word_1_199' title='bbox 1619 4077 1721 4183; x_wconf 70' lang='lat' dir='ltr'>labos}</span> <span class='ocrx_word' id='word_1_200' title='bbox 1746 4094 1830 4167; x_wconf 91' lang='lat' dir='ltr'>item</span> <span class='ocrx_word' id='word_1_201' title='bbox 1851 4115 1919 4164; x_wconf 91' lang='lat' dir='ltr'>uon</span> 
     </span>
    </p>
   </div>
   <div class='ocr_carea' id='block_1_3' title="bbox 348 4195 1921 4786">
    <p class='ocr_par' dir='ltr' id='par_1_3' title="bbox 348 4195 1921 4786">
     <span class='ocr_line' id='line_1_22' title="bbox 372 4195 1918 4307; baseline -0.002 -20"><span class='ocrx_word' id='word_1_202' title='bbox 372 4222 453 4287; x_wconf 91' lang='lat' dir='ltr'>suut</span> <span class='ocrx_word' id='word_1_203' title='bbox 479 4216 655 4305; x_wconf 89' lang='lat' dir='ltr'>tabernae,</span> <span class='ocrx_word' id='word_1_204' title='bbox 681 4235 792 4305; x_wconf 90' lang='lat' dir='ltr'>neque</span> <span class='ocrx_word' id='word_1_205' title='bbox 818 4195 1045 4306; x_wconf 89' lang='lat' dir='ltr'>hortulaniae,</span> <span class='ocrx_word' id='word_1_206' title='bbox 1075 4237 1185 4307; x_wconf 90' lang='lat' dir='ltr'>neque</span> <span class='ocrx_word' id='word_1_207' title='bbox 1211 4217 1400 4306; x_wconf 89' lang='lat' dir='ltr'>praedium.</span> <span class='ocrx_word' id='word_1_208' title='bbox 1440 4216 1539 4286; x_wconf 90' lang='lat' dir='ltr'>Item.</span> <span class='ocrx_word' id='word_1_209' title='bbox 1553 4215 1741 4287; x_wconf 87' lang='lat' dir='ltr'>advocatus</span> <span class='ocrx_word' id='word_1_210' title='bbox 1762 4214 1815 4286; x_wconf 90' lang='lat' dir='ltr'>de</span> <span class='ocrx_word' id='word_1_211' title='bbox 1842 4212 1918 4285; x_wconf 83' lang='lat' dir='ltr'>Oo-</span> 
     </span>
     <span class='ocr_line' id='line_1_23' title="bbox 348 4333 1920 4429; baseline -0.002 -21"><span class='ocrx_word' id='word_1_212' title='bbox 348 4337 608 4429; x_wconf 35' lang='lat' dir='ltr'>,zyeglowy</span> <span class='ocrx_word' id='word_1_213' title='bbox 645 4336 751 4407; x_wconf 88' lang='lat' dir='ltr'>habet</span> <span class='ocrx_word' id='word_1_214' title='bbox 785 4336 834 4407; x_wconf 90' lang='lat' dir='ltr'>ibi</span> <span class='ocrx_word' id='word_1_215' title='bbox 869 4357 974 4407; x_wconf 93' lang='lat' dir='ltr'>uuum</span> <span class='ocrx_word' id='word_1_216' title='bbox 1000 4336 1138 4407; x_wconf 90' lang='lat' dir='ltr'>laneum</span> <span class='ocrx_word' id='word_1_217' title='bbox 1165 4337 1354 4427; x_wconf 88' lang='lat' dir='ltr'>proprium.</span> <span class='ocrx_word' id='word_1_218' title='bbox 1381 4335 1469 4406; x_wconf 86' lang='lat' dir='ltr'>Item</span> <span class='ocrx_word' id='word_1_219' title='bbox 1491 4335 1659 4425; x_wconf 86' lang='lat' dir='ltr'>plebanus</span> <span class='ocrx_word' id='word_1_220' title='bbox 1685 4333 1729 4405; x_wconf 91' lang='lat' dir='ltr'>de</span> <span class='ocrx_word' id='word_1_221' title='bbox 1755 4333 1920 4423; x_wconf 80' lang='lat' dir='ltr'>Gozye-</span> 
     </span>
     <span class='ocr_line' id='line_1_24' title="bbox 373 4454 1052 4545; baseline -0.001 -20"><span class='ocrx_word' id='word_1_222' title='bbox 373 4456 508 4545; x_wconf 80' lang='lat' dir='ltr'>glowi</span> <span class='ocrx_word' id='word_1_223' title='bbox 534 4454 641 4525; x_wconf 90' lang='lat' dir='ltr'>habet</span> <span class='ocrx_word' id='word_1_224' title='bbox 667 4454 715 4524; x_wconf 94' lang='lat' dir='ltr'>ibi</span> <span class='ocrx_word' id='word_1_225' title='bbox 743 4455 911 4542; x_wconf 86' lang='lat' dir='ltr'>piscinam</span> <span class='ocrx_word' id='word_1_226' title='bbox 939 4475 1052 4525; x_wconf 84' lang='lat' dir='ltr'>uuam.</span> 
     </span>
     <span class='ocr_line' id='line_1_25' title="bbox 477 4557 1921 4666; baseline -0.001 -21"><span class='ocrx_word' id='word_1_227' title='bbox 477 4574 625 4645; x_wconf 87' lang='lat' dir='ltr'>Fabrica</span> <span class='ocrx_word' id='word_1_228' title='bbox 650 4571 735 4642; x_wconf 91' lang='lat' dir='ltr'><strong>ferri</strong></span> <span class='ocrx_word' id='word_1_229' title='bbox 755 4572 976 4664; x_wconf 82' lang='lat' dir='ltr'>Pawlowslra,</span> <span class='ocrx_word' id='word_1_230' title='bbox 1003 4574 1089 4646; x_wconf 86' lang='lat' dir='ltr'>alias</span> <span class='ocrx_word' id='word_1_231' title='bbox 1107 4557 1305 4665; x_wconf 81' lang='lat' dir='ltr'>Warczsha,</span> <span class='ocrx_word' id='word_1_232' title='bbox 1331 4576 1478 4647; x_wconf 88' lang='lat' dir='ltr'>taberna</span> <span class='ocrx_word' id='word_1_233' title='bbox 1496 4577 1560 4648; x_wconf 93' lang='lat' dir='ltr'>sub</span> <span class='ocrx_word' id='word_1_234' title='bbox 1579 4576 1745 4666; x_wconf 83' lang='lat' dir='ltr'>parochia</span> <span class='ocrx_word' id='word_1_235' title='bbox 1770 4575 1813 4646; x_wconf 91' lang='lat' dir='ltr'><strong>de</strong></span> <span class='ocrx_word' id='word_1_236' title='bbox 1839 4574 1921 4645; x_wconf 90' lang='grc' dir='ltr'>Κο-</span> 
     </span>
     <span class='ocr_line' id='line_1_26' title="bbox 380 4693 783 4786; baseline -0.012 -20"><span class='ocrx_word' id='word_1_237' title='bbox 380 4694 604 4786; x_wconf 81' lang='lat' dir='ltr'>zyeglowi</span> <span class='ocrx_word' id='word_1_238' title='bbox 630 4693 699 4763; x_wconf 87' lang='lat' dir='ltr'>sita</span> <span class='ocrx_word' id='word_1_239' title='bbox 700 4745 783 4763; x_wconf 85' lang='grc'><strong>.........</strong></span> 
     </span>
    </p>
   </div>
   <div class='ocr_carea' id='block_1_4' title="bbox 346 4932 2017 6602">
    <p class='ocr_par' dir='ltr' id='par_1_4' title="bbox 788 4932 1352 5048">
     <span class='ocr_line' id='line_1_27' title="bbox 788 4932 1352 5048; baseline -0.004 -38"><span class='ocrx_word' id='word_1_240' title='bbox 788 5031 798 5048; x_wconf 31' lang='grc'><strong>0</strong></span> <span class='ocrx_word' id='word_1_241' title='bbox 940 4932 1065 5010; x_wconf 78' lang='lat' dir='ltr'><strong>Senes</strong></span> <span class='ocrx_word' id='word_1_242' title='bbox 1091 4933 1352 5010; x_wconf 79' lang='lat' dir='ltr'>Kozrueuowr.</span> 
     </span>
    </p>

    <p class='ocr_par' dir='ltr' id='par_1_5' title="bbox 375 5054 2017 5994">
     <span class='ocr_line' id='line_1_28' title="bbox 478 5054 1922 5157; baseline -0.002 -25"><span class='ocrx_word' id='word_1_243' title='bbox 478 5057 572 5133; x_wconf 88' lang='lat' dir='ltr'>Villa</span> <span class='ocrx_word' id='word_1_244' title='bbox 598 5060 729 5157; x_wconf 79' lang='lat' dir='ltr'>habeus</span> <span class='ocrx_word' id='word_1_245' title='bbox 756 5056 790 5131; x_wconf 93' lang='lat' dir='ltr'>in</span> <span class='ocrx_word' id='word_1_246' title='bbox 810 5080 847 5131; x_wconf 91' lang='lat' dir='ltr'>se</span> <span class='ocrx_word' id='word_1_247' title='bbox 865 5058 1097 5150; x_wconf 86' lang='lat' dir='ltr'>parochialem</span> <span class='ocrx_word' id='word_1_248' title='bbox 1125 5058 1312 5150; x_wconf 90' lang='lat' dir='ltr'>eeclesiam,</span> <span class='ocrx_word' id='word_1_249' title='bbox 1339 5078 1402 5148; x_wconf 92' lang='lat' dir='ltr'>per</span> <span class='ocrx_word' id='word_1_250' title='bbox 1420 5056 1609 5130; x_wconf 82' lang='lat' dir='ltr'>Cristiuum</span> <span class='ocrx_word' id='word_1_251' title='bbox 1634 5054 1922 5148; x_wconf 79' lang='lat' dir='ltr'>Gozyeglow-</span> 
     </span>
     <span class='ocr_line' id='line_1_29' title="bbox 375 5177 1922 5271; baseline -0.001 -20"><span class='ocrx_word' id='word_1_252' title='bbox 375 5182 457 5271; x_wconf 85' lang='lat' dir='ltr'>sky</span> <span class='ocrx_word' id='word_1_253' title='bbox 484 5182 675 5270; x_wconf 89' lang='lat' dir='ltr'>palatinum</span> <span class='ocrx_word' id='word_1_254' title='bbox 701 5177 1013 5251; x_wconf 87' lang='lat' dir='ltr'>Saudomiriensem</span> <span class='ocrx_word' id='word_1_255' title='bbox 1039 5179 1155 5269; x_wconf 86' lang='lat' dir='ltr'>lapide</span> <span class='ocrx_word' id='word_1_256' title='bbox 1180 5185 1363 5268; x_wconf 89' lang='lat' dir='ltr'>muratam,</span> <span class='ocrx_word' id='word_1_257' title='bbox 1389 5185 1426 5250; x_wconf 88' lang='lat' dir='ltr'>et</span> <span class='ocrx_word' id='word_1_258' title='bbox 1443 5179 1568 5250; x_wconf 86' lang='lat' dir='ltr'>honori</span> <span class='ocrx_word' id='word_1_259' title='bbox 1585 5178 1791 5250; x_wconf 87' lang='lat' dir='ltr'>Sanctorum</span> <span class='ocrx_word' id='word_1_260' title='bbox 1817 5178 1922 5249; x_wconf 90' lang='lat' dir='ltr'>Nico-</span> 
     </span>
     <span class='ocr_line' id='line_1_30' title="bbox 376 5279 2017 5390; baseline 0 -21"><span class='ocrx_word' id='word_1_261' title='bbox 376 5301 422 5370; x_wconf 88' lang='lat' dir='ltr'>lai</span> <span class='ocrx_word' id='word_1_262' title='bbox 449 5306 485 5370; x_wconf 90' lang='lat' dir='ltr'>et</span> <span class='ocrx_word' id='word_1_263' title='bbox 512 5301 650 5371; x_wconf 81' lang='lat' dir='ltr'>hiberti</span> <span class='ocrx_word' id='word_1_264' title='bbox 688 5299 854 5390; x_wconf 86' lang='lat' dir='ltr'>dicatam,</span> <span class='ocrx_word' id='word_1_265' title='bbox 894 5301 990 5373; x_wconf 88' lang='lat' dir='ltr'>cuius</span> <span class='ocrx_word' id='word_1_266' title='bbox 1030 5301 1198 5390; x_wconf 90' lang='lat' dir='ltr'>plebanus</span> <span class='ocrx_word' id='word_1_267' title='bbox 1234 5298 1410 5387; x_wconf 81' lang='lat' dir='ltr'>Clemens3</span> <span class='ocrx_word' id='word_1_268' title='bbox 1450 5300 1547 5371; x_wconf 90' lang='lat' dir='ltr'>cuius</span> <span class='ocrx_word' id='word_1_269' title='bbox 1582 5299 1707 5370; x_wconf 86' lang='lat' dir='ltr'><strong>haeres</strong></span> <span class='ocrx_word' id='word_1_270' title='bbox 1742 5297 1921 5370; x_wconf 88' lang='lat' dir='ltr'>Johannes</span> <span class='ocrx_word' id='word_1_271' title='bbox 2012 5279 2017 5288; x_wconf 47' lang='lat'>¹</span> 
     </span>
     <span class='ocr_line' id='line_1_31' title="bbox 380 5418 1922 5510; baseline -0.001 -20"><span class='ocrx_word' id='word_1_272' title='bbox 380 5421 715 5510; x_wconf 82' lang='lat' dir='ltr'><strong>Kozeglowshy</strong></span> <span class='ocrx_word' id='word_1_273' title='bbox 754 5420 797 5490; x_wconf 90' lang='lat' dir='ltr'>de</span> <span class='ocrx_word' id='word_1_274' title='bbox 824 5421 928 5491; x_wconf 87' lang='lat' dir='ltr'>armis</span> <span class='ocrx_word' id='word_1_275' title='bbox 955 5419 1185 5509; x_wconf 87' lang='lat' dir='ltr'>Vulpium.</span> <span class='ocrx_word' id='word_1_276' title='bbox 1229 5418 1270 5490; x_wconf 92' lang='lat' dir='ltr'>In</span> <span class='ocrx_word' id='word_1_277' title='bbox 1297 5440 1365 5509; x_wconf 92' lang='lat' dir='ltr'>qua</span> <span class='ocrx_word' id='word_1_278' title='bbox 1392 5425 1473 5490; x_wconf 91' lang='lat' dir='ltr'>suut</span> <span class='ocrx_word' id='word_1_279' title='bbox 1498 5420 1589 5491; x_wconf 90' lang='lat' dir='ltr'>lanei</span> <span class='ocrx_word' id='word_1_280' title='bbox 1608 5420 1851 5509; x_wconf 87' lang='lat' dir='ltr'>emethonales,</span> <span class='ocrx_word' id='word_1_281' title='bbox 1877 5419 1922 5489; x_wconf 92' lang='lat' dir='ltr'>de</span> 
     </span>
     <span class='ocr_line' id='line_1_32' title="bbox 376 5539 1923 5631; baseline -0.001 -21"><span class='ocrx_word' id='word_1_282' title='bbox 376 5542 500 5630; x_wconf 91' lang='lat' dir='ltr'>quibus</span> <span class='ocrx_word' id='word_1_283' title='bbox 526 5541 672 5612; x_wconf 90' lang='lat' dir='ltr'>solvitur</span> <span class='ocrx_word' id='word_1_284' title='bbox 698 5546 735 5611; x_wconf 87' lang='lat' dir='ltr'><strong>et</strong></span> <span class='ocrx_word' id='word_1_285' title='bbox 761 5540 964 5620; x_wconf 89' lang='lat' dir='ltr'>conducitur</span> <span class='ocrx_word' id='word_1_286' title='bbox 1000 5541 1133 5612; x_wconf 89' lang='lat' dir='ltr'>decima</span> <span class='ocrx_word' id='word_1_287' title='bbox 1157 5539 1384 5631; x_wconf 78' lang='lat' dir='ltr'>manipularis</span> <span class='ocrx_word' id='word_1_288' title='bbox 1419 5545 1455 5611; x_wconf 90' lang='lat' dir='ltr'>et</span> <span class='ocrx_word' id='word_1_289' title='bbox 1481 5539 1658 5630; x_wconf 86' lang='lat' dir='ltr'>canapalls</span> <span class='ocrx_word' id='word_1_290' title='bbox 1684 5561 1748 5630; x_wconf 92' lang='lat' dir='ltr'>pro</span> <span class='ocrx_word' id='word_1_291' title='bbox 1775 5539 1923 5612; x_wconf 86' lang='lat' dir='ltr'>eeclesia</span> 
     </span>
     <span class='ocr_line' id='line_1_33' title="bbox 376 5658 1923 5758; baseline -0.001 -27"><span class='ocrx_word' id='word_1_292' title='bbox 376 5663 412 5734; x_wconf 93' lang='lat' dir='ltr'>iu</span> <span class='ocrx_word' id='word_1_293' title='bbox 438 5663 583 5753; x_wconf 87' lang='lat' dir='ltr'>antiqua</span> <span class='ocrx_word' id='word_1_294' title='bbox 608 5658 924 5758; x_wconf 77' lang='lat' dir='ltr'>Kozyeglowp‚</span> <span class='ocrx_word' id='word_1_295' title='bbox 951 5666 988 5731; x_wconf 89' lang='lat' dir='ltr'><strong>et</strong></span> <span class='ocrx_word' id='word_1_296' title='bbox 1013 5661 1113 5732; x_wconf 81' lang='lat' dir='ltr'>valor</span> <span class='ocrx_word' id='word_1_297' title='bbox 1139 5661 1213 5750; x_wconf 86' lang='lat' dir='ltr'>eius</span> <span class='ocrx_word' id='word_1_298' title='bbox 1240 5661 1444 5732; x_wconf 88' lang='lat' dir='ltr'>aestimatur</span> <span class='ocrx_word' id='word_1_299' title='bbox 1469 5660 1512 5732; x_wconf 89' lang='lat' dir='ltr'>ad</span> <span class='ocrx_word' id='word_1_300' title='bbox 1545 5714 1663 5732; x_wconf 91' lang='grc'><strong>.....</strong></span> <span class='ocrx_word' id='word_1_301' title='bbox 1691 5661 1776 5732; x_wconf 92' lang='lat' dir='ltr'>item</span> <span class='ocrx_word' id='word_1_302' title='bbox 1801 5660 1923 5750; x_wconf 89' lang='lat' dir='ltr'>pleba-</span> 
     </span>
     <span class='ocr_line' id='line_1_34' title="bbox 376 5779 1924 5898; baseline -0.003 -45"><span class='ocrx_word' id='word_1_303' title='bbox 376 5803 440 5854; x_wconf 91' lang='lat' dir='ltr'>nus</span> <span class='ocrx_word' id='word_1_304' title='bbox 467 5783 572 5854; x_wconf 89' lang='lat' dir='ltr'>habet</span> <span class='ocrx_word' id='word_1_305' title='bbox 598 5782 646 5853; x_wconf 93' lang='lat' dir='ltr'>ihi</span> <span class='ocrx_word' id='word_1_306' title='bbox 673 5782 759 5852; x_wconf 87' lang='lat' dir='ltr'>duas</span> <span class='ocrx_word' id='word_1_307' title='bbox 785 5780 946 5871; x_wconf 85' lang='lat' dir='ltr'>piscinas,</span> <span class='ocrx_word' id='word_1_308' title='bbox 973 5782 1056 5851; x_wconf 92' lang='lat' dir='ltr'>item</span> <span class='ocrx_word' id='word_1_309' title='bbox 1084 5781 1190 5898; x_wconf 70' lang='lat' dir='ltr'>habet</span> <span class='ocrx_word' id='word_1_310' title='bbox 1216 5801 1337 5871; x_wconf 85' lang='lat' dir='ltr'>agrum</span> <span class='ocrx_word' id='word_1_311' title='bbox 1364 5781 1542 5871; x_wconf 88' lang='lat' dir='ltr'>proprium</span> <span class='ocrx_word' id='word_1_312' title='bbox 1569 5786 1605 5853; x_wconf 89' lang='lat' dir='ltr'>et</span> <span class='ocrx_word' id='word_1_313' title='bbox 1622 5786 1734 5873; x_wconf 80' lang='lat' dir='ltr'>prata</span> <span class='ocrx_word' id='word_1_314' title='bbox 1760 5779 1839 5851; x_wconf 91' lang='lat' dir='ltr'>Nou</span> <span class='ocrx_word' id='word_1_315' title='bbox 1867 5786 1924 5850; x_wconf 92' lang='lat' dir='ltr'><strong>est</strong></span> 
     </span>
     <span class='ocr_line' id='line_1_35' title="bbox 376 5899 1459 5994; baseline -0.001 -22"><span class='ocrx_word' id='word_1_316' title='bbox 376 5902 425 5973; x_wconf 91' lang='lat' dir='ltr'>ibi</span> <span class='ocrx_word' id='word_1_317' title='bbox 451 5902 640 5994; x_wconf 87' lang='lat' dir='ltr'>praedium,</span> <span class='ocrx_word' id='word_1_318' title='bbox 668 5922 778 5992; x_wconf 90' lang='lat' dir='ltr'>neque</span> <span class='ocrx_word' id='word_1_319' title='bbox 805 5901 981 5990; x_wconf 78' lang='lat' dir='ltr'>tabernae,</span> <span class='ocrx_word' id='word_1_320' title='bbox 1008 5922 1120 5992; x_wconf 90' lang='lat' dir='ltr'>neque</span> <span class='ocrx_word' id='word_1_321' title='bbox 1145 5899 1374 5988; x_wconf 82' lang='lat' dir='ltr'>hortulauiae.</span> <span class='ocrx_word' id='word_1_322' title='bbox 1457 5909 1459 5914; x_wconf 86' lang='lat'>&#39;</span> 
     </span>
    </p>

    <p class='ocr_par' dir='ltr' id='par_1_6' title="bbox 346 6018 1925 6352">
     <span class='ocr_line' id='line_1_36' title="bbox 346 6018 1923 6122; baseline -0.002 -28"><span class='ocrx_word' id='word_1_323' title='bbox 346 6069 369 6094; x_wconf 59' lang='lat' dir='ltr'>a</span> <span class='ocrx_word' id='word_1_324' title='bbox 478 6023 729 6113; x_wconf 83' lang='lat' dir='ltr'>Prunezrezc,</span> <span class='ocrx_word' id='word_1_325' title='bbox 756 6021 839 6095; x_wconf 86' lang='lat' dir='ltr'>villa</span> <span class='ocrx_word' id='word_1_326' title='bbox 857 6022 921 6093; x_wconf 87' lang='lat' dir='ltr'>sub</span> <span class='ocrx_word' id='word_1_327' title='bbox 939 6022 1104 6113; x_wconf 79' lang='lat' dir='ltr'>parochia</span> <span class='ocrx_word' id='word_1_328' title='bbox 1130 6021 1295 6093; x_wconf 88' lang='lat' dir='ltr'>ecclesiae</span> <span class='ocrx_word' id='word_1_329' title='bbox 1319 6018 1362 6095; x_wconf 86' lang='lat' dir='ltr'><strong>de</strong></span> <span class='ocrx_word' id='word_1_330' title='bbox 1380 6019 1516 6093; x_wconf 87' lang='lat' dir='ltr'>Stare</span> <span class='ocrx_word' id='word_1_331' title='bbox 1542 6018 1818 6122; x_wconf 79' lang='lat' dir='ltr'>Kozyeglowy</span> <span class='ocrx_word' id='word_1_332' title='bbox 1845 6019 1923 6110; x_wconf 75' lang='lat' dir='ltr'>sita,</span> 
     </span>
     <span class='ocr_line' id='line_1_37' title="bbox 379 6131 1924 6233; baseline -0.001 -20"><span class='ocrx_word' id='word_1_333' title='bbox 379 6143 474 6214; x_wconf 91' lang='lat' dir='ltr'>euius</span> <span class='ocrx_word' id='word_1_334' title='bbox 497 6144 624 6215; x_wconf 87' lang='lat' dir='ltr'><strong>haeres</strong></span> <span class='ocrx_word' id='word_1_335' title='bbox 650 6142 814 6216; x_wconf 90' lang='lat' dir='ltr'>Nicolaus</span> <span class='ocrx_word' id='word_1_336' title='bbox 848 6141 1128 6233; x_wconf 85' lang='lat' dir='ltr'>Miruowshy</span> <span class='ocrx_word' id='word_1_337' title='bbox 1156 6142 1199 6212; x_wconf 90' lang='lat' dir='ltr'>de</span> <span class='ocrx_word' id='word_1_338' title='bbox 1225 6131 1330 6214; x_wconf 88' lang='lat' dir='ltr'>armis</span> <span class='ocrx_word' id='word_1_339' title='bbox 1366 6139 1635 6214; x_wconf 83' lang='lat' dir='ltr'>Grillonum.</span> <span class='ocrx_word' id='word_1_340' title='bbox 1678 6142 1718 6212; x_wconf 92' lang='lat' dir='ltr'>In</span> <span class='ocrx_word' id='word_1_341' title='bbox 1746 6160 1816 6232; x_wconf 89' lang='lat' dir='ltr'>qua</span> <span class='ocrx_word' id='word_1_342' title='bbox 1842 6145 1924 6212; x_wconf 89' lang='lat' dir='ltr'>suut</span> 
     </span>
     <span class='ocr_line' id='line_1_38' title="bbox 378 6261 1925 6352; baseline -0.002 -19"><span class='ocrx_word' id='word_1_343' title='bbox 378 6263 557 6335; x_wconf 87' lang='lat' dir='ltr'>duodecim</span> <span class='ocrx_word' id='word_1_344' title='bbox 584 6263 675 6333; x_wconf 89' lang='lat' dir='ltr'>lanei</span> <span class='ocrx_word' id='word_1_345' title='bbox 701 6262 950 6351; x_wconf 86' lang='lat' dir='ltr'>emethoueles‚</span> <span class='ocrx_word' id='word_1_346' title='bbox 981 6263 1064 6332; x_wconf 92' lang='lat' dir='ltr'>item</span> <span class='ocrx_word' id='word_1_347' title='bbox 1090 6261 1269 6352; x_wconf 87' lang='lat' dir='ltr'>praedium</span> <span class='ocrx_word' id='word_1_348' title='bbox 1295 6262 1464 6351; x_wconf 87' lang='lat' dir='ltr'>militare,</span> <span class='ocrx_word' id='word_1_349' title='bbox 1491 6262 1534 6333; x_wconf 89' lang='lat' dir='ltr'><strong>de</strong></span> <span class='ocrx_word' id='word_1_350' title='bbox 1562 6262 1687 6352; x_wconf 89' lang='lat' dir='ltr'>quibus</span> <span class='ocrx_word' id='word_1_351' title='bbox 1713 6261 1861 6333; x_wconf 83' lang='lat' dir='ltr'>soluitur</span> <span class='ocrx_word' id='word_1_352' title='bbox 1887 6264 1925 6331; x_wconf 88' lang='lat' dir='ltr'>et</span> 
     </span>
    </p>

    <p class='ocr_par' dir='ltr' id='par_1_7' title="bbox 348 6363 1924 6602">
     <span class='ocr_line' id='line_1_39' title="bbox 348 6363 1922 6484; baseline -0.003 -28"><span class='ocrx_word' id='word_1_353' title='bbox 348 6384 579 6456; x_wconf 61' lang='lat' dir='ltr'>*conducitur</span> <span class='ocrx_word' id='word_1_354' title='bbox 605 6381 736 6453; x_wconf 87' lang='lat' dir='ltr'>decima</span> <span class='ocrx_word' id='word_1_355' title='bbox 761 6382 986 6471; x_wconf 87' lang='lat' dir='ltr'>manipularis</span> <span class='ocrx_word' id='word_1_356' title='bbox 1013 6387 1050 6454; x_wconf 88' lang='lat' dir='ltr'><strong>et</strong></span> <span class='ocrx_word' id='word_1_357' title='bbox 1076 6383 1252 6473; x_wconf 87' lang='lat' dir='ltr'>canapalis</span> <span class='ocrx_word' id='word_1_358' title='bbox 1270 6403 1333 6474; x_wconf 88' lang='lat' dir='ltr'>pro</span> <span class='ocrx_word' id='word_1_359' title='bbox 1352 6382 1499 6484; x_wconf 83' lang='lat' dir='ltr'>ecclesia</span> <span class='ocrx_word' id='word_1_360' title='bbox 1522 6382 1558 6453; x_wconf 92' lang='lat' dir='ltr'>iu</span> <span class='ocrx_word' id='word_1_361' title='bbox 1577 6363 1747 6472; x_wconf 86' lang='lat' dir='ltr'>antiqua</span> <span class='ocrx_word' id='word_1_362' title='bbox 1773 6378 1922 6471; x_wconf 83' lang='lat' dir='ltr'>Gozye·</span> 
     </span>
     <span class='ocr_line' id='line_1_40' title="bbox 379 6501 1924 6602; baseline 0.001 -30"><span class='ocrx_word' id='word_1_363' title='bbox 379 6502 511 6594; x_wconf 75' lang='lat' dir='ltr'>gleni,</span> <span class='ocrx_word' id='word_1_364' title='bbox 538 6509 575 6576; x_wconf 93' lang='lat' dir='ltr'>et</span> <span class='ocrx_word' id='word_1_365' title='bbox 600 6502 700 6574; x_wconf 81' lang='lat' dir='ltr'>valor</span> <span class='ocrx_word' id='word_1_366' title='bbox 725 6501 799 6572; x_wconf 88' lang='lat' dir='ltr'>eius</span> <span class='ocrx_word' id='word_1_367' title='bbox 825 6503 1029 6602; x_wconf 78' lang='lat' dir='ltr'>aestimatur</span> <span class='ocrx_word' id='word_1_368' title='bbox 1046 6504 1091 6574; x_wconf 88' lang='lat' dir='ltr'>ad</span> <span class='ocrx_word' id='word_1_369' title='bbox 1109 6503 1227 6576; x_wconf 86' lang='lat' dir='ltr'>decem</span> <span class='ocrx_word' id='word_1_370' title='bbox 1253 6521 1414 6593; x_wconf 66' lang='lat' dir='ltr'>marceat</span> <span class='ocrx_word' id='word_1_371' title='bbox 1433 6504 1517 6576; x_wconf 89' lang='lat' dir='ltr'>item</span> <span class='ocrx_word' id='word_1_372' title='bbox 1543 6522 1612 6594; x_wconf 89' lang='lat' dir='ltr'>uou</span> <span class='ocrx_word' id='word_1_373' title='bbox 1639 6506 1721 6575; x_wconf 87' lang='lat' dir='ltr'>suut</span> <span class='ocrx_word' id='word_1_374' title='bbox 1745 6501 1924 6590; x_wconf 81' lang='lat' dir='ltr'>tabernae,</span> 
     </span>
    </p>
   </div>
   <div class='ocr_carea' id='block_1_5' title="bbox 0 0 2125 8340">
    <p class='ocr_par' dir='ltr' id='par_1_8' title="bbox 0 0 2125 8340">
     <span class='ocr_line' id='line_1_41' title="bbox 0 0 2125 8340; baseline 0 0"><span class='ocrx_word' id='word_1_375' title='bbox 0 0 2125 8340; x_wconf 95' lang='lat' dir='ltr'> </span> 
     </span>
    </p>
   </div>
  </div>
 </body>
</html>
