4200 8342
1725 1603 1820 1694 ‘aaa

266 1826 307 1894 et
333 1842 439 1894 unam
465 1842 614 1911 avenae3
650 1822 733 1895 item
761 1822 867 1896 habet
896 1825 1063 1914 plebanus
1090 1829 1127 1896 et
1153 1825 1298 1897 ccclesia
1332 1826 1491 1917 proprios
1527 1844 1631 1916 agros
1658 1832 1695 1898 ct
1720 1832 1822 1916 prata

267 1949 306 2013 et
333 1944 485 2035 sylvam,
510 1964 575 2034 pro
602 1966 666 2017 sno
692 1965 759 2018 usu
785 1952 822 2017 et
847 1946 1064 2019 necessitate.

962 2066 1129 2140 Czcuow.

383 2162 572 2275 Oppidum
590 2186 723 2256 habens
759 2186 795 2256 in
830 2206 868 2257 se
894 2187 1127 2277 parochialem
1163 2187 1342 2258 ecclesiam
1377 2194 1568 2278 muratam,
1603 2194 1640 2260 et
1673 2187 1820 2261 Sanctae

265 2303 407 2376 Mariae
442 2305 630 2378 Nativitati
666 2307 833 2397 dicatam,
869 2309 966 2379 cuius
992 2308 1189 2399 proprietas
1216 2315 1252 2379 et
1279 2308 1466 2380 dominium
1493 2309 1819 2380 ad·serenissimum

264 2422 436 2497 Poloniae
460 2446 578 2517 regem
604 2428 775 2517 pertinet,
811 2429 907 2500 cuius
943 2434 1059 2500 rector
1085 2434 1121 2499 ot
1147 2427 1315 2518 plebanus
1341 2428 1454 2501 Lucas
1480 2429 1524 2500 de
1549 2428 1820 2519 Wyeliczkn

261 2544 312 2617 de
337 2547 521 2620 nobilitate
545 2547 806 2640 Druzzyna.
832 2548 873 2620 In
892 2571 959 2639 quo
978 2549 1204 2639 ecclesiaper
1222 2550 1314 2621 cives
1332 2556 1504 2622 eteorum
1522 2556 1680 2640 sumptus
1706 2550 1820 2640 lapido

264 2666 348 2739 albo
373 2673 528 2758 murata,
556 2674 593 2740 et
617 2670 662 2740 ab
690 2669 848 2741 amanis.
863 2670 1013 2760 civibus,
1051 2671 1111 2761 qui
1137 2671 1186 2742 ibi
1212 2671 1337 2760 priscis
1364 2677 1402 2743 ct
1427 2671 1579 2761 antiquis
1606 2672 1819 2762 temporibus

264 2788 529 2879 inhabitabant,
555 2789 922 2882 Woyskyerchc,
949 2791 985 2862 id
1012 2797 1066 2863 est
1099 2792 1179 2864 alba
1213 2791 1358 2863 ecclesia
1393 2798 1609 2882 nuncupata3
1635 2792 1733 2864 cuius
1758 2812 1820 2882 pa-

263 2910 363 2980 troni
390 2916 426 2982 et
451 2910 655 2984 collatores:
690 2913 932 2984 serenissimus
970 2911 1136 2984 Poloniae
1166 2932 1247 3002 rex,
1283 2911 1460 2984 lohannes
1487 2911 1818 3003 Melstbynsky

267 3030 315 3102 de
341 3030 444 3102 domo
471 3037 512 3103 et·
533 3030 663 3102 familia
689 3032 889 3125 helyma,
916 3033 1098 3123 episcopus
1126 3031 1365 3106 cracoviensis
1400 3034 1536 3106 ratione
1555 3033 1657 3105 villae
1682 3033 1820 3122 Ruda,

263 3148 446 3223 Johannes
473 3151 976 3244 Philipouslrydear'mis
995 3152 1182 3244 Szarza,
1209 3153 1408 3227 etJacobus
1436 3154 1748 3226 deDruszkow
1776 3154 1818 3224 de

263 3273 373 3343 amnis
400 3272 600 3345 Nowina
635 3273 724 3344 Item
750 3274 786 3345 in
813 3274 934 3345 eodem
969 3275 1098 3365 oppido
1133 3280 1215 3346 sunt
1240 3275 1317 3364 agri
1352 3275 1469 3364 multi,
1504 3274 1600 3346 varie
1636 3280 1673 3347 ct
1704 3274 1739 3344 in
1767 3275 1818 3344 di-

261 3393 379 3464 versis
412 3390 498 3464 locis
533 3393 679 3484 exculti,
715 3400 751 3465 ct
777 3415 846 3467 non
882 3395 917 3465 in
944 3395 1063 3466 laneos
1091 3395 1335 3485 dimensurati,
1375 3374 1571 3486 exquibus
1608 3394 1755 3466 solvitur
1781 3401 1818 3464 et

261 3515 418 3604 propriis
445 3515 605 3586 cuimbus
640 3515 843 3587 conducitur
868 3516 1003 3587 decima
1037 3516 1262 3607 manipularis
1289 3522 1326 3588 et
1352 3516 1546 3606 canapaliS,
1582 3515 1687 3587 etiam
1713 3521 1749 3587 et
1776 3515 1818 3586 de

262 3633 396 3724 hortis,
423 3656 486 3724 per
513 3636 703 3727 oppidanos
730 3638 908 3709 seminatis
934 3636 1094 3728 frugibus
1121 3638 1391 3728 campestribus,
1419 3637 1583 3708 ecclesiae
1610 3642 1646 3708 ct
1670 3635 1818 3726 plebano

263 3755 302 3825 in
328 3754 525 3846 Czchow,
554 3764 599 3829 ‘et
624 3758 721 3828 valor
757 3758 911 3829 decimae
947 3759 1151 3830 aestimatur
1186 3758 1230 3830 ad
1258 3759 1510 3850 quinquaginta
1544 3777 1687 3829 marcas.
1730 3757 1818 3829 Item

262 3881 319 3947 est
346 3877 394 3947 ibi
423 3878 601 3967 praedium
628 3879 757 3950 bonum
784 3879 982 3970 plcbanale,
1009 3879 1132 3968 inquo
1156 3885 1210 3952 est
1237 3879 1428 3969 pomerium
1455 3879 1640 3969 optimum,
1667 3884 1704 3949 ct
1730 3878 1819 3949 clune

262 3996 438 4087 piscinae,
466 4006 503 4069 et
529 3998 760 4089 quadraginta
778 3999 931 4070 alvearia
950 4020 1073 4088 apum3
1101 4000 1183 4070 item
1200 3999 1309 4071 habet
1334 4000 1501 4090 plebanus
1519 4000 1660 4070 hortum
1687 3998 1819 4070 humuli

260 4118 392 4189 bonum
420 4125 456 4190 et
483 4116 730 4209 sufficientem
757 4121 841 4192 item
868 4120 974 4191 habet
1000 4141 1065 4210 pro
1091 4120 1172 4191 dote
1191 4125 1307 4192 suaet
1325 4140 1428 4210 agros
1455 4118 1685 4209 sufficientes,
1711 4118 1817 4191 liber-

260 4244 355 4312 tates
382 4261 446 4330 per
471 4240 654 4312 Elisabeth
680 4241 882 4331 Hungariac
901 4248 937 4312 et
955 4240 1119 4312 Poloniae
1146 4241 1301 4331 reginam
1325 4258 1478 4313 sororem
1503 4260 1704 4331 germanam
1723 4239 1818 4310 (lasi-

262 4361 341 4432 miri
379 4362 520 4433 secundi
557 4361 720 4433 Poloniae
756 4364 868 4453 regis3
904 4363 987 4434 item
1018 4363 1187 4434 habetet
1214 4362 1300 4433 duos
1334 4362 1457 4434 hortos
1491 4360 1746 4433 ecclesiasticos
1773 4360 1817 4431 ad

263 4482 509 4553 necessitatem
537 4502 634 4553 suam
661 4482 890 4572 sufficientes,
926 4483 1009 4567 item
1036 4482 1144 4555 habet
1169 4483 1336 4573 plebanus
1367 4482 1717 4579 columbationem-in
1744 4485 1820 4552 tota

259 4603 445 4694 parochia,
483 4622 571 4694 quac
598 4624 636 4675 sc
662 4603 820 4675 extendit
845 4603 889 4674 ad
917 4603 1068 4694 quinque
1103 4624 1238 4676 marcas
1273 4625 1350 4676 curn
1377 4603 1512 4683 duobus
1546 4603 1698 4693 grossis3
1733 4603 1816 4673 item

260 4723 371 4795 habet
405 4724 575 4814 plebanus
610 4744 750 4796 censum
777 4723 822 4795 de
847 4725 960 4796 hortis
996 4725 1173 4814 civilibus,
1208 4730 1280 4797 tres
1315 4746 1450 4797 marcas
1480 4722 1661 4814 profesto
1697 4709 1812 4793 Sancti

258 4841 426 4934 Martini,
461 4851 498 4915 et
523 4844 568 4915 de
595 4866 704 4915 avena
731 4845 981 4935 quinquaginta
1015 4867 1195 4917 mensuras
1222 4844 1471 4918 Czchovienses
1506 4843 1698 4931 confortas3
1725 4843 1807 4913 item

259 4964 369 5037 habet
394 4985 534 5037 censum
560 4966 665 5036 trium
692 4979 770 5037 cum
796 4966 911 5037 media
935 4986 1129 5037 marcarum
1155 4973 1192 5038 et
1219 4988 1324 5038 unum
1349 4964 1518 5039 fertonem
1546 4964 1659 5036 minus
1684 4964 1812 5034 medie-

260 5092 357 5176 tate,
394 5087 565 5158 incertis
602 5084 758 5158 domibus
791 5093 827 5157 et
855 5088 964 5174 areis;
1000 5089 1081 5157 item
1120 5087 1258 5177 quidam
1294 5086 1468 5159 hortulani
1504 5086 1681 5159 decentis
1716 5087 1811 5174 agris

259 5207 401 5280 solvunt
427 5208 592 5279 ecclesiae
618 5207 777 5278 undecim
803 5206 935 5278 talenta
962 5228 1062 5278 cerae
1089 5229 1153 5297 pro
1180 5207 1336 5298 quolibet
1362 5228 1473 5296 anno;
1499 5208 1583 5280 item
1610 5207 1653 5278 de
1670 5207 1812 5278 denario

262 5330 384 5402 Sancti
411 5328 508 5400 Petri
527 5329 654 5400 cedunt
672 5335 804 5419 septem
823 5328 976 5400 fertones
1002 5349 1067 5419 pro
1085 5329 1241 5419 plebano,
1267 5329 1381 5401 soluto
1407 5329 1591 5401 collectore
1619 5328 1817 5421 apostolico,

260 5453 318 5535 cni
346 5450 452 5523 solvit
478 5451 624 5523 ecclesia
649 5471 713 5542 pro
740 5451 816 5522 iure
843 5450 1033 5541 apostolico
1061 5457 1139 5523 octo
1167 5456 1306 5523 scottos
1445 5447 1448 5452 ’

367 5571 538 5663 Junuow,
564 5572 647 5644 villa
672 5572 737 5644 sub
764 5573 931 5663 parochia
958 5572 999 5643 de
1027 5570 1218 5646 Gzchow
1245 5570 1326 5664 sita,
1354 5574 1451 5646 cuius
1474 5573 1598 5646 haeres
1616 5570 1816 5662 Nanayho

254 5693 393 5767 'nobilis
420 5693 463 5764 de
491 5692 715 5784 Antiquis
741 5693 895 5785 Equis.
922 5693 963 5764 ln
991 5715 1060 5785 qua
1077 5702 1161 5767 sunt
1187 5716 1310 5768 novem
1336 5695 1429 5767 lanei
1455 5692 1707 5780 emethonales‚
1734 5693 1816 5762 item

258 5814 501 5915 hortulaniae,
537 5814 581 5886 de
607 5815 733 5905 quibus
759 5814 909 5889 solvitur
935 5820 971 5886 ot
996 5816 1202 5889 conducitur
1237 5816 1371 5887 decima
1401 5813 1626 5904 manipularis
1653 5819 1690 5884 et
1715 5834 1817 5882 caua·

256 5937 350 6029 palis
377 5937 528 6029 capitulo
565 5935 804 6027 Oraoouien'si,
840 5943 877 6009 et
902 5937 1001 6008 valor
1035 5939 1111 6010 eius
1139 5939 1344 6010 aestimatur
1371 5936 1416 6008 ad
1443 5925 1637 6026 quindecim
1673 5954 1815 6005 marcas.

247 6057 349 6131 ‘Item
375 6065 432 6131 ost
458 6060 506 6131 ibi
533 6080 639 6130 unum
666 6058 845 6148 praedium
881 6059 1050 6149 militaro,
1087 6061 1169 6130 item
1197 6043 1431 6130 molendinum
1458 6061 1513 6127 est
1537 6054 1599 6155 ibi
1615 6057 1651 6127 in
1677 6055 1815 6126 flumine

256 6179 531 6272 Dunayecz,
567 6163 699 6252 habens
734 6200 838 6270 agros
870 6160 979 6251 bonos
1007 6188 1043 6252 et
1070 6180 1298 6267 sufficientes,
1336 6177 1379 6248 de
1406 6179 1504 6250 cuius
1539 6176 1635 6267 agris
1670 6177 1817 6246 soluitur

257 6301 395 6375 decima
419 6301 647 6392 manipularis
673 6303 839 6375 ecclesiae
866 6302 901 6373 in
930 6300 1127 6372 Cachou'.

364 6422 495 6515 Ruun,
522 6424 606 6497 villa
622 6425 687 6495 sub
716 6422 882 6514 pamehia
905 6423 1072 6495 ecclesiae
1099 6422 1142 6492 dc
1170 6421 1362 6523 Oachow·
1385 6423 1471 6511 sita,
1498 6421 1596 6493 cuius
1622 6420 1818 6511 proprietas

259 6543 305 6621 ad
330 6545 530 6642 episcopum
564 6526 830 6619 Grdcosiensem
864 6542 1028 6638 pertinet
1067 6544 1109 6615 In
1142 6565 1212 6636 qua
1247 6550 1327 6617 sunt
1362 6545 1463 6617 lanei·
1489 6541 1736 6637 omelhonales,
1772 6542 1814 6614 de
