4200 8342
1756 1629 1802 1711 61

256 1835 391 1907 decima
416 1835 641 1926 manipularis
669 1839 705 1905 el
731 1836 904 1926 canapalis
932 1836 1099 1907 ecclesiae
1126 1837 1162 1906 in
1188 1836 1406 1926 Rudawa,
1432 1841 1468 1906 ct
1494 1835 1591 1909 valor
1610 1836 1684 1941 eius
1702 1835 1807 1908 aesti-

257 1962 372 2028 matur
398 1957 443 2028 ad
469 1961 604 2047 septem
629 1977 774 2028 marcas.

363 2074 489 2167 Gonu,
525 2077 610 2149 villa
635 2077 700 2153 snb
727 2077 892 2167 parochia
908 2075 961 2148 de
997 2075 1195 2149 Rodawa
1230 2077 1316 2165 sita,
1353 2076 1451 2148 cuius
1486 2076 1611 2147 haeres
1646 2074 1806 2147 Andreas

258 2197 598 2288 Thauczynsky
623 2180 667 2271 dc
694 2198 800 2270 armis
827 2197 1152 2287 Bippennium‚
1178 2184 1214 2267 in
1244 2217 1312 2287 qua
1338 2203 1419 2268 suut
1445 2197 1544 2269 lanei¹
1564 2197 1807 2295 cmethouales‚
1870 2233 1872 2237 ·

256 2320 302 2391 de
329 2320 453 2410 quihus
480 2319 628 2389 solvitur
655 2323 691 2388 ct
718 2318 923 2389 conducitur
939 2404 942 2411 ι
958 2317 1093 2389 decima
1119 2316 1343 2407 manipularis
1370 2323 1406 2389 et
1430 2317 1605 2409 canapalis
1642 2317 1807 2389 ccclesiae

256 2441 295 2511 in
321 2440 538 2527 Rudente,
563 2443 601 2510 et
626 2439 724 2510 valor
752 2438 826 2511 eius
853 2438 1058 2510 aestimatur
1085 2438 1129 2509 ad
1157 2425 1274 2509 decem
1302 2458 1446 2509 marcas
1476 2502 1479 2512 ,
1538 2507 1543 2516 ¹
1579 2476 1582 2483 ·

364 2560 636 2650 Nrunrurrczu
662 2559 746 2631 villa
763 2560 837 2641 sub
863 2560 1029 2649 parochia
1055 2559 1099 2630 de
1126 2558 1434 2648 Rudanasita,
1461 2559 1562 2631 cuius.
1585 2558 1709 2633 haeres
1736 2558 1808 2630 Au-

257 2682 363 2755 drcas
380 2681 744 2773 *Thanar-ynsky,
772 2681 807 2765 ip
836 2702 905 2772 qua
923 2688 1013 2753 snut
1038 2681 1132 2752 lanei
1159 2680 1410 2770 emethonales,
1437 2680 1481 2752 de
1508 2681 1633 2771 quibus
1660 2681 1807 2753 solvitur

227 2809 298 2874 >et
323 2802 528 2875 conducitur
555 2801 706 2877 decima„
714 2801 940 2892 manipularis
966 2807 1002 2872 et
1026 2801 1202 2891 canapalis
1229 2799 1395 2872 ecclesiae
1423 2801 1458 2872 in
1484 2794 1694 2873 Ruda'wa

220 2955 222 2958 ·
364 2922 486 3011 Zour,
523 2921 606 2995 villa
633 2922 697 2992 suh
723 2922 891 3012 parochia
915 2921 960 2993 de
990 2921 1187 2992 Rudawa
1214 2921 1300 3011 sita,
1336 2922 1371 2991 iu
1399 2942 1468 3011 qua
1494 2921 1627 2993 nobiles
1643 2922 1812 2994 incolunt

256 3044 377 3115 laneos
405 3042 648 3132 cmethonalcs,
675 3048 712 3115 et
728 3043 876 3131 'solvunt
903 3041 1070 3119 decimam
1096 3042 1345 3133 manipularem
1366 3047 1402 3114 et
1419 3042 1621 3132 canapalem
1646 3044 1811 3116 ecclesiae

257 3165 296 3235 iu
315 3154 537 3252 'Rouana
565 3163 726 3235 elicior
745 3164 827 3261 'eius
853 3163 1058 3235 aestimatur
1084 3162 1127 3234 ad
1155 3166 1304 3253 quatuor
1330 3183 1473 3234 marcas.
1501 3175 1508 3191 '

328 3334 332 3340 -
362 3285 453 3374 Dur,
480 3283 564 3370 villa
590 3284 654 3356 sub
680 3285 847 3375 parochia
872 3285 1038 3356 ecclesiae
1065 3283 1108 3354 de
1129 3270 1334 3356 'Rodawa
1364 3285 1442 3374 sita,
1470 3284 1568 3357 cuins
1594 3285 1811 3376 haeredes„

264 3406 327 3496 qui
354 3387 419 3477 soli
437 3411 539 3477 arant
564 3406 684 3477 laneos
711 3405 955 3495 cmethonales,
981 3405 1024 3476 dc
1051 3405 1176 3497 quibus
1203 3405 1343 3476 solvunt
1368 3405 1537 3477 decimam
1562 3405 1811 3496 manipularem

256 3532 298 3599 et
324 3526 524 3619 canapalem
551 3526 717 3598 ecclesiae
744 3525 780 3597 in
807 3525 1016 3617 Rudawa,
1052 3529 1089 3597 et
1115 3525 1215 3598 valor
1240 3526 1315 3597 eius
1351 3526 1557 3598 aestimatur
1588 3526 1632 3598 ad
1660 3530 1810 3618 quatuor

257 3669 405 3720 marcas.
835 3725 837 3729 ,

365 3769 578 3858 Srnnnncz,
593 3768 689 3840 'villa
715 3768 779 3840 sub
806 3769 973 3859 parochia
998 3767 1042 3839 de
1059 3767 1269 3859 ¹Rudawa
1294 3768 1372 3858 sita,
1399 3768 1496 3840 cuius
1523 3769 1647 3841 haeres
1667 3822 1810 3840 ......

258 3890 388 3962 nobilis
411 3889 457 3960 de
485 3889 587 3960 domo
615 3889 944 3978 Bippennium‚
972 3890 1096 3981 inqua
1114 3895 1195 3961 sunt
1221 3889 1314 3960 lanei
1340 3889 1585 3985 cmethouales,
1609 3891 1694 3961 ilem
1712 3912 1812 3980 prae-

260 4011 357 4083 dium
383 4010 543 4100 militare‚
571 4010 613 4081 de
639 4010 766 4101 'quibus
794 4011 953 4083 omnibus
981 4010 1130 4082 solvitur
1148 4016 1184 4081 et
1200 4010 1406 4082 conducitur
1431 4010 1564 4082 decima
1589 4011 1814 4101 manipularis

258 4137 297 4203 et
324 4132 499 4221 canapalis
527 4131 693 4203 ecclesiae
719 4131 756 4203 in
782 4130 999 4221 lindowe,
1028 4137 1064 4202 et
1082 4131 1180 4203 valor
1197 4131 1496 4203 eius'acstimatur
1514 4131 1559 4203 ad
1577 4135 1650 4204 tres
1668 4153 1812 4203 marcas.

263 4324 267 4331 ,
366 4253 704 4342 Ranwnnowuczu
732 4252 815 4324 villa
841 4253 906 4324 suh
932 4236 1097 4343 parochia
1125 4252 1168 4323 de
1193 4252 1392 4324 Rodawa
1418 4253 1495 4342 site,
1522 4253 1620 4326 cuius
1645 4253 1814 4325 haeredes

260 4372 395 4445 nobiles
422 4374 466 4445 de
491 4374 597 4444 armis
623 4374 739 4464 variis,
763 4374 827 4464 qui
852 4380 889 4447 et
915 4374 982 4464 ipsi
1009 4352 1112 4464 agros
1139 4373 1373 4446 cmethonales
1399 4395 1463 4465 per
1481 4394 1518 4446 se
1536 4379 1647 4464 arant,
1675 4373 1718 4445 de
1736 4375 1811 4465 qui·

261 4496 326 4566 hus
363 4495 502 4566 solvunt
539 4495 718 4569 decinam·
742 4495 992 4586 manipularem
1027 4501 1065 4568 et
1090 4495 1289 4585 canapalem
1325 4495 1544 4586 praebendae
1579 4494 1811 4588 draconem,

262 4637 351 4707 quac
379 4620 525 4689 vocatur
547 4614 832 4706 Krzeschowska,
859 4622 896 4689 et
922 4617 1021 4688 valor
1047 4617 1122 4687 eius
1149 4617 1426 4690 aesh'matur‘ad
1453 4616 1572 4689 decem
1598 4638 1742 4691 marcas.

902 4735 1178 4810 Gunuournow.

367 4858 478 4950 Villa,
514 4859 646 4930 hahens
681 4858 718 4929 in
751 4880 788 4929 se
815 4858 993 4933 ecclesiam
1029 4858 1263 4949 parochialem
1298 4858 1466 4949 ligneam,
1502 4859 1629 4931 Sancto
1665 4842 1813 4949 Aegidio

263 4981 432 5069 dicatam,
467 4981 503 5051 in
531 5001 599 5070 qua
625 4984 708 5051 sunt
732 4979 824 5051 lanei
846 4980 1101 5069 cmcthouoles,
1138 4979 1181 5051 de
1209 4980 1333 5071 quibos
1369 4979 1516 5051 solvitur
1546 4986 1583 5052 et
1601 4979 1813 5052 conducitur

264 5099 397 5172 decima
431 5101 656 5191 manipularis
684 5106 720 5172 ct
746 5081 922 5191 canapalis
957 5122 1020 5192 pro
1048 5100 1195 5172 ecclesia
1220 5106 1257 5172 et
1282 5101 1430 5191 plehauo
1466 5101 1502 5171 in
1530 5098 1562 5172 G
1568 5102 1815 5192 yebolton.

263 5221 357 5293 Item
379 5227 461 5293 sunt
487 5224 524 5293 iu
542 5223 661 5295 eadem
689 5221 772 5294 villo
796 5223 942 5313 praedia
967 5222 1142 5311 militaria,
1169 5221 1213 5293 de
1231 5243 1377 5312 quorum
1396 5222 1491 5312 agris
1518 5221 1665 5295 solvitur
1683 5222 1817 5295 decima

264 5343 492 5434 manipularis
527 5345 693 5416 ecclesiae
728 5349 765 5415 et
800 5344 873 5415 eius
908 5343 1057 5434 plebano
1093 5343 1129 5413 in
1165 5341 1450 5432 Gieboltow3
1484 5343 1570 5416 item
1603 5343 1750 5416 ecclesia
1780 5351 1816 5417 ct

262 5464 430 5554 plebanus
456 5465 569 5537 hahet
590 5467 640 5538 ihi
665 5487 769 5557 agros
796 5467 925 5538 liberos
951 5485 1016 5556 pro
1044 5485 1107 5536 suo
1132 5484 1201 5535 usu
1226 5468 1263 5536 et
1287 5465 1505 5536 necessitate.
1691 5536 1693 5540 ,

367 5588 704 5678 donuscuowrczn,
731 5589 816 5660 villa
842 5588 905 5659 suh
932 5587 1098 5677 parochia
1125 5586 1168 5658 dc
1196 5583 1228 5657 G
1236 5587 1468 5677 yeboltow
1495 5588 1584 5678 sita,
1612 5587 1708 5658 cuius
1735 5587 1817 5658 hae-

261 5731 323 5782 ·res
349 5709 503 5782 Jacobus
529 5709 573 5781 de
599 5708 959 5800 Konycczpolye
985 5708 1028 5779 de
1055 5708 1157 5779 domo
1184 5707 1416 5797 Pohodze‚
1451 5708 1487 5779 iu
1515 5728 1583 5798 qua
1610 5713 1691 5779 sunt
1718 5697 1811 5777 lanei

265 5818 510 5919 cmcthouales,
537 5831 626 5902 item·
647 5831 824 5920 tabernac,
851 5831 935 5902 item
962 5829 1201 5918 hortulaniae,
1227 5827 1271 5900 de
1299 5828 1424 5919 quihus
1450 5828 1599 5900 solvitur
1625 5834 1662 5899 et
1688 5827 1817 5899 condu-
1896 5822 1903 5826 ’

269 5955 359 6025 citur
385 5952 518 6023 decima
542 5951 769 6042 manipularis
787 5957 823 6024 et
840 5951 1015 6041 canapalis
1041 5971 1106 6040 pro
1123 5949 1323 6040 praebenda
1349 5947 1579 6038 cracoviensi,
1607 5969 1696 6039 qnae
1715 5969 1818 6020 voca-

263 6057 324 6145 mr,
346 6072 626 6161 Racihorowska,
653 6077 690 6143 ct
716 6072 816 6144 valor
841 6071 916 6144 eius
943 6071 1148 6143 aestimatur
1174 6070 1219 6142 ad
1246 6069 1364 6142 decem
1390 6087 1546 6157 marcas;
1572 6068 1663 6141 item·
1683 6074 1738 6142 cst
1764 6070 1815 6142 ibi

263 6193 443 6284 praedium
469 6213 576 6264 annm
601 6191 773 6281 militare,
808 6191 851 6263 de
878 6191 975 6264 cuius
1010 6191 1106 6282 agris
1141 6190 1275 6261 decima
1309 6188 1457 6260 solvitur
1492 6189 1721 6281 manipularis
1752 6211 1816 6282 pro

264 6313 411 6385 ecclesia
435 6311 628 6403 parochiali
654 6313 690 6383 iu
717 6310 1037 6404 Chrzasthow,
1074 6310 1226 6401 quaein
1253 6308 1403 6382 dioecesi
1429 6306 1626 6401 Gnezueusi
1653 6310 1722 6382 sila
1747 6314 1817 6402 cst,

268 6438 303 6506 ct
329 6433 428 6506 valor
454 6432 529 6504 eius
556 6432 761 6505 aestimatur
787 6432 832 6503 ad
859 6438 1007 6522 quatuor
1034 6451 1179 6502 marcas.

396 6553 713 6645 Taouauourczu,
753 6553 838 6625 villa
873 6551 937 6628 suh
973 6551 1139 6648 parochia
1173 6551 1217 6628 de
1253 6548 1558 6629 Gicbolthorr
1594 6550 1690 6636 dre..-
