4200 8342
262 1624 335 1695 120

255 1827 481 1899 hortulanias.
520 1827 607 1905 Item
640 1833 694 1897 est
721 1826 769 1896 ibi
797 1824 984 1915 praedium.
1013 1823 1183 1915 militare,
1218 1823 1262 1894 de
1289 1822 1386 1925 cuins
1423 1822 1529 1894 etiam
1565 1821 1661 1912 agris
1698 1821 1806 1892 eidem

258 1948 468 2020 monasterio
496 1945 696 2018 decimatur.
1012 1937 1016 1948 '

360 2068 593 2140 Banncmczn
629 2064 712 2137 villa
738 2065 802 2136 sub
827 2064 994 2155 parochia
1012 2064 1055 2135 de
1069 2063 1363 2157 Byszkupycze
1382 2063 1468 2155 sita,
1495 2059 1594 2135 cuius
1609 2062 1807 2154 proprietas

256 2209 319 2278 pro
345 2208 414 2259 una
450 2193 550 2277 parte
581 2186 626 2256 ad
651 2187 899 2265 monasterium
935 2183 1100 2276 Corporis
1135 2183 1266 2256 Christi
1288 2185 1337 2255 in
1365 2183 1616 2256 Casimiria
1650 2185 1807 2275 pertinet,

255 2329 318 2398 pro
346 2306 458 2380 altera
489 2327 572 2378 vero
600 2306 645 2378 ad
664 2305 879 2404 Stanislaum
906 2305 1258 2395 Marschowsky
1284 2304 1328 2377 de
1354 2305 1456 2377 domo
1482 2285 1731 2384 Polukoza
1769 2299 1831 2374 ln·

256 2450 324 2518 qua
357 2434 439 2500 snut
466 2432 614 2517 quatuor
640 2425 731 2497 lanei
757 2402 997 2515 cmethonalcs,
1024 2425 1068 2497 de
1095 2425 1220 2515 quibus
1237 2425 1369 2497 abvuna
1385 2410 1609 2517 pantevillare
1634 2443 1757 2496 versus
1774 2477 1808 2492 ..

378 2549 462 2636 sita,
499 2547 646 2618 solvitur
681 2545 814 2627 decima
848 2544 1074 2635 manipularis
1108 2566 1172 2635 pro
1199 2545 1410 2617 monasterio
1441 2544 1624 2635 hospitalis
1664 2542 1808 2615 Sanctae

258 2667 378 2738 Crucis
413 2667 449 2737 in
476 2665 718 2755 Cracovia,
754 2670 805 2737 et⁴
821 2665 920 2736 valor
953 2665 1028 2736 eius
1065 2665 1272 2736 aestimatur
1306 2666 1351 2737 ad
1378 2665 1484 2737 duas·
1502 2684 1659 2753 marcas3
1696 2670 1732 2736 et
1767 2662 1806 2734 de

259 2787 391 2859 duobus
417 2787 528 2858 laneis
554 2786 647 2859 cedit
673 2785 910 2858 tantummodo
937 2785 1071 2862 decima
1096 2786 1339 2877 vernalis,·de
1365 2785 1445 2869 aliis
1473 2776 1716 2859 nerodu'obus
1744 2784 1807 2854 ool-

257 2909 352 2978 vitur
371 2907 504 2978 decima
521 2903 689 2996 hyemalis
706 2910 743 2976 et
766 2905 960 2995 canapalis,
988 2905 1129 2977 residua
1154 2909 1269 2977 antem
1296 2907 1391 2978 cedit
1418 2902 1584 2981 ecclcsiae
1610 2906 1647 2977 in
1675 2903 1806 2976 Gdow.

361 3025 591 3116 anczrczn,
618 3026 702 3098 villa
734 3027 798 3097 sub
833 3026 998 3115 parochia
1026 3025 1069 3096 de
1096 3026 1429 3117 Byszkupycze
1456 3027 1668 3117 sita,.·cuins
1688 3026 1806 3096 haeres
1899 3046 1901 3049 ·

259 3147 414 3237 Zegotha
441 3146 482 3217 de
509 3146 610 3217 domo
629 3199 636 3214 .
656 3200 663 3215 .
682 3199 716 3215 ..
743 3146 784 3215 ln
811 3166 879 3235 qna
905 3152 987 3217 sunt
1014 3145 1340 3236 aliquot-agrorum
1364 3147 1549 3239 periesde
1564 3166 1691 3240 campo
1719 3146 1806 3217 dicto

261 3266 532 3358 PogwyzdoW,
550 3266 653 3351 villae
669 3265 865 3357 praefatae,
880 3271 971 3357 'quae
988 3266 1173 3356 aliquando
1190 3267 1414 3356 pertinebant
1431 3267 1476 3339 ad
1493 3268 1611 3339 villam
1628 3267 1807 3354 Zborow,
1867 3352 1871 3359 Φ

261 3387 304 3457 de
330 3387 457 3477 quibus
481 3386 629 3458 solvitur
654 3386 787 3458 decima
817 3386 1044 3477 manipularis
1071 3387 1281 3459 monasterio
1308 3387 1491 3477 hospitalis
1518 3387 1665 3460 Sanctae
1692 3385 1809 3459 Crucis

262 3508 298 3577 in
325 3505 570 3595 cracovia,
596 3506 693 3581 cuius
719 3507 818 3578 valor
843 3508 1048 3582 aestimatur
1074 3508 1119 3578 ad
1145 3514 1218 3578 tres
1244 3506 1407 3580 fertones.
1434 3504 1523 3581 Item
1549 3515 1605 3581 est
1629 3510 1681 3581 ibi
1708 3528 1808 3581 unum

262 3627 458 3717 praedium,
485 3625 529 3709 de
546 3626 646 3697 cuius
668 3626 763 3716 agris
789 3627 979 3728 decimatur
1005 3627 1171 3700 ecclesiae
1196 3627 1233 3698 in
1259 3628 1573 3720 Byszknpycze‚
1600 3630 1699 3708 cuius
1717 3628 1810 3700 raim

264 3747 468 3819 aestimatur
493 3746 540 3819 ad
566 3768 670 3818 unam
695 3767 855 3826 marcam,
887 3801 890 3806 .
952 3794 958 3804 -
1196 3752 1214 3770 ·’

366 3867 514 3958 Sunow,
550 3868 633 3958 villa
659 3868 722 3939 sub
749 3869 915 3958 parochia
950 3868 993 3941 de
1019 3866 1352 3959 Bysnlr'upycze
1388 3871 1475 3961 sita,
1510 3870 1608 3945 cuius
1642 3870 1808 3943 haeredes

262 3988 453 4061 Stanislaus
480 3995 518 4060 et
531 3988 668 4060 Petras
703 3987 746 4061 de
774 3989 879 4060 armis
916 3989 1198 4082 Streparum.
1242 3990 1284 4061 In
1311 4011 1379 4085 qua
1414 3997 1496 4065 sunt
1532 3998 1684 4082 quatuor
1718 3990 1805 4063 lanei

263 4111 511 4200 cmetlnonales,
547 4109 741 4200 dequibus
769 4109 916 4181 soluitur
942 4116 978 4182 et
1005 4110 1209 4182 conducitur
1235 4111 1368 4182 decima
1393 4113 1620 4204 manipularis
1647 4119 1685 4186 et
1711 4132 1809 4184 cana·
1892 4116 1897 4124 ’

262 4232 351 4320 palis
378 4252 441 4321 pro
468 4231 678 4311 monasterio
696 4231 879 4322 hospitalis
895 4230 1044 4306 Sanctae
1062 4230 1191 4305 Crucis.
1212 4233 1247 4303 in
1274 4230 1521 4322 Cracovia,
1548 4241 1586 4305 et
1611 4233 1712 4305 valor
1738 4231 1808 4304 eius

264 4354 466 4424 aestimatur
494 4351 537 4422 ad
565 4351 652 4422 duas
677 4372 821 4423 marcas.
847 4352 936 4423 Item
959 4332 1017 4433 ‚est
1041 4352 1092 4423 ibi
1110 4372 1216 4423 unum
1242 4343 1422 4442 praedium
1448 4354 1607 4444 militare,
1635 4355 1719 4426 item
1746 4372 1812 4424 nna

264 4472 467 4557 hortulanis¹
489 4472 625 4543 habens
649 4493 770 4563 agros,
806 4473 849 4544 de
877 4473 1000 4563 quibus
1027 4472 1220 4545 decimatur
1246 4473 1411 4545 ccclesiae
1437 4481 1475 4546 et
1500 4474 1751 4565 eins'plebano
1775 4473 1809 4543 in

264 4595 294 4663 B
303 4579 624 4685 yszkupycze,'
641 4594 736 4665 cuius
763 4593 861 4664 valor
887 4594 1093 4667 aestimatur
1118 4595 1163 4666 ad
1181 4649 1189 4664 .
1207 4649 1215 4665 .
1234 4650 1242 4665 .
1261 4649 1268 4666 .

366 4713 622 4805 Marscnrcow,
657 4715 741 4786 villa
766 4715 829 4786 sub
855 4716 1022 4818 parochia
1047 4716 1092 4787 do
1118 4715 1452 4808 Byszknpycze
1488 4717 1574 4808 sita,
1611 4718 1708 4791 cuius
1734 4736 1811 4807 pro

264 4838 395 4928 prietes
422 4837 466 4908 ad
493 4835 695 4907 coenobium
727 4834 962 4928 Thyniczense
1000 4837 1163 4927 pertinet.
1190 4838 1230 4907 In
1258 4844 1434 4929 quaeunt
1458 4838 1577 4910 decem
1612 4838 1811 4910 cmetlrones

264 4959 483 5030 indistinctos
510 4978 613 5047 agros
639 4957 824 5047 habentes,
852 4934 933 5029 item
960 4957 1140 5048 praedium
1167 4979 1272 5029 unum
1299 4959 1515 5049 coenobiale,
1549 4960 1633 5042 item
1658 4960 1814 5047 taberna,

264 5082 347 5151 item
373 5077 605 5150 molendinum
633 5078 801 5149 habentes
828 5099 950 5168 agros,
984 5078 1179 5169 dequibus
1215 5080 1392 5170 omnibus,
1428 5081 1561 5151 decima
1589 5081 1813 5171 manipularis

159 5257 162 5259 »
265 5201 412 5273 solvitur
439 5204 474 5270 et
500 5198 702 5270 conducitur
727 5220 791 5288 pro
819 5200 922 5270 altari
959 5198 1162 5270 Sanctorum
1189 5199 1334 5272 Cosmae
1358 5207 1396 5272 et
1420 5201 1580 5272 Damiani
1606 5203 1642 5272 in
1669 5183 1815 5273 ecclesia

266 5321 389 5393 maiori
417 5318 636 5391 Cracoviensi
663 5321 751 5408 sito,
779 5320 874 5391 cuius
901 5321 999 5392 valor
1025 5321 1229 5394 aestimatur
1256 5322 1300 5392 od
1327 5323 1478 5413 quinque
1504 5343 1647 5398 marcae.

370 5442 748 5530 Tuonrnsonowrczn,
775 5441 858 5511 villa
885 5442 948 5512 sub
975 5441 1140 5532 parochia
1166 5442 1209 5513 de
1237 5443 1569 5536 Byszlcupycze
1595 5444 1683 5533 sita,
1719 5444 1814 5515 cauus

265 5562 433 5634 haeredes
478 5560 648 5632 Cristinus
684 5567 720 5633 et
756 5561 920 5634 Nicolaus
955 5563 998 5634 de
1034 5563 1135 5634 domo
1180 5560 1392 5638 Radwam
1438 5565 1479 5636 In
1506 5584 1575 5656 qua
1596 5571 1690 5637 ‘sunt
1725 5566 1815 5637 lanei

265 5684 517 5774 emethonaleS‚
546 5683 587 5753 de
607 5683 730 5773 quibus
748 5683 894 5755 solvitur
921 5684 1118 5755 decima-...
1143 5685 1230 5755 Item
1248 5689 1330 5757 sunt
1354 5685 1403 5758 ibi
1430 5685 1498 5757 duo
1516 5685 1662 5776 praedia
1686 5693 1724 5758 et
1748 5706 1817 5757 nna

175 5848 178 5858 ·
265 5805 482 5896 hortulanis,
509 5804 552 5875 de
571 5804 695 5894 quibus
723 5804 870 5876 solvitur
895 5806 1029 5877 decima
1055 5806 1245 5895 pecunialis
1271 5806 1418 5895 plebano
1445 5807 1481 5877 in
1506 5806 1814 5898 Bysalcupycze.

370 5928 687 6015 Pnznwraczanr,
714 5926 798 5997 villa
825 5927 888 5997 sub
916 5927 1082 6017 parochia
1108 5925 1151 5997 de
1177 5925 1501 6019 Byskupycze,
1537 5927 1634 5998 cuius
1659 5929 1816 6019 propria

266 6053 321 6118 tas
348 6049 392 6119 ad
420 6048 618 6138 episcopum
634 6046 904 6118 Lubuczensem
939 6048 1100 6138 pertinet.
1144 6047 1185 6142 Iu
1214 6069 1281 6138 qua
1307 6052 1397 6119 suot·
1429 6047 1597 6120 tredecim
1628 6048 1740 6137 lanei,
1773 6048 1815 6119 de

165 6184 172 6199 ·
267 6169 391 6259 quibus
419 6167 565 6238 solvitur
591 6174 629 6239 et
648 6169 852 6271 conducitur
878 6167 1011 6240 decima
1036 6168 1261 6257 manipularis
1280 6169 1520 6261 etcanapalis¹
1534 6189 1598 6259 pro
1616 6169 1815 6259 praebenda

268 6268 524 6376 Cracoviensi,
544 6309 631 6377 quae
659 6295 803 6360 vocatur
829 6287 1090 6379 Krzeslawslsa,
1127 6290 1224 6361 cuius
1250 6289 1349 6361 valor
1384 6290 1428 6361 ad
1456 6289 1651 6381 quindecim
1681 6309 1814 6367 marcas

268 6411 482 6482 aestimatur.
509 6409 596 6479 Item
624 6415 680 6479 est
706 6410 753 6480 ibi
781 6428 886 6481 unum
914 6410 1103 6499 praedium,
1131 6409 1173 6480 de
1202 6430 1268 6499 quo
1296 6409 1429 6481 decima
1455 6410 1632 6500 variatnr3
1667 6430 1747 6482 nam
1772 6400 1826 6481 de

267 6531 452 6602 medietate
479 6548 651 6620 agrorum,
680 6531 738 6620 qui
756 6530 927 6620 quondam
953 6538 1054 6603 erant
1073 6531 1314 6621 cmcthonales,
1341 6530 1490 6621 percipit
1516 6536 1592 6602 eam'
1618 6530 1816 6623 praebenda
