4200 8342
266 1666 335 1742 126

260 1878 343 1947 item
379 1878 596 1949 hortulaniae
632 1876 737 1966 duae,
764 1879 845 1948 item
874 1873 1057 1966 tabemae,
1086 1879 1167 1947 item
1204 1876 1271 1947 duo
1308 1877 1400 1947 lanei
1428 1875 1640 1948 scoltetIales
1667 1874 1710 1946 de
1738 1875 1806 1966 qui-

260 1999 322 2068 bus
360 1999 516 2069 omnibus
552 1999 699 2070 solvitur
734 2004 769 2069 ot
805 1987 1007 2069 conducitur
1044 1998 1176 2068 decima
1202 1994 1426 2088 manipularis
1463 2003 1500 2068 et
1534 1997 1713 2087 canapalis
1747 2017 1806 2087 pro

258 2116 403 2191 99919919
442 2119 477 2191 19
509 2119 822 2209 Lapsohyoza,
849 2125 885 2191 et
911 2119 1009 2190 valor
1044 2119 1119 2191 eius
1138 2116 1362 2189 aestimatur·
1386 2117 1570 2208 aliquando
1597 2117 1643 2189 ad
1670 2123 1750 2189 octo
1776 2121 1809 2187 et

256 2237 439 2327 aliquando
468 2239 512 2310 ad
539 2239 656 2310 decem
682 2238 825 2311 mareas.
1400 2245 1402 2248 ’

362 2351 571 2448 09999999,
598 2360 681 2431 villa
709 2360 838 2431 domini
864 2360 1000 2432 abbatis
1029 2360 1269 2450 Tlryuioiensis
1288 2360 1352 2430 sub
1370 2358 1536 2449 parochia
1553 2357 1806 2450 czerkyew,

258 2499 346 2568 quae
382 2478 466 2550 villa
503 2480 607 2550 991911
643 2479 808 2550 decimam
844 2480 1095 2581 maquularem
1128 2469 1275 2570 plebano
1311 2481 1358 2550 iu
1375 2479 1468 2551 (11919
1492 2462 1808 2569 L‘apsobyeaa3

257 2599 354 2669 valor
382 2605 497 2670 autem
524 2600 709 2691 aliquando
737 2598 884 2692 quatuor
911 2600 1071 2671 marcas'
1090 2601 1178 2672 Item
1205 2601 1351 2672 99919919
1373 2598 1496 2671 'eadem
1523 2599 1632 2671 babet
1658 2600 1809 2670 missalia
1846 2683 1851 2689 ¹

257 2741 319 2809 per
346 2719 789 2823 villamLapsohyoza
816 2726 851 2792 et
877 2705 1389 2819 Cop'anow,‘quinquaginta
1414 2726 1486 2792 tam
1502 2719 1676 2810 siliginis,
1706 2741 1804 2810 quam

258 2861 385 2911 avenae
414 2860 602 2930 mensurae,
624 2862 805 2913 mensurae
824 2842 986 2933 aequalis,
1006 2863 1067 2914 999
1086 2837 1385 2933 supereminentis,
1401 2842 1445 2913 'et'
1459 2841 1551 2912 cirea
1569 2841 1639 2912 ista
1656 2840 1809 2911 missalia

257 2961 361 3032 solvit
388 2960 534 3052 quilibet
561 2967 728 3057 quantum
763 2968 860 3033 tenet
896 2964 971 3054 agri
994 2957 1062 3054 ¹pro
1091 2969 1185 3035 sorte
1214 2985 1284 3035 sua.
1323 2964 1412 3047 Item
1439 2963 1474 3033 in
1500 2961 1807 3053 Damyanioze

257 3086 338 3170 post
364 3082 504 3173 fluvium
529 3078 662 3172 Raba,
689 3088 769 3174 post
794 3085 974 3173 praedium
993 3085 1121 3156 domiui
1141 3084 1290 3156 Kraza
1317 3090 1353 3156 et
1371 3089 1450 3174 post
1467 3083 1698 3173 19919199199,
1718 3083 1808 3155 valo-

256 3202 304 3272 ris
333 3202 477 3273 duarum
505 3223 707 3275 marcarum.
735 3205 822 3275 Item
849 3192 1140 3277 99919999919919
1166 3206 1273 3277 babet
1290 3224 1394 3277 unam
1413 3204 1657 3294 hortulaniaun
1677 3203 1722 3274 de
1741 3208 1805 3293 qua

256 3318 401 3393 solvitur
437 3300 564 3393 media¹
586 3318 758 3415 sexagena
793 3330 829 3396 et
855 3312 924 3397 non
951 3327 1133 3398 laboratur
1160 3326 1202 3398 de
1230 3348 1289 3398 ea:
1317 3326 1400 3398 item
1440 3320 1683 3397 habet'bonos
1710 3345 1809 3416 agros

255 3443 291 3512 in
319 3448 391 3514 tres
418 3450 536 3534 partes
564 3443 693 3517 divisos
721 3467 798 3517 oum
825 3446 943 3538 sylris²
970 3449 1030 3532 sed
1058 3448 1201 3540 pauoIs.¹
1282 3462 1284 3467 ·
1435 3451 1438 3457 ’

937 3569 1151 3643 Boanum.-

360 3687 533 3780 Oppidum
559 3688 702 3779 regium
729 3690 764 3760 iu
792 3710 859 3779 quo
886 3693 940 3759 est
967 3666 1114 3761 99919919
1144 3687 1354 3779 paroehialis
1381 3688 1492 3761 latere
1520 3686 1635 3759 9991111
1661 3692 1807 3776 murata,

256 3811 383 3882 Sancto
411 3810 556 3882 Nicolao
575 3791 780 3882 Confessam
807 3810 932 3901 (119919,
960 3811 995 3882 19
1024 3832 1091 3902 quo
1119 3811 1209 3881 sales
1235 3804 1460 3899 effodiuntur,
1487 3810 1583 3882 euius
1610 3810 1807 3901 proprietas

256 3932 301 4003 ad
328 3932 585 4003 serenIssimum
611 3930 777 4002 Polouiae
812 3919 932 4022 regem
956 3931 1119 4023 pertinet.
1158 3932 1198 4002 Iu
1227 3952 1294 4022 quo
1311 3919 1402 4002 ‘sunt
1427 3928 1566 4020 triginti
1591 3928 1686 4001 lanei
1714 3930 1809 4020 oppi-

256 4054 433 4143 danorum,
461 4054 503 4124 (19
531 4052 655 4143 quibus
683 4052 830 4123 solvitur
856 4050 1016 4142 inamabile,
1041 4052 1191 4142 ‘quilibet
1218 4072 1319 4122 unam
1346 4041 1542 4123 mensuram
1570 4050 1808 4122 Bochnensem

256 4174 403 4264 siliginis
432 4178 476 4244 ot
511 4173 657 4244 alteram
693 4193 832 4244 avenae.
868 4173 955 4244 Item
993 4173 1182 4246 advocatus
1209 4173 1423 4244 Bochnensis
1443 4152 1493 4244 'de
1519 4171 1654 4244 duobus
1681 4171 1809 4262 eampis

256 4294 360 4364 solvit
387 4294 554 4365 dealmam
581 4293 830 4384 manipularem
858 4294 1022 4365 eeclesiae
1049 4294 1256 4384 Bochnensi,
1283 4292 1326 4365 de
1353 4293 1458 4364 tertio
1485 4313 1569 4364 vero
1597 4312 1718 4383 eampo
1737 4294 1809 4364 sive

256 4416 355 4485 laneo
384 4415 444 4501 dat
470 4414 632 4513 missalia,
661 4414 792 4485 scilieet
817 4436 921 4485 unam
947 4436 1144 4486 mensuram
1171 4392 1808 4505 91119191991911999199999991199

257 4541 310 4606 991
335 4535 385 4606 ibi
411 4530 517 4606 unum
543 4535 724 4615 maaellum
751 4524 959 4627 9999111999,
987 4537 1029 4607 (19
1058 4533 1125 4626 quo
1153 4535 1339 4607 solvuntur
1361 4533 1486 4626 vigInti
1511 4532 1645 4625 lapides
1665 4535 1749 4626 sepi,
1768 4534 1809 4606 (19

258 4657 381 4746 quibus
415 4651 533 4726 decem
570 4644 754 4727 saliunt-ur
790 4657 1025 4730 99919919991
1061 4657 1178 4728 docem
1215 4656 1374 4746 plebano.
1415 4657 1504 4728 Item
1531 4656 1679 4728 99919919
1705 4657 1812 4728 habet

256 4779 446 4881 proprium·
464 4794 607 4868 agrum,'
622 4783 725 4867 prata
751 4784 788 4850 et
814 4799 920 4850 uuum
946 4779 1094 4868 bortum,
1122 4799 1186 4868 pro
1213 4777 1376 4869 praedio,
1403 4784 1439 4848 et
1466 4776 1635 4868 optimum
1663 4777 1810 4867 domum,

255 4899 404 4989 lIgneam
441 4903 575 4988 tamen,
592 4896 666 4988 'pro
693 4899 917 4971 habitatione.
957 4898 1070 4970 Huius
1105 4899 1269 4970 ecelesiae
1296 4904 1412 4970 reotor
1439 4902 1492 4969 est
1518 4896 1740 4971 Grzeczsla'us
1768 4897 1810 4971 de

257 5020 599 5110 Kuroawaulry,
627 5020 753 5092 uobilis
789 5020 832 5091 da
868 5020 968 5094 domo
1005 5020 1241 5091 Rozarum.
1279 5020 1368 5090 Item
1403 5018 1548 5091 99919919
1579 5025 1616 5090 91
1641 5019 1810 5111 plebanus

257 5141 363 5211 babet
391 5163 432 5211 ex
460 5162 573 5230 zuppa
600 5141 796 5213 Bochnensi
824 5163 926 5213 unam
953 5162 1103 5212 maroam
1129 5141 1279 5213 latorum
1305 5154 1505 5231 grossorum
1529 5127 1811 5232 9199999999-

258 5262 328 5332 1919
365 5260 466 5350 99119,
503 5281 591 5350 quoe
627 5263 771 5352 singulis
808 5264 1009 5353 septimanis
1046 5262 1114 5333 sibi
1150 5262 1314 5352 solvitur,
1332 5244 1440 5333 Ι19199
1476 5261 1550 5332 9199
1577 5261 1612 5331 iu
1641 5263 1811 5333 communi

257 5383 404 5471 pecunia
436 5437 443 5450 .
471 5435 478 5448 .
507 5404 533 5469 .;
571 5382 629 5471 qui
657 5370 1638 5472 999999191191199999199199(19991999199199199
1666 5383 1811 5473 inscrip

255 5510 322 5592 tus,
350 5525 412 5592 per
439 5501 638 5573 Boleslaum
665 5505 827 5593 pudicum
854 5504 974 5575 ducem
1003 5503 1276 5595 Craooviensem
1305 5489 1617 5576 Saudomiriensem
1637 5510 1673 5574 et
1691 5505 1810 5576 Lubli-
1850 5570 1852 5575 .

257 5647 397 5696 oensem
435 5631 471 5695 et
508 5630 704 5695 consortem
740 5625 813 5696 eius
850 5625 1097 5717 Ounegundim,
1134 5626 1239 5696 filiam
1275 5626 1368 5716 regis
1402 5624 1603 5716 HungarIae
1630 5626 1811 5717 Byelae,

189 5822 193 5830 ,
256 5748 319 5819 sub
355 5753 512 5837 tempore
548 5751 583 5816 et
619 5747 785 5837 regimine
813 5748 960 5836 praefati
987 5747 1139 5818 Boleslai
1167 5748 1272 5837 (19919,
1301 5746 1437 5837 quaudo
1460 5730 1515 5819 ’991
1537 5747 1724 5818 baneatum
1753 5770 1812 5819 seu

257 5869 398 5939 crudum
426 5868 497 5939 illio
525 5873 701 5958 repertum
730 5875 792 5939 est.
819 5869 907 5939 Item
934 5870 1039 5940 babet
1067 5866 1279 5940 offertorium
1308 5873 1343 5939 et
1364 5868 1557 5940 oblationes
1576 5872 1612 5938 et
1631 5875 1812 5958 quaestum

257 5990 298 6060 de
327 5989 489 6079 99919919,
517 5989 653 6060 9911999
691 6011 835 6080 quorum
872 5995 1104 6079 proventuum
1132 5994 1273 6060 tenetur
1300 6009 1417 6060 omnes
1444 5988 1613 6078 91999199,
1642 5990 1703 6080 qui
1732 5998 1813 6063 9991

257 6131 398 6180 uuurero
435 6116 526 6199 tres,
555 6112 715 6200 expensis
752 6110 898 6201 singulis
932 6112 1031 6181 anuis
1069 6131 1274 6200 procurare,
1303 6130 1448 6200 quorum
1476 6108 1543 6180 duo
1572 6090 1653 6181 sunt
1680 6112 1811 6202 sicarii,

259 6231 384 6301 tertius
412 6231 641 6320 praedicator,
669 6233 699 6302 si
726 6233 892 6321 plebanus
920 6231 1071 6319 residet3
1099 6232 1302 6321 91991999,
1330 6234 1470 6301 tenetur
1486 6229 1562 6302 loco
1581 6231 1634 6300 sui
1654 6237 1813 6322 quartum

258 6351 547 6423 eornurendarium
574 6352 698 6442 locare,
726 6354 784 6443 qui
812 6354 853 6424 (19
882 6353 1083 6442 quaestibus
1112 6352 1275 6423 ecelesiae
1303 6373 1379 6423 oum
1406 6352 1545 6423 vicariis
1572 6374 1641 6423 999
1661 6374 1812 6425 eommu-

257 6475 358 6544 91991.
397 6475 486 6545 ltom
514 6473 557 6544 (19
585 6495 723 6564 eampo,
751 6475 809 6564 qui
836 6475 926 6544 19991
953 6475 1016 6545 sub
1045 6481 1159 6545 moute
1186 6475 1482 6565 Hnskoryna,
1510 6474 1616 6546 habet
1643 6473 1810 6546 decimam

255 6593 422 6689 plebanus
449 6595 707 6691 manipularem,
735 6596 793 6689 qui
821 6616 960 6691 campus
988 6601 1064 6671 erat
1090 6595 1262 6687 quondam
1290 6596 1450 6669 advocati
1468 6594 1693 6673 Bochnensis.
1719 6594 1807 6672 Item
