4200 8342
1739 1557 1813 1629 507

298 1834 303 1846 ,
370 1755 621 1848 Goznzrrenns,
648 1759 731 1831 villa
748 1760 813 1832 sub
832 1762 998 1850 parochia
1020 1761 1063 1833 de
1077 1760 1487 1834 Wscheszwanthe
1514 1762 1591 1851 sito,
1617 1763 1714 1834 cuius
1732 1763 1815 1834 hao-

263 1877 368 1951 redes
402 1878 640 1951 Beruardinus
676 1878 969 1972 Grocholsky
1006 1881 1050 1953 de
1086 1883 1191 1953 armis
1230 1880 1524 1973 Syrolromla,
1564 1882 1742 1955 lohannes
1778 1890 1814 1955 et

263 1997 430 2071 Nicolaus
449 1999 492 2071 de
510 2001 615 2071 armis
634 1999 922 2092 Wyenyawa,
950 2002 1116 2073 Albertus
1143 2002 1439 2092 Mychowsky
1467 2002 1509 2073 de
1542 2004 1647 2074 armis
1673 2003 1814 2075 Rana.

262 2118 305 2191 ln
332 2141 401 2210 qua
426 2126 509 2192 sunt
534 2121 627 2193 lanei
653 2122 897 2212 cmethooales,
925 2124 1007 2194 item
1034 2123 1265 2212 hortulaniae,
1293 2123 1377 2193 item
1403 2124 1580 2212 tabernae,
1608 2125 1691 2195 item
1713 2144 1817 2213 proe-⁸

263 2239 324 2311 dia
349 2245 498 2331 quatuor
523 2242 699 2332 militaria,
727 2243 913 2331 dequibus
940 2244 1098 2314 omnibus
1126 2243 1273 2314 solvitur
1300 2248 1336 2313 et
1361 2243 1563 2314 conducitur
1589 2244 1724 2315 decima
1740 2244 1813 2315 ma-

263 2360 433 2451 nipularis
465 2368 500 2433 et
527 2364 701 2452 canapalis
738 2363 903 2435 ecclesiae
939 2365 975 2434 in
1010 2362 1467 2453 Wscheszwyanthe,
1503 2365 1599 2434 cuius
1634 2365 1733 2435 valor
1768 2365 1812 2435 ad

263 2481 388 2571 viginti
412 2502 558 2555 marcas.

345 2601 571 2693 ‘Maecena
598 2604 682 2676 villa
708 2606 772 2677 suh
799 2604 966 2695 parochia
992 2604 1035 2676 de
1063 2603 1466 2677 Wscheszwanthe
1493 2605 1581 2695 sito,
1606 2604 1703 2677 canus
1730 2606 1813 2677 hae·

262 2741 322 2797 rea
346 2721 525 2795 Johannes
552 2724 894 2816 Podlodoualry
922 2725 965 2797 de
991 2725 1098 2796 armis
1124 2724 1314 2814 Janyna
1340 2724 1381 2795 In
1409 2746 1478 2814 qua
1504 2706 1585 2797 suut
1610 2722 1811 2798 laneicme-

262 2842 431 2933 thonalea
456 2843 541 2916 item
568 2845 796 2935 hortulaniae,
822 2848 906 2917 item
932 2847 1109 2936 tabernae,
1138 2846 1221 2918 item
1244 2844 1424 2935 praedium
1452 2865 1556 2916 uuum
1583 2845 1742 2935 militare,
1769 2845 1812 2916 de

263 2963 387 3053 quibus
414 2965 572 3037 omnihus
597 2967 745 3039 solvitur
771 2974 807 3038 et
833 2966 1039 3039 conducitur
1071 2967 1204 3038 decima
1229 2965 1455 3057 manipularis
1482 2969 1518 3035 et
1543 2966 1718 3055 cenapnlis
1745 2986 1809 3055 pno

262 3082 409 3156 eeclesia
433 3086 471 3156 in
497 3085 952 3179 Wscheszuyanthe,
979 3088 1075 3160 cuius
1102 3065 1271 3159 valorad
1297 3107 1358 3157 sex
1385 3106 1520 3157 marcas
1546 3082 1761 3158 aestimatur.¹

364 3205 571 3298 Rzucnuw,
611 3208 694 3281 villa
728 3210 792 3280 suh
819 3210 984 3299 parochia
1009 3208 1175 3280 ecclesiae
1212 3207 1254 3279 de
1286 3206 1696 3279 Wscheszwanthe
1733 3208 1810 3296 sita,

261 3324 359 3397 cuius
394 3326 519 3398 haeres
545 3327 710 3400 Nicolaus
745 3329 1086 3418 Podlodowshy
1122 3328 1165 3399 de
1191 3328 1298 3432 armis
1333 3326 1513 3399 Janina
1557 3327 1597 3397 In
1626 3348 1695 3417 qua
1728 3333 1810 3399 sunt

261 3445 428 3518 tredecim
454 3448 546 3518 lanei
573 3450 826 3539 cmethooales,
860 3451 945 3522 item
971 3450 1061 3522 duae
1086 3448 1257 3521 tahemae
1281 3449 1449 3519 hahentes
1476 3469 1597 3538 agros,
1632 3448 1715 3519 item
1743 3468 1811 3519 nna

260 3564 460 3657 hortulania
495 3569 600 3640 etiam
628 3570 758 3643 habens
786 3592 907 3662 agroS,
943 3570 986 3641 de
1014 3571 1139 3660 quihus
1175 3570 1334 3640 omnibus
1371 3569 1519 3641 solvitur
1545 3574 1582 3640 et
1607 3568 1810 3639 conducitur

261 3684 394 3759 docimo
418 3689 664 3779 manipularis,
699 3695 736 3762 et
761 3712 824 3781 per
851 3695 1005 3783 quatuor,
1025 3691 1164 3780 ierngas
1192 3689 1385 3779 canapaliS,
1417 3689 1637 3761 universitati
1663 3688 1809 3760 vicario-

259 3826 337 3877 rum
363 3806 711 3902 Oppethoviensium,
747 3812 843 3882 cuins
870 3812 969 3883 valor
995 3810 1040 3881 ad
1068 3809 1218 3882 sedecim
1243 3829 1387 3880 marcas.
1431 3809 1520 3881 Item
1551 3808 1731 3899 praedium
1758 3809 1809 3881 ibi

260 3945 330 3999 uon
356 3934 419 4001 est.

941 4053 1137 4125 Ruszuow.

273 4256 278 4265 .
364 4169 459 4242 Villa
492 4171 624 4244 habens
650 4174 687 4244 in
713 4193 751 4245 se
783 4173 963 4257 ecclesiam
998 4173 1231 4263 parochialem
1266 4170 1435 4261 ligneam,
1474 4170 1604 4266 Sancto¹
1635 4167 1808 4240 Stunislao

260 4288 418 4381 dicatam,
446 4313 534 4383 quae
562 4298 617 4364 est
642 4292 685 4365 de
712 4294 897 4374 collatione
924 4293 1175 4365 Zawischii
1201 4293 1244 4364 de
1271 4289 1581 4363 Oleschnicza
1611 4288 1737 4362 nobilis
1764 4288 1806 4360 de

259 4392 620 4503 domo'Damhn03
660 4412 836 4504 praefatus
871 4416 962 4486 enim
996 4414 1252 4487 Zawissius
1289 4412 1331 4483 de
1367 4410 1690 4506 Oleschnicza,
1730 4429 1806 4481 cum

260 4539 353 4604 esset
378 4538 462 4605 tunc
488 4535 656 4609 suhiudcx
683 4536 970 4608 Sandomiriensis
997 4541 1034 4605 et
1060 4541 1206 4625 patruus
1233 4537 1373 4604 sanctae
1400 4533 1584 4602 memoriae
1611 4529 1806 4620 Shignei

260 4652 445 4725 cardinalis
472 4662 508 4726 et
534 4657 685 4748 episcopi
713 4657 961 4746 Oracoviensis
989 4677 1065 4728 cum
1092 4659 1185 4727 esset
1210 4654 1265 4725 vir
1292 4653 1455 4724 solertiae
1482 4651 1678 4740 singularis,
1706 4649 1804 4719 iusti·

260 4771 345 4845 tiam
372 4773 532 4867 diligens,
558 4782 595 4847 et
611 4778 723 4849 zelum
740 4778 806 4849 Dei
823 4777 964 4866 habens,
992 4776 1035 4846 de
1054 4775 1195 4865 speciali
1212 4773 1353 4844 licentia
1370 4778 1407 4843 et
1425 4792 1593 4845 consensu
1615 4770 1756 4858 Sbign
1767 4770 1807 4839 ei

260 4894 412 4986 episcopi
431 4895 680 4988 Oraeoviensis,
707 4899 842 4988 nepotis
870 4898 932 4985 sui,
959 4901 995 4967 et
1013 4895 1056 4967 de
1074 4915 1243 4967 consensu
1264 4893 1387 4965 Jacohi
1414 4892 1457 4962 de
1484 4890 1805 4980 Grocholycze

258 5014 396 5104 plebem
430 5022 514 5090 tnnc
557 5019 593 5090 in
638 5016 1062 5106 Wscheszwanthe,
1106 5014 1281 5087 adonius
1325 5012 1503 5084 ecclesiam
1548 5013 1584 5083 in
1630 5008 1807 5082 Wsche-

261 5139 497 5209 azuanthe
524 5139 681 5229 praefata
698 5139 782 5211 villa
799 5138 1023 5223 Ruszkow
1041 5137 1248 5238 pertinebat,
1274 5135 1387 5207 erexit
1413 5154 1536 5207 novam
1556 5132 1743 5222 ecclesiam,
1771 5137 1807 5203 et

258 5254 354 5329 illam
387 5257 514 5331 Sancto
550 5259 723 5333 Stanislao
759 5261 937 5350 ipsamque
973 5257 1168 5331 aedificavit
1193 5263 1230 5329 et
1256 5257 1410 5348 dotavit,
1447 5262 1483 5327 et
1509 5257 1546 5327 in
1572 5249 1628 5347 ea
1650 5253 1805 5345 sepultus

259 5377 453 5467 requiescit.
479 5381 520 5452 In
547 5402 615 5472 qua
641 5388 723 5454 sunt
750 5382 899 5473 quinque
925 5381 1017 5452 lanei
1043 5379 1286 5470 cmethooales,
1312 5380 1395 5451 item
1422 5379 1589 5451 tabernae
1615 5397 1685 5448 non
1711 5381 1803 5464 sunt,

258 5498 340 5569 item
367 5499 584 5574 hortulaniae
612 5504 775 5593 quinque,
803 5503 846 5574 de
874 5503 998 5592 quibus
1025 5502 1172 5575 solvitur
1199 5506 1235 5572 et
1261 5500 1463 5573 conducitur
1489 5499 1622 5570 decima
1649 5497 1804 5585 manipu-
1902 5566 1906 5573 .

258 5618 342 5690 laris
369 5626 406 5691 et
431 5623 604 5713 eanapalis
640 5645 703 5715 pro
730 5623 928 5714 praehenda
962 5621 1156 5694 Kelczieusi
1192 5621 1485 5712 Sohyewyenslra3
1525 5620 1622 5691 valor
1658 5615 1803 5688 eiusad

258 5739 376 5811 decem
403 5762 546 5815 marcas.
571 5744 660 5816 Item
687 5751 741 5817 est
767 5745 817 5816 ibi
842 5743 1022 5835 praedium
1048 5743 1207 5833 militare,
1234 5741 1277 5813 de
1305 5762 1372 5830 quo
1399 5741 1547 5812 solvitur
1573 5738 1706 5809 decima
1732 5758 1803 5808 rna-

256 5860 425 5949 nipularis
450 5884 515 5952 pro
541 5866 686 5937 ecclesia
712 5867 748 5936 in
773 5866 1007 5938 Ruszkow.
1033 5865 1121 5936 Item
1148 5863 1294 5934 ecclesia
1320 5862 1426 5933 hahet
1448 5860 1609 5957 proprios
1636 5878 1740 5949 agros
1767 5864 1803 5929 et

257 5986 377 6072 prata,
417 6003 571 6073 proauo
605 5987 747 6075 praedio
775 5993 811 6058 et
836 5987 1063 6076 necessitate,
1103 6005 1189 6075 qnos
1216 5983 1267 6054 illi
1294 5982 1329 6052 in
1355 5979 1557 6052 fundatione
1595 5979 1741 6051 contulit
1766 5985 1804 6050 et

257 6102 434 6194 inscripsit
460 6104 635 6196 praelatus
661 6107 953 6180 Zawischins
979 6106 1090 6197 miles,
1117 6105 1302 6196 primarius
1328 6103 1501 6175 hindator.

359 6223 587 6317 Sznnowrn,
627 6228 711 6300 villa
745 6230 809 6300 suh
837 6228 1003 6319 parochia
1028 6228 1079 6299 de
1111 6224 1371 6298 Ruschkow
1406 6226 1491 6316 situ,
1533 6243 1620 6315 qnae
1648 6222 1732 6294 olim
1756 6220 1801 6295 ud

257 6344 437 6418 ecclesiam
472 6349 508 6419 in
543 6347 950 6422 Wscheszwanthe
990 6348 1206 6440 pertinebat,
1246 6347 1343 6419 cuius
1382 6348 1506 6417 haeres
1541 6342 1720 6416 Johanues
1756 6342 1800 6415 de

255 6463 470 6557 Szprowa
494 6471 599 6544 iudex
626 6470 924 6563 Sandomiriensis,
949 6475 1050 6563 pater
1066 6467 1237 6541 Johannis
1264 6468 1307 6540 do
1334 6468 1520 6558 Sprowa
1545 6465 1799 6557 archiepiscopi
