4200 8342
1668 1662 1743 1739 439

189 1876 366 1969 mapalis
392 1896 458 1967 pro
483 1874 685 1967 praehenda
710 1874 866 1945 Novae
891 1872 1136 1963 Civitatis,
1163 1879 1200 1944 et
1226 1873 1325 1945 valor
1351 1872 1426 1944 eius
1453 1872 1496 1943 ad
1524 1892 1585 1944 sex
1602 1894 1746 1945 marcas.

188 1998 278 2073 Item
304 2020 374 2089 non
400 2004 456 2070 est
481 1998 530 2070 ihi
556 1996 747 2091 praedium,
774 2018 843 2068 non
871 2001 953 2067 sunt
977 1996 1207 2086 hortulauiae‚
1235 2018 1302 2067 non
1331 2000 1412 2066 sunt
1437 1994 1614 2067 tabernae.

196 2174 199 2181 .
293 2120 496 2209 Wrnunr,·
522 2119 606 2193 villa
640 2119 738 2209 regia
772 2120 838 2190 suh
873 2119 1039 2209 parochia
1074 2119 1117 2191 de
1154 2118 1355 2190 Korcziu
1384 2119 1460 2189 sito.
1501 2118 1541 2189 ln
1569 2139 1637 2209 qua
1664 2124 1744 2191 sunt

186 2244 278 2317 lanei
305 2242 548 2331 annathonales,
574 2243 659 2313 item
685 2241 864 2332 praedium
892 2241 1025 2332 regium
1051 2242 1184 2313 hahens
1211 2260 1314 2330 agros
1341 2240 1467 2330 largos,
1491 2241 1573 2311 item
1597 2241 1742 2313 taberna

186 2360 321 2455 hahens
348 2384 462 2456 agros,
487 2362 532 2437 de
558 2364 683 2455 quihus
711 2363 870 2435 omnihus
897 2363 1045 2435 solvitur
1071 2370 1107 2434 et
1136 2363 1341 2433 coruducitur
1368 2361 1497 2432 decimo
1517 2362 1742 2452 manipularis

188 2488 225 2559 cl
248 2486 427 2578 canapolis
452 2506 517 2577 pro
544 2485 742 2577 praebenda
767 2484 800 2557 N
809 2506 920 2558 orae
946 2483 1182 2576 Civitatis,
1210 2489 1247 2556 et
1272 2483 1371 2556 valor
1395 2484 1469 2555 eius
1493 2482 1538 2554 ad
1557 2487 1634 2555 octo
1653 2504 1743 2554 mar-

189 2624 249 2683 eas
275 2608 488 2682 aestimatur.

872 2728 1060 2801 Kouczrn.

208 2872 220 2897 ²·
291 2850 387 2923 Villa
413 2851 520 2942 regio,
547 2850 679 2923 hahens
704 2852 883 2924 ecclesiam
910 2849 1142 2941 parochialem
1169 2849 1243 2921 Deo
1270 2853 1306 2921 et
1333 2850 1459 2921 Sancto
1486 2848 1630 2921 Nicolao
1649 2849 1741 2921 dica·

188 2978 263 3053 lu
290 2974 411 3063 inse,
438 2974 538 3045 cuins
571 2973 698 3045 chorus
734 2980 771 3046 et
797 2973 958 3045 sacristia
982 2971 1063 3044 alho
1090 2972 1206 3063 lapide
1233 2992 1295 3062 per
1322 2970 1527 3043 Gasimirum
1555 2971 1741 3045 secundum

189 3094 356 3169 P-nloniae
390 3116 507 3187 regem
542 3094 714 3167 fabricata
749 3101 849 3185 suut3
875 3094 973 3168 cuins
999 3095 1121 3167 unicus
1148 3100 1317 3185 patronus
1344 3092 1508 3165 Poloniae
1536 3114 1615 3183 rex,
1644 3094 1741 3164 cuius

189 3216 358 3312 meminus
384 3216 545 3290 Andreas
573 3218 758 3309 presbyter
785 3218 829 3289 de
856 3216 1160 3309 Pahyauicze.
1201 3216 1240 3286 ln
1269 3237 1336 3306 qua
1362 3220 1444 3287 sunt
1470 3215 1561 3287 lanei
1588 3214 1741 3287 cmetho-

189 3338 296 3430 nnles,
323 3340 406 3411 item
434 3339 614 3430 praedium
640 3340 767 3430 regale,
794 3340 876 3411 item
902 3340 1069 3411 tabernae
1096 3334 1265 3411 hahentes
1291 3358 1403 3429 agros,
1421 3338 1504 3409 item
1523 3318 1741 3409 hortulauiae

189 3460 358 3535 hahentes
384 3483 497 3552 agros,
523 3460 567 3535 de
594 3462 719 3553 quihus
747 3462 906 3534 omnihus
932 3462 1081 3533 solvitur
1107 3466 1143 3533 et
1169 3461 1374 3533 conducitur
1397 3460 1530 3533 decima
1552 3459 1743 3550 manipula·
1836 3495 1838 3501 ·

189 3582 240 3655 ris
274 3588 312 3655 et
346 3583 521 3675 canapolis
557 3604 621 3675 pro
658 3583 804 3655 ecclesia
833 3584 870 3654 in
904 3583 1124 3673 Korczin,
1151 3588 1189 3654 et
1223 3582 1323 3655 valor
1358 3584 1432 3654 eius
1467 3582 1671 3655 aestimatur
1689 3581 1742 3652 nd

190 3704 385 3797 qaindecim
421 3726 564 3779 mareas
598 3706 686 3777 Item
713 3705 858 3778 ecclesia
893 3706 1000 3779 hahet
1025 3705 1186 3797 proprios
1213 3726 1316 3796 agros
1343 3725 1407 3795 pro
1433 3703 1576 3795 praedio
1602 3707 1741 3777 etcum

190 3828 407 3921 pratis...
573 3832 577 3839 '

295 3948 509 4021 Onnannow
534 3947 675 4039 Manen,
702 3949 786 4021 villa
811 3950 876 4022 suh
901 3949 1068 4041 parochia
1095 3949 1137 4021 de
1164 3948 1361 4022 Korcziu
1389 3948 1467 4038 sita,
1494 3948 1590 4019 cuius
1617 3947 1740 4019 haeres

190 4068 352 4145 Andreas
378 4070 709 4164 Trzczyenshy
735 4071 822 4143 alias
848 4070 1193 4162 (lzarnhowshy
1220 4070 1263 4141 de
1282 4062 1672 4142 demoPoluko‘sza.
1699 4068 1739 4138 ln
1780 4132 1782 4136 .

182 4174 260 4285 ¹(pura
285 4198 369 4265 snut
392 4193 485 4265 lanei
511 4193 759 4283 mathusalae,
786 4192 829 4264 de
856 4194 982 4284 quihus
1009 4193 1155 4265 solvitur
1182 4197 1217 4265 et
1243 4190 1446 4264 conducitur
1472 4191 1606 4263 decima
1633 4191 1741 4261 mani-

190 4314 322 4405 pularis
356 4315 614 4404 tantummod03
651 4315 694 4386 ad
731 4315 930 4407 canapalem
966 4315 1057 4386 enim
1095 4336 1163 4387 non
1199 4319 1365 4389 tenentur
1399 4334 1463 4404 pro
1498 4312 1742 4403 praepositura

190 4432 399 4526 Vlahciensi
425 4441 461 4508 et
486 4437 586 4509 valor
611 4436 686 4509 eius
713 4436 918 4509 aestimatur
944 4437 989 4509 ad
1008 4492 1041 4507 ..
1070 4492 1077 4507 .
1104 4438 1190 4509 Item
1218 4441 1272 4508 est
1299 4436 1348 4507 ihi
1374 4434 1553 4527 praedium
1581 4420 1740 4525 militare,

191 4556 235 4631 de
259 4578 330 4649 quo
365 4557 559 4631 decimatur
593 4559 758 4631 ecclesiae
791 4559 828 4630 iu
863 4559 1151 4650 Damhrowa‚
1175 4563 1214 4630 et
1241 4559 1339 4631 valor
1366 4559 1439 4630 eius
1466 4558 1670 4631 aestimatur
1697 4556 1741 4627 ad

191 4678 278 4753 ans
302 4700 455 4771 marcas,
481 4682 567 4753 item
594 4681 761 4752 tahemao
788 4702 856 4752 uon
883 4685 981 4772 sunt,
1008 4701 1120 4773 neque
1147 4680 1388 4770 hortulauiae3
1422 4681 1504 4752 item
1533 4679 1679 4751 ecclesia
1705 4678 1741 4750 iu

190 4798 402 4892 Korcnyn
428 4800 536 4875 hahet
563 4801 860 4875 columhationem.

293 4922 505 4995 Gnnnnuow
533 4922 670 5013 Minoa,
698 4924 781 4996 villa
808 4923 872 4996 suh
892 4924 1058 5015 parochia
1084 4923 1127 4995 de
1153 4922 1356 4995 Korcziu
1384 4924 1463 5013 sita,
1492 4923 1591 4995 cuius
1618 4922 1747 5015 hetere-¹

190 5042 251 5119 dea
276 5044 404 5117 Petrus
429 5044 588 5135 Kanya
613 5046 657 5118 de
684 5046 785 5119 domo
813 5046 1088 5137 Streparum
1115 5051 1151 5117 et
1170 5100 1338 5116 .......
1379 5046 1418 5117 ln
1448 5067 1516 5137 qua
1543 5050 1624 5118 sunt
1650 5045 1739 5115 lanei

191 5166 434 5256 methonales
460 5166 503 5238 de
531 5167 656 5258 quihus
683 5168 832 5241 solvitur
860 5166 993 5239 decima
1011 5166 1246 5258 manipularis,
1273 5167 1316 5238 ad
1337 5166 1533 5258 canapalem
1562 5168 1654 5239 enim
1673 5189 1740 5238 non

190 5292 369 5377 tenentur,⁸
388 5309 452 5379 pro
471 5289 716 5379 praepositura
742 5289 959 5379 Visliciensi,
986 5295 1023 5361 et
1049 5289 1148 5361 valor
1175 5289 1250 5361 eius
1277 5290 1482 5362 aestimatur
1508 5289 1553 5363 ad
1572 5344 1740 5361 .......

190 5408 278 5483 Item
306 5415 388 5481 sunt
404 5411 452 5482 ihi
473 5410 542 5482 duo
561 5410 704 5501 praedia
730 5412 905 5502 militaria
932 5410 1121 5503 dequibus
1148 5411 1340 5484 decimatur
1362 5412 1528 5485 ecclesiae
1555 5412 1590 5483 in
1618 5413 1738 5484 Dam-

190 5532 362 5623 hrowa,
398 5536 434 5604 et
460 5532 558 5604 valor
584 5532 737 5606 decimae
765 5534 811 5607 ad
837 5540 910 5607 tres
936 5554 1073 5607 marcas
1109 5536 1321 5607 aestimatur.
1366 5536 1455 5608 Item
1488 5558 1555 5609 nou
1583 5539 1664 5607 sunt
1692 5534 1740 5604 ihi

190 5652 368 5744 taheruae,
394 5674 507 5744 neque
533 5653 760 5728 hortulauiae.
795 5657 884 5730 Item
910 5656 1078 5748 plebanus
1105 5656 1148 5731 de
1175 5658 1378 5733 Korczin
1404 5659 1510 5731 hahet
1536 5657 1585 5728 ihi
1612 5655 1741 5728 colum-

191 5774 376 5851 Monam.

196 5898 219 5931 '·
292 5894 483 5989 lisanum,
524 5896 609 5971 uilla
634 5900 698 5971 snb
724 5900 891 5991 parochio
917 5901 960 5973 de
991 5900 1189 5974 (lorczin
1215 5901 1302 5992 sita,
1344 5900 1441 5972 cuins
1472 5898 1668 5993 proprietas
1696 5896 1740 5969 ad

192 6018 389 6111 episcopum
425 6017 689 6092 Gracoviensem
725 6022 885 6112 pertinet.
929 6024 970 6095 Iu
999 6045 1067 6115 qua
1102 6029 1183 6095 sunt
1219 6022 1335 6095 decern
1371 6022 1462 6097 lanei
1499 6018 1741 6094 cmethonales.

191 6138 279 6223 item
305 6138 486 6232 praedium
511 6142 714 6235 episcopale·
734 6148 770 6214 et
796 6165 866 6216 una
890 6144 1039 6217 taberna
1064 6146 1197 6217 hahens
1224 6165 1336 6237 agros,
1363 6145 1406 6217 de
1429 6146 1554 6237 quihus
1582 6143 1740 6217 omnihus

192 6260 338 6335 solvitur
363 6267 400 6335 et
424 6264 628 6337 conducitur
654 6265 788 6338 decimo
814 6250 1039 6357 manipularis
1071 6272 1107 6339 et
1134 6267 1307 6359 canapnlis
1334 6289 1398 6360 pro
1425 6269 1587 6360 episcopo
1613 6266 1740 6339 Graco·

191 6384 319 6475 riensi,
358 6389 396 6458 et
419 6386 520 6459 valor
545 6388 620 6460 eius
647 6390 852 6477 aestimatur
878 6388 923 6461 ad
950 6389 1075 6479 viginti
1102 6409 1254 6481 marcas,
1294 6396 1435 6481 praeter
1461 6412 1569 6462 unum
1594 6390 1739 6479 laneum,

192 6504 239 6579 ad
261 6506 505 6581 scholastriam
531 6508 845 6587 Saudomiriensem
872 6511 1113 6609 pertinentem,
1140 6512 1195 6584 cui
1222 6518 1259 6586 et
1285 6533 1424 6596 censum
1452 6513 1564 6605 solvit
1592 6518 1629 6599 et
1646 6511 1738 6597 deci*

191 6644 280 6701 nun
304 6629 566 6721 manipularem.
