4200 8342
1757 1637 1828 1708 183

276 1833 372 1906 euius
399 1835 524 1908 haeres
550 1833 923 1929 Raczechowsky
950 1838 993 1910 de
1020 1840 1149 1911 armis.
1177 1895 1184 1909 .
1212 1894 1219 1909 .
1249 1894 1256 1908 .
1283 1841 1324 1911 ln
1352 1861 1420 1931 qua
1446 1845 1535 1912 sunt.
1554 1840 1646 1912 lanei
1674 1843 1828 1913 cmetbo-

276 1956 381 2047 nales,
407 1957 451 2028 de
478 1957 601 2047 quibus
630 1958 778 2030 solvitur
803 1965 840 2030 et
866 1960 1071 2031 conducitur
1097 1959 1229 2032 decima
1255 1961 1480 2051 manipularis
1512 1967 1548 2033 et
1574 1963 1748 2052 canapalis
1766 1984 1830 2052 pro

277 2079 489 2149 monasterio
516 2076 772 2171 Ozp'rzyczensi.
811 2079 900 2152 Item
926 2081 1107 2170 praedium
1135 2081 1184 2152 ibi
1212 2103 1280 2152 000
1307 2086 1369 2152 001.
1396 2083 1485 2154 Item
1512 2083 1652 2154 ratione
1679 2080 1831 2153 mesot-ne

276 2196 422 2269 solvitur
449 2198 492 2270 de
519 2200 674 2289 quolibet
699 2200 798 2272 laneo
826 2221 889 2291 pro
917 2200 1063 2290 plebano
1091 2222 1160 2271 uua
1186 2222 1348 2274 mensura
1374 2202 1521 2290 siliginis
1548 2208 1584 2273 01
1602 2199 1670 2273 nna
1688 2224 1827 2276 avenae.

317 2363 320 2368 -
381 2320 546 2411 Iu’unun,
574 2320 658 2390 villa
684 2322 748 2392 sub
767 2321 932 2412 parocbia
950 2321 993 2392 de
1011 2320 1310 2413 Wysznyowa
1336 2324 1413 2394 sita.
1439 2322 1479 2393 Iu
1499 2344 1566 2413 qua
1584 2330 1666 2394 sunt
1692 2345 1831 2396 novem-

277 2439 395 2512 decem
422 2441 513 2511 lanei
540 2441 773 2514 cmetbonales
800 2447 836 2513 et
862 2463 930 2512 una
956 2443 1112 2532 taberna,
1140 2442 1183 2514 de
1210 2443 1334 2533 quibus
1354 2444 1511 2514 omnibns
1529 2443 1676 2514 solvitur
1694 2443 1829 2515 decima

276 2561 465 2649 pecunialis
499 2582 563 2653 per
597 2583 703 2634 unum
738 2561 907 2634 fertonem
936 2562 978 2633 de
1007 2563 1161 2653 quolibet
1187 2563 1305 2653 laneo,
1333 2565 1549 2636 monasterio
1577 2562 1831 2655 Gzyrzyczensi.

276 2681 365 2751 Item
392 2685 446 2753 est
472 2681 521 2753 ibi
547 2683 723 2772 scultetus,
749 2683 880 2755 babens
908 2704 1012 2774 agros
1038 2685 1209 2775 proprios,
1237 2684 1280 2755 de
1307 2684 1431 2774 quibus
1459 2685 1563 2756 etiarn
1593 2685 1741 2756 decimat
1758 2669 1831 2755 mo·

276 2803 429 2875 nasterio
457 2801 711 2895 (lzyruyczensi.
738 2803 806 2875 Pro
834 2805 980 2895 plebano
1017 2810 1134 2876 autem
1160 2805 1196 2875 in
1223 2804 1525 2897 Wyszuyowa
1552 2806 1656 2878 solvit
1683 2807 1829 2897 quilibet

277 2926 320 2995 de
346 2925 447 2996 laneo
474 2944 578 2995 unam
604 2945 801 2995 mensuram
827 2926 974 3016 siliginis
1003 2931 1039 2997 et
1066 2945 1169 2996 uuam
1197 2946 1336 2997 avenae.

249 3049 275 3076 '·
380 3044 633 3135 Konrnuuru,
660 3046 744 3120 villa
779 3047 843 3118 sub
878 3047 1045 3138 parocbia
1071 3047 1114 3117 de
1142 3045 1436 3137 Wysznyowa
1463 3047 1539 3118 sita.
1580 3046 1620 3117 In
1653 3068 1722 3137 qua
1748 3051 1829 3119 sunt

278 3171 409 3255 septem
437 3166 528 3236 lanei
556 3167 798 3257 emetlnonales,
825 3168 910 3238 item
936 3168 1102 3239 scultetus
1130 3167 1261 3238 habens
1288 3168 1448 3257 proprios
1475 3167 1603 3257 laneos,
1630 3168 1673 3238 de
1701 3169 1826 3258 quibus

276 3287 434 3358 omnibus
469 3286 617 3358 solvitur
652 3287 785 3358 decima
818 3287 1024 3378 pecunialis,
1051 3288 1095 3358 de
1131 3288 1285 3380 quolibet
1311 3288 1411 3360 laneo
1438 3309 1501 3379 per
1527 3310 1633 3360 unum
1659 3287 1829 3370 fertonem

277 3429 340 3497 pru
376 3409 503 3479 abbate
534 3406 781 3498 Ozyrzyczensi
809 3408 974 3500 praefatu.
1015 3410 1102 3479 Item
1130 3414 1183 3479 est
1211 3408 1259 3480 ibi
1286 3410 1538 3520 mplendinum,
1566 3411 1698 3482 habens
1726 3431 1832 3500 agros

280 3529 457 3619 speciales,
485 3527 527 3600 de
555 3529 680 3617 quibus
707 3529 891 3603 decimat.
919 3584 962 3600 ..
1799 3545 1801 3550 '

245 3720 247 3725 .
380 3650 630 3741 lazuanown,
662 3650 745 3721 ailla
781 3651 844 3722 sub
880 3649 1554 3742 00000101οᾱ0111000000000110,
1582 3653 1678 3723 cuins
1705 3651 1829 3724 haeres

278 3769 469 3842 Stanislaus
497 3771 540 3841 de
565 3771 808 3863 Dubzfycze
835 3772 877 3844 de
904 3773 1037 3844 armis,
1065 3827 1072 3841 .
1100 3826 1108 3841 .
1135 3826 1143 3840 .
1169 3770 1210 3842 In
1245 3793 1314 3862 qna
1340 3776 1421 3866 sunt
1448 3777 1597 3862 quatuor
1623 3773 1715 3843 lanei
1742 3794 1832 3845 cme-

277 3890 445 3981 tlrouales,
472 3891 516 3962 de
542 3892 666 3981 quibus
693 3891 841 3963 solvitur
868 3891 1002 3963 decima
1028 3892 1217 3982 pecunialis
1244 3912 1437 3981 perunum
1465 3891 1642 3963 fertonem
1662 3893 1705 3962 de
1723 3893 1831 3983 laneo,

277 4010 436 4101 praefato
472 4013 691 4085 monasterio·
709 4011 975 4103 Czyruyezensi3
1002 4014 1087 4085 item
1114 4011 1446 4103 001100000000100,
1474 4014 1517 4083 de
1544 4014 1702 4105 quolibet
1729 4013 1830 4085 laneo

277 4132 425 4204 solvitur
451 4117 520 4204 una
545 4151 708 4205 mensura
734 4133 882 4224 siliginis
909 4141 945 4206 et
971 4155 1041 4205 una
1058 4153 1207 4222 avenae;
1235 4134 1316 4204 item
1335 4134 1500 4205 scultetus
1522 4139 1576 4204 est
1594 4135 1652 4223 ibi,
1673 4139 1709 4203 01
1726 4134 1833 4205 babet

278 4259 441 4345 quatuor.
462 4255 580 4326 laneos
616 4261 651 4326 et
687 4277 792 4327 unum
818 4254 1071 4345 molendinum,
1099 4254 1191 4344 qnod
1218 4253 1364 4344 plebano
1393 4254 1497 4326 solvit
1526 4276 1631 4326 uuum
1658 4254 1831 4325 fertonem
1972 4301 1974 4306 -

279 4372 312 4442 iu
339 4372 646 4466 Wyszuyowa.

861 4487 867 4500 '
949 4496 1159 4569 Dnocrnrn.

380 4614 475 4687 Villa
501 4616 632 4688 habens
658 4617 695 4688 in
722 4593 773 4688 se'
786 4616 966 4689 ecclesiam
994 4618 1227 4715 parochialem
1254 4617 1372 4690 Sancti
1399 4617 1598 4709 Adalberti,
1627 4618 1723 4690 cuius
1750 4639 1831 4710 pre·
1917 4685 1921 4691 .

277 4737 406 4826 prietes
432 4738 477 4808 ad
503 4739 749 4810 monasterium
769 4723 1023 4831 Gzyruyczense
1043 4741 1204 4830 pertinet.
1231 4741 1271 4810 ln
1291 4762 1359 4832 qna
1377 4747 1458 4811 sunt
1476 4741 1567 4811 lanei
1585 4741 1829 4831 cmetbonaleS,

277 4857 471 4950 dequibus
498 4859 645 4932 solvitur
671 4866 707 4930 01
733 4859 938 4932 conducitur
963 4860 1096 4933 decima
1122 4862 1347 4952 manipularis
1374 4869 1409 4932 et
1436 4862 1610 4951 canapalis
1639 4883 1725 4951 pro.
1753 4917 1760 4930 .
1788 4917 1795 4930 .
1823 4917 1830 4931 .

276 4979 363 5050 Item
390 4980 535 5052 ecclesia
561 4981 667 5052 babet
693 4982 728 5052 in
757 4981 875 5051 eadem
903 4982 987 5053 villa
1012 4984 1173 5073 proprios
1199 5003 1302 5072 agros
1330 4989 1366 5053 et
1393 4988 1502 5072 prata,
1530 5002 1594 5072 pro
1622 5003 1684 5053 sno
1711 5005 1775 5053 usu
1794 4991 1830 5053 et

277 5081 428 5189 praedio.
455 5101 543 5172 Item
570 5102 834 5193 iuspatronatus
858 5102 1025 5174 eeclesiae
1044 5104 1079 5172 in
1097 5103 1335 5193 Droginya
1360 5103 1466 5173 babet
1497 5104 1717 5192 praepositus
1745 5102 1830 5174 San-

277 5228 353 5294 ctae
387 5221 557 5313 Hedvigis
592 5223 628 5293 in
655 5221 939 5315 Stradomya,
975 5243 1051 5293 cnm
1079 5223 1204 5294 abbate
1241 5230 1277 5294 01
1312 5229 1486 5295 00000010
1523 5223 1767 5315 0000000001ιεί
1795 5225 1831 5293 10

239 5379 244 5395 =
281 5343 426 5414 solidum
466 5343 600 5417 vicibus
639 5345 839 5434 alternatis,
873 5345 1009 5415 ratione
1049 5345 1152 5416 villae
1192 5344 1215 5416 J
1225 5345 1461 5435 ngowieze
1501 5345 1546 5415 ad
1581 5347 1830 5417 monasterinm

278 5462 424 5536 Sanctae
459 5463 628 5555 Hedvigis
652 5466 890 5555 pertinentis,
918 5466 960 5536 de
989 5486 1057 5556 qua
1084 5472 1120 5537 et
1147 5473 1227 5556 post
1254 5467 1453 5538 curretbones
1481 5473 1518 5536 et
1548 5471 1627 5555 pust
1652 5468 1830 5556 praedium
1928 5563 1933 5572 Ι

279 5585 429 5656 solvitur
450 5591 488 5658 01
513 5585 715 5688 conducitur
742 5587 875 5660 decima
900 5587 1127 5678 manipularis
1154 5595 1189 5658 01
1217 5588 1393 5677 carrapalis
1420 5589 1456 5658 10
1483 5587 1660 5678 Drogiu
1670 5611 1692 5679 y
1704 5609 1733 5656 a.

380 5707 699 5806 Bazosczuwrczn,
726 5709 899 5781 01110001)
926 5709 1091 5798 parochia
1117 5708 1160 5780 de
1187 5708 1425 5801 Droginya
1451 5711 1529 5798 sita,
1556 5710 1653 5779 cuius
1673 5707 1829 5796 proprie-

174 5919 177 5924 ,
234 5877 239 5886 ·
277 5834 334 5900 tas
370 5828 414 5900 ad
448 5827 593 5906 Petrum
628 5827 878 5922 Ossousky
911 5830 954 5901 de
980 5829 1082 5902 domo
1110 5829 1163 5901 Ul
1173 5852 1260 5920 yua
1286 5831 1444 5919 pertinet.
1485 5829 1526 5900 ln
1554 5849 1622 5919 qua
1648 5834 1730 5898 sunt
1755 5833 1830 5900 tres

279 5949 370 6020 lanei
404 5949 657 6039 emethunales,
693 5951 776 6022 item
810 5951 975 6042 taberna,
1012 5952 1096 6022 item
1133 5952 1367 6040 hortulaniae,
1396 5950 1439 6020 de
1468 5949 1595 6038 quibus
1622 5948 1770 6020 soluitur
1794 5954 1834 6034 ct

190 6135 195 6144 .
279 6047 482 6142 conducitur
508 6070 642 6144 decima
667 6071 892 6162 manipularis
910 6071 957 6143 'et
983 6073 1168 6162 canapalis,
1195 6093 1258 6162 pro
1278 6068 1476 6161 praebenda
1494 6067 1724 6160 Gracoviensi,
1744 6085 1831 6172 quq

196 6247 199 6252 .
276 6199 422 6264 vocatur
449 6190 656 6282 Goreczska,
683 6199 719 6263 et
746 6192 843 6264 valor
870 6194 943 6263 eins
971 6192 1247 6264 aestimaturad
1265 6195 1413 6281 quatuor
1431 6211 1574 6262 marcas.
1601 6191 1689 6262 ltem
1708 6189 1830 6284 est&

204 6311 211 6320 ’
276 6314 456 6406 praedium
492 6315 661 6418 militare,
690 6315 780 6406 quud
817 6314 939 6384 haeres
966 6335 1030 6403 per
1057 6314 1305 6405 depositionem
1333 6314 1551 6385 cmetbonum
1579 6313 1825 6404 augmentavit,

169 6421 175 6428 ’
278 6441 416 6508 etcum
451 6437 579 6508 iniuria
614 6436 832 6526 praebendae
868 6433 1107 6506 Craeoviensis
1143 6434 1823 6525 (10010001000100100101100ςί000.

274 6665 290 6680 ..
356 6533 936 6708 01000000100111011ψ
962 6551 1198 6658 pecuali&
1223 6549 1480 6650 D'roginya,
1508 6558 1605 6630 cuius
1633 6557 1829 6648 imbri*¹
