4200 8342
261 1604 334 1675 soc
440 1556 442 1561 ’

257 1830 374 1900 regem
400 1809 561 1899 pertinet.
596 1808 636 1881 In
664 1827 732 1899 quo
759 1812 841 1880 sunt
866 1806 958 1880 lanei
984 1804 1230 1897 emethonales,
1258 1806 1342 1878 item
1370 1806 1547 1896 tabernae,
1576 1806 1656 1878 item
1681 1806 1770 1883 1010-

256 1931 386 2020 laniae,
427 1931 511 2001 item
536 1928 735 2021 praedium,
774 1928 972 2019 dequibus
1009 1926 1170 2005 omnillos
1206 1927 1354 2000 solvitur
1381 1932 1417 1999 et
1446 1927 1650 2001 conducitur
1673 1928 1771 2005 dean

255 2050 481 2141 manipularis
499 2057 534 2122 et
552 2051 728 2141 canapalis
754 2070 818 2139 pro
842 2050 987 2122 ecelesia
1015 2050 1049 2121 in
1077 2042 1288 2143 B'yelini,
1314 2056 1353 2120 et
1378 2049 1478 2121 valor
1502 2048 1579 2122 eius
1605 2050 1773 2125 aestimatur
1844 2068 1846 2075 ·

256 2172 300 2243 ad
327 2178 405 2243 octo
432 2192 576 2244 mareas.
1563 2174 1565 2179 '

359 2293 474 2366 Villae
500 2293 733 2385 parochiales:
760 2292 964 2383 Bpolini,
989 2292 1301 2384 Byelynyecz,
1328 2291 1501 2383 Tnyew,
1528 2290 1757 2383 Nyszlro...

893 2534 1183 2609 Grinazowrczn.

361 2658 455 2730 Villa
481 2658 612 2730 habens
639 2658 675 2728 in
702 2678 738 2727 se
766 2656 947 2739 ecclesiam
973 2656 1207 2747 parochialem
1234 2656 1398 2747 ligneam,
1425 2655 1554 2729 Sancto
1573 2710 1685 2727 .....
1710 2656 1779 2729 uia

256 2786 339 2867 tam,
366 2781 463 2851 cuius
489 2780 611 2851 haeres
638 2778 816 2852 Jolranues
842 2778 1114 2871 Blinousky
1115 2833 1160 2851 .....
1188 2779 1228 2850 10
1256 2799 1324 2869 qua
1342 2783 1424 2851 sant
1441 2778 1534 2851 lanei
1562 2778 1780 2865 emathenolcs

256 2902 339 2972 item
366 2902 543 2991 tabernae,
569 2902 651 2973 item
677 2899 906 2990 hortulaniac,
933 2899 1016 2971 item
1044 2899 1225 2991 praedium
1252 2900 1412 2991 militare,
1439 2900 1482 2971 de
1505 2900 1633 2991 quihus
1651 2900 1782 2971 annito

256 3022 402 3094 solvitur
428 3027 466 3096 et
491 3022 694 3095 conducitur
729 3020 862 3093 decima
887 3020 1116 3111 manipularis
1152 3028 1188 3093 et
1215 3022 1389 3113 canapalis
1426 3021 1592 3095 ecclesiae
1633 3022 1668 3093 in
1703 3020 1784 3093 (110

255 3145 500 3236 rzowieze,
527 3149 563 3216 et
589 3144 688 3216 valor
715 3143 790 3215 eius
817 3142 1024 3215 aestimatur
1051 3143 1095 3214 ad
1115 3196 1256 3214 ......
1300 3142 1389 3215 item
1415 3140 1573 3239 praelata
1600 3141 1787 3217 ecclesiast

255 3267 328 3337 cius
355 3266 522 3357 plebanus
549 3264 742 3337 Starrislaus
769 3264 963 3355 modernae,
988 3265 1097 3338 hahet
1115 3284 1217 3356 agros
1236 3262 1457 3353 sufficientes,
1483 3284 1548 3355 pro
1567 3285 1632 3336 suo
1650 3263 1787 3355 praedia

258 3394 294 3458 et
320 3388 441 3477 primo,
468 3387 574 3459 habet
600 3408 704 3471 unum
731 3386 869 3458 laneum
896 3390 993 3457 retro
1020 3385 1193 3477 allodium,
1222 3386 1280 3478 qui
1307 3385 1463 3459 tenditur
1489 3406 1598 3477 usque
1626 3384 1672 3457 ad
1698 3384 1793 3457 lacau

256 3509 425 3599 haeredis,
452 3509 534 3580 item
561 3507 629 3580 duo
656 3528 742 3580 arra
767 3507 862 3579 dieta
887 3506 1223 3599 Szyeolyszko,
1249 3507 1358 3581 habet
1384 3512 1419 3579 et
1445 3512 1547 3599 prato
1573 3512 1652 3579 tota
1679 3506 1795 3581 ibidem

259 3629 294 3701 in
317 3628 655 3721 Sayedlyszka3
681 3629 764 3699 item
790 3628 896 3700 habet
918 3634 1058 3718 pratum
1085 3630 1121 3699 in
1148 3626 1566 3719 Chrzauowyszka,
1595 3628 1679 3701 item
1707 3628 1799 3699 heta

257 3751 389 3846 sylvam
415 3751 544 3824 dietam
569 3749 801 3842 liolyano,
837 3750 1033 3821 cumomni
1061 3750 1136 3823 iure
1163 3757 1199 3823 et
1225 3750 1461 3843 proprietate,
1487 3749 1651 3822 videlicet
1679 3748 1803 3823 mellili-

259 3873 320 3944 eiis
347 3880 384 3944 et
410 3872 498 3961 aliis;
525 3872 609 3963 item
626 3872 806 3945 tabernam
824 3871 931 3943 habet
948 3870 984 3943 in
1012 3870 1072 3944 Oh
1084 3872 1358 3967 arzouicze,
1385 3871 1570 3945 habentem
1590 3890 1708 3963 agros,
1725 3890 1804 3963 quac

257 3994 423 4065 ecelesiae
449 4000 485 4066 et
511 3994 659 4084 plebane
686 3993 791 4066 solvit
816 4013 880 4085 pro
907 4012 1012 4065 censu
1031 4048 1038 4062 .
1058 4047 1065 4064 .
1085 4048 1092 4065 .
1112 4048 1119 4065 .
1138 3992 1267 4086 putem
1294 3994 1401 4067 habet
1427 4014 1532 4065 unum
1559 3993 1699 4065 laneum
1726 3994 1807 4064 1010-

256 4137 356 4202 grum
385 4116 529 4187 liberum
556 4116 593 4187 in
620 4112 703 4187 uilla
729 4113 983 4205 Praelanh,
1009 4135 1116 4206 penes
1142 4114 1271 4188 lintites
1298 4114 1401 4188 uillae
1429 4114 1458 4187 P
1467 4114 1660 4206 ylchow.

360 4236 572 4326 Pnznnaun,
598 4237 682 4308 villa
707 4237 772 4310 suh
789 4238 957 4327 parochia
982 4237 1025 4309 de
1052 4235 1382 4311 Gharzouicze
1409 4236 1487 4327 sita,
1515 4236 1612 4309 euius
1640 4234 1809 4323 haeredat,

258 4358 385 4430 Petrus
412 4366 448 4429 ct
474 4356 676 4430 Szwider
702 4357 746 4429 (10
772 4360 878 4431 armis
906 4358 1126 4451 Nyeczuy
1135 4380 1164 4431 0.
1191 4359 1231 4431 In
1252 4378 1321 4450 qua
1338 4363 1420 4432 sunt
1444 4358 1538 4431 lanei
1564 4356 1813 4447 emethonalcu,

258 4480 342 4551 item
368 4500 438 4549 uua
463 4479 609 4552 taberna
635 4479 765 4551 habens
793 4462 918 4571 agros,
957 4481 1039 4553 item
1068 4480 1259 4554 hortulani¹
1262 4534 1376 4551 .....
1395 4534 1403 4572 ,
1430 4478 1473 4551 (10
1500 4479 1627 4571 quibus
1654 4478 1812 4551 omnibus

259 4600 405 4673 solvitur·
432 4604 468 4670 et
494 4600 698 4673 conducitur
724 4599 857 4672 decima
882 4601 1108 4692 manipularis
1135 4607 1171 4674 et
1199 4600 1385 4691 canapalis,
1412 4620 1476 4692 pro
1503 4599 1707 4691 praehenda
1729 4598 1814 4671 San·

258 4721 458 4794 domiriensi
487 4720 694 4812 Turebszha,
722 4726 759 4795 01
785 4722 883 4795 valer
910 4723 984 4795 eius
1010 4722 1215 4796 aestimatur
1243 4722 1287 4795 ad
1313 4742 1418 4795 unam
1436 4742 1597 4795 marcam.
1624 4721 1817 4802 1100000001

258 4844 307 4917 111
333 4844 402 4916 duo
429 4842 572 4935 praedia
597 4843 781 4937 militaria,
818 4865 908 4935 quae
934 4844 1075 4918 solvunt
1101 4843 1268 4917 decimam
1295 4843 1544 4936 manipularem
1582 4840 1753 4915 eeclesiae
1779 4842 1815 4915 in

259 4964 594 5039 (lharzewicze.

359 5087 556 5180 Paneheou,
582 5086 1333 5179 011100010000011001001000001000
1360 5087 1443 5178 sita,
1471 5086 1567 5159 cuius
1594 5086 1819 5161 haeredes...

260 5209 302 5280 de
329 5210 436 5280 armis
463 5209 716 5300 Nyeczuya.
752 5211 792 5281 ln
821 5230 889 5301 qua
914 5217 997 5283 sunt
1023 5210 1116 5281 lanei
1143 5208 1385 5315 emethqnales,
1412 5208 1495 5282 item
1521 5204 1703 5301 tabernae,
1729 5208 1815 5283 iton

259 5329 496 5419 hortulaniac,
536 5329 579 5400 (10
607 5330 732 5421 quibus
759 5331 917 5403 omnibns
944 5332 1092 5403 solvitur
1119 5336 1155 5403 et
1171 5332 1385 5404 conducitur
1424 5330 1557 5425 decima¹
1584 5330 1812 5421 manipularis

260 5458 296 5521 et
321 5448 496 5539 canapalis
531 5469 594 5540 pro
620 5452 820 5541 praebenda
846 5451 1117 5535 Sandomiriensi
1147 5452 1372 5545 'lhurebska,
1407 5458 1444 5525 et
1470 5452 1570 5525 valor
1605 5452 1682 5523 eius
1709 5452 1811 5525 00011-

260 5576 377 5645 matur
403 5571 448 5643 ad
474 5590 577 5643 uuam
604 5592 820 5663 sexagenam.

364 5692 779 5786 Wrnnrononowrczn,
805 5694 889 5767 villa
915 5696 980 5768 sub
1007 5696 1173 5786 parochia
1199 5694 1242 5767 de
1270 5693 1615 5795 Chaeroniam,
1641 5700 1724 5787 post
1749 5694 1810 5769 du·

259 5814 353 5891 vium
380 5815 494 5888 Scan
521 5815 597 5907 sita,
624 5816 721 5889 errius
748 5816 871 5887 haeres
898 5816 1062 5890 Nicolaus
1089 5815 1276 5907 Wolsky
1303 5815 1346 5888 de
1373 5817 1478 5889 anuis
1498 5870 1639 5887 ......
1675 5816 1717 5889 10
1744 5836 1810 5907 qna

260 5946 342 6011 sunt
368 5938 460 6009 lanei
487 5938 735 6028 emethonales,
772 5938 855 6009 item
881 5939 1066 6029 tabernae,
1102 5938 1184 6011 item
1212 5937 1449 6028 hortulaniae,
1476 5939 1558 6011 item
1586 5938 1742 6029 praedia,
1767 5938 1810 6011 dc

260 6059 386 6149 quibus
413 6058 571 6131 onuribus
597 6059 746 6132 solvitur
772 6066 808 6131 et
834 6059 1037 6132 conducitur
1065 6059 1197 6131 decima
1222 6060 1449 6151 manipularis
1476 6065 1511 6131 et
1542 6060 1722 6151 canapalis
1747 6078 1808 6151 pro

261 6180 405 6252 ecclesia
431 6180 467 6250 iu
495 6177 836 6269 Glrarzonicze,
865 6184 901 6251 et
927 6180 1025 6252 valor
1051 6182 1127 6251 eius
1154 6182 1359 6254 aestimatur
1386 6182 1429 6253 ad
1449 6234 1563 6251 .....

363 6299 576 6389 Pnzrszow,
603 6301 685 6372 villa
711 6301 775 6373 sub
802 6302 969 6397 parochia
994 6301 1037 6373 de
1065 6300 1392 6377 Charzowicze
1419 6304 1501 6393 sita,
1528 6302 1626 6375 cuiuis
1653 6302 1808 6395 proprie·

260 6430 317 6489 tas
342 6420 387 6493 ad
413 6420 671 6494 serenissimum
697 6420 861 6515 Pelopiae
888 6444 1005 6515 regem
1039 6424 1208 6515 pertinet,
1245 6425 1294 6497 ibi
1321 6424 1419 6496 curia
1444 6424 1560 6515 regia,
1594 6444 1617 6495 0
1642 6422 1810 6499 mantra

264 6541 412 6613 secundo
438 6542 604 6615 Poloniae
630 6562 723 6633 rege,
748 6549 893 6635 propter
917 6545 1130 6637 uenationes,
1156 6566 1233 6618 eum
1260 6546 1351 6619 turri
1365 6549 1525 6652 Ι0000000
1567 6544 1609 6617 10
1637 6564 1707 6637 qua
1732 6546 1811 6619 sunt
