4200 8342
1631 1542 1642 1553 ’
1733 1580 1806 1653 soa

255 1786 302 1883 do
335 1783 678 1878 Myedaygorze
711 1784 885 1859 dedomo
919 1784 1235 1878 Bippennium.
1280 1786 1320 1859 ln
1356 1806 1425 1879 qua
1460 1790 1542 1861 sunt
1575 1788 1701 1881 uiginti
1734 1793 1808 1863 tres

255 1906 349 1983 lanei
384 1906 640 1999 emethonales,
673 1905 891 1999 deonorum
925 1907 1099 1999 aliquibus
1135 1912 1171 1981 et
1197 1908 1344 1981 solvitur
1371 1912 1415 1981 'et
1441 1908 1644 1982 conducitur
1677 1910 1809 1985 decima

255 2028 545 2121 manipularium
572 2029 755 2121 canapalis,
782 2028 1020 2121 proeccleaia
1046 2030 1185 2103 eteius
1212 2030 1359 2120 plebano
1386 2031 1421 2103 in
1450 2030 1808 2124 Thargowyska,

257 2151 355 2227 cuius
382 2150 481 2223 valor
506 2150 712 2224 aestimatur
739 2150 785 2222 ad
812 2171 873 2223 sex
900 2171 1046 2241 marcas;
1074 2151 1116 2225 dc
1139 2152 1298 2225 omnibus
1316 2156 1431 2225 autem
1457 2152 1545 2244 aliis,
1572 2154 1719 2227 solvitur
1744 2174 1809 2247 pro

226 2272 506 2349 ..archidiacono
533 2264 826 2363 Zawichostcnsi,¹
843 2273 940 2346 cuius
965 2274 1064 2346 valor
1090 2274 1293 2347 aestimatur
1319 2273 1364 2346 ad
1390 2274 1514 2366 viginti
1540 2296 1683 2347 marcas.
1722 2276 1808 2347 Item

257 2398 341 2471 sunt
365 2396 414 2468 ibi
441 2396 609 2469 tabernac
635 2399 795 2487 quatuor,
821 2393 866 2468 de
884 2416 1031 2488 quorum
1048 2396 1153 2469 ctiam
1181 2396 1275 2487 agnis
1293 2395 1486 2469 decimatur
1512 2397 1807 2469 archidiaconatui

256 2516 551 2608 Zuuichoatcusi3
589 2516 782 2589 abstractio
808 2522 925 2590 antem
952 2518 1087 2611 aliquot
1112 2519 1296 2591 laneorum·
1318 2518 1363 2591 ab
1390 2518 1673 2591 archidiaconatu
1698 2518 1810 2591 Zawi-

258 2638 437 2715 elrostcnsi
454 2638 633 2731 praefatae
650 2639 813 2731 decimae,
830 2644 867 2711 et
883 2641 1123 2733 appropriatio
1142 2640 1187 2713 ad
1205 2640 1383 2713 ecclesiam
1401 2640 1436 2712 in
1464 2640 1525 2712 Th
1537 2640 1809 2732 argowiaka,

259 2760 353 2837 tacu
386 2767 441 2835 est
474 2780 538 2853 per
564 2761 811 2853 negligentiam
845 2760 1016 2835 Johsunis
1050 2761 1096 2835 de
1130 2760 1423 2853 blodlnycza‚
1461 2767 1546 2834 tunc
1577 2760 1810 2835 archidiaconi

259 2882 550 2961 zavichostensis
575 2888 698 2957 contra
724 2866 826 2976 quani
852 2882 1011 2957 Glemona
1038 2882 1253 2957 Gholewa
1278 2889 1368 2956 tunc.
1388 2884 1556 2975 plebanus
1584 2884 1619 2955 in
1647 2882 1810 2975 Turgo-

257 3005 420 3097 visua,
446 3025 511 3097 por
536 3005 748 3079 audientiam
775 3004 1068 3078 contradictarum
1086 3005 1122 3078 in
1140 3006 1236 3096 urbe,
1262 3006 1458 3097 reportavit
1484 3006 1690 3078 sententiam
1716 3002 1806 3077 diffi-

261 3128 416 3220 nitivam,
441 3148 544 3219 quum
571 3116 750 3229 praefatur
775 3126 954 3201 Johanncs
980 3127 1024 3200 de
1049 3126 1317 3201 Modlnicna
1343 3126 1411 3199 non
1439 3128 1575 3199 curavit
1600 3126 1809 3199 rescindere.

367 3248 611 3340 (inwczrczu,
637 3250 721 3321 villa
746 3250 812 3323 sub
838 3250 1005 3343 parochia
1030 3250 1074 3323 de
1093 3304 1207 3322 .....
1235 3252 1311 3323 sita
1338 3250 1378 3321 ln
1397 3269 1466 3342 qua
1492 3254 1574 3325 sunt
1599 3250 1693 3322 lanei
1720 3270 1810 3321 cure-

258 3370 437 3465 thonalcs‚
472 3372 516 3445 de
542 3372 668 3464 quibus
695 3371 844 3445 solvitur
869 3376 907 3447 et
932 3370 1138 3465 conducitur-
1162 3371 1297 3445 dedma
1321 3372 1547 3464 manipularis
1573 3378 1610 3444 at
1636 3372 1812 3464 canapalis

258 3514 324 3587 pro
350 3494 497 3567 ecclesia
521 3499 558 3567 et
583 3494 658 3567 cius
684 3494 833 3586 plebano
859 3494 896 3566 in
923 3494 1282 3587 Thengowyska.

361 3616 584 3708 Wuszonun,
610 3616 695 3689 villa
721 3616 1047 3708 subparochiana
1066 3670 1181 3688 .....
1209 3616 1287 3689 sita.
1331 3617 1371 3688 ln
1399 3637 1468 3707 qua
1495 3621 1578 3689 sunt
1602 3615 1695 3687 lanci
1722 3635 1812 3687 eme·

258 3736 428 3829 thonales,
466 3738 512 3811 de
538 3737 664 3831 quibus
690 3720 842 3811 solvitur-
864 3742 902 3811 et
927 3737 1134 3811 conducitur
1160 3738 1293 3811 decima
1318 3737 1546 3829 manipularis
1571 3742 1609 3809 et
1636 3737 1811 3826 canapalis

258 3844 428 3935 occhsiac
452 3860 489 3935 in
516 3856 914 3954 Thengowysrka'‚
944 3860 1042 3933 cuius
1062 3861 1168 3933 ¹nalor
1193 3859 1238 3931 ad
1264 3878 1368 3931 unam
1395 3878 1546 3931 marcam
1574 3858 1786 3931 aestimatur.
1934 3940 1936 3947 ,

969 4100 1112 4175 canan.

363 4224 538 4319 Oppidum
563 4226 696 4299 habens
721 4226 823 4301 inae
848 4224 1028 4297 ecclesiam
1055 4225 1288 4317 parochialem
1315 4210 1474 4317 ligneam,
1502 4226 1607 4299 Sanct
1643 4280 1759 4298 .....
1778 4282 1813 4316 .,

259 4348 358 4423 cuius
393 4346 534 4421 collatio
569 4345 775 4421 aud-nobiles
800 4346 844 4419 dc
870 4347 977 4419 annis
1011 4346 1358 4441 Korczahonyc
1394 4368 1456 4421 scu
1482 4348 1813 4441 Wrambowye,

259 4470 421 4563 partinet
447 4468 488 4543 ln
515 4490 583 4562 quo
610 4476 693 4543 sunt
716 4469 809 4543 lanei
836 4466 1117 4561 emethonales...7
1149 4470 1245 4543 cuius
1271 4472 1387 4543 rector
1404 4471 1511 4544 habet
1537 4492 1641 4563 agros
1659 4474 1696 4543 et
1712 4474 1814 4562 prata

259 4612 325 4685 pro
350 4612 414 4667 suo
438 4592 584 4685 praedio
611 4597 648 4664 et
673 4592 946 4666 necessitate.......

281 4716 287 4725 '
948 4712 1139 4785 Bunnunu.
1212 4738 1214 4743 ·

364 4834 459 4909 Villa
484 4836 617 4911 habens
643 4835 824 4909 ecclesiam
850 4836 886 4907 in
913 4856 952 4907 se
979 4834 1215 4927 parochialem
1230 4836 1402 4929 ligneam,
1430 4834 1558 4909 Sancto
1578 4888 1694 4905 .....
1708 4833 1815 4907 dica

259 4962 349 5049 um,
388 4959 486 5032 cuius
511 4964 680 5051 patronus
706 4957 750 5029 de
777 4956 883 5029 armis
918 4956 1141 5047 Helenor,
1181 4955 1343 5057 uidelicet
1369 4956 1495 5029 Petrus
1531 4956 1574 5045 de
1600 4956 1806 5029 Schamb·

260 5064 397 5175 thuly
422 5078 632 5156 castellanus
658 5079 915 5153 Poznaniensis.
951 5078 992 5149 ln
1019 5098 1089 5170 qua
1115 5078 1315 5151 suntlanei
1342 5078 1577 5153 emethonalcs
1595 5132 1727 5159 ......

866 5320 963 5395 Snun
988 5306 1214 5397 nnoruonsm.

362 5445 457 5519 Villa
482 5446 616 5519 habens
642 5446 678 5518 in
696 5467 734 5519 sc
759 5446 993 5539 parochialem
1019 5446 1200 5519 ecclesiam
1220 5500 1227 5517 .
1246 5502 1253 5518 .
1272 5502 1298 5537 .,
1327 5448 1424 5519 cuius
1450 5442 1574 5521 haeres
1601 5446 1814 5523 D.lotho....

261 5567 305 5641 dc
332 5569 439 5641 annuis
466 5566 818 5660 Syrokomla.1n
845 5588 915 5661 qua
940 5574 1024 5642 suut
1048 5568 1140 5641 lanei
1169 5568 1403 5642 emethonales
1422 5624 1537 5640 .....

357 5708 361 5715 ·
961 5690 1128 5763 Ponmon.

366 5810 461 5881 Villa
486 5810 619 5883 habens
645 5813 827 5885 ecclesiam
853 5812 1282 5905 parochialem-ligneam,
1312 5810 1439 5885 Sancto
1458 5866 1626 5883 .......
1653 5812 1815 5904 dicamm,

266 5931 367 6005 cuius
392 5930 599 6005 haeredes...
616 5932 661 6005 de
681 5935 787 6007 annis
815 5930 923 6006 Gril
927 5932 945 6005 l
948 5955 971 6029 ⁰.
978 5954 1085 6007 num.
1112 5934 1151 6006 ln
1172 5956 1240 6027 qna
1258 5933 1448 6007 sunt'lanei
1465 5934 1709 6027 emethonales,
1735 5936 1818 6007 item

262 6052 414 6145 praedia,
440 6052 523 6126 itam
550 6054 720 6127 tabernae
745 6056 915 6129 habentes
941 6076 1056 6149 agros,
1083 6056 1167 6129 item
1190 6054 1410 6131 hortulaniae
1436 6038 1604 6130 habentes
1632 6078 1745 6150 agros,
1773 6056 1815 6129 de

261 6176 387 6269 quihus
412 6176 572 6249 omnibus
598 6174 747 6277 soluitur
763 6182 809 6249 -et
826 6177 1031 6251 conducitur
1057 6178 1190 6250 decima
1216 6156 1441 6270 manipularis
1460 6178 1690 6273 etcanapalis
1708 6179 1816 6253 eccle-

261 6298 334 6371 riae
360 6302 398 6371 ct
424 6297 574 6389 plebano
601 6298 636 6371 in
663 6298 862 6391 Pothulr,
888 6305 926 6373 ct
951 6300 1052 6373 valor
1077 6300 1153 6372 eius
1179 6300 1226 6372 ad
1251 6301 1376 6393 viginti
1402 6320 1536 6373 marcas
1562 6301 1775 6374 aestimatur.

334 6446 337 6451 ·
366 6418 558 6511 hircano,
584 6416 759 6493 villasub
785 6422 1022 6513 parochiam
1049 6422 1230 6496 Pothok
1257 6423 1335 6515 sita,
1363 6424 1459 6495 culus
1486 6423 1671 6497 haeredes:
1705 6424 1810 6497 ¹Nico-

261 6540 347 6633 laus,
373 6540 556 6617 Jobannca
577 6548 615 6617 et
639 6540 801 6619 lacobus.
819 6542 1005 6619 llaec-ha
1040 6543 1085 6621 de
1111 6545 1217 6623 armis
1242 6600 1409 6622 .......
1454 6546 1493 6624 Iu
1522 6566 1590 6641 qua
1617 6553 1697 6620 sunt
1723 6547 1816 6625 lanei
