4200 8342
315 1664 393 1738 294

417 1868 670 1958 Gnonzrszno,
707 1867 790 1940 villa
825 1867 889 1938 sub
916 1866 1150 1956 paroclria'de
1180 1866 1497 1938 Dobrzechow
1532 1865 1618 1954 sita,
1655 1864 1752 1936 cuius
1780 1885 1863 1956 pro-

312 1993 442 2081 prietas
470 1989 513 2060 ad
541 1988 790 2061 monasterium
817 1986 1161 2078 Koprzynnyozense
1187 1987 1349 2077 pertinet.
1384 1985 1425 2056 In
1453 2005 1521 2076 qne
1547 1991 1629 2057 sunt
1654 1985 1752 2056 lanei·
1772 2004 1864 2055 ome-

295 2090 486 2202 'tlronales
513 2112 596 2183 item
624 2110 799 2199 tabernae,
826 2110 910 2180 item
936 2109 1166 2200 lrortulaniac,
1192 2109 1274 2179 item
1294 2107 1454 2178 scoltetia
1478 2108 1610 2178 habens
1629 2105 1716 2178 duos
1733 2106 1864 2196 laneos,

310 2238 348 2304 et
374 2232 418 2304 de
444 2232 719 2312 emethonalibus
755 2231 892 2321 quidem
926 2230 1036 2302 laneis
1073 2230 1221 2302 solvitur
1256 2229 1389 2300 decima
1422 2227 1612 2318 pecunialis
1647 2247 1712 2318 pro
1732 2247 1864 2299 mona-

314 2351 421 2424 sterio
448 2353 484 2423 in
510 2351 904 2444 Koprzywnycza,
932 2350 975 2423 <le
989 2351 1144 2441 quolibet
1165 2350 1266 2421 laneo
1280 2369 1343 2439 per
1361 2367 1422 2420 serr
1434 2368 1576 2439 grossos
1588 2348 1689 2439 letos,
1704 2354 1765 2420 eut
1783 2355 1863 2422 octo

315 2493 521 2562 communes;
548 2473 591 2544 de
617 2471 866 2544 scoltetialibus
892 2491 976 2544 vcro
1002 2471 1112 2542 laneis
1139 2470 1286 2542 solvitur
1312 2470 1445 2542 decime
1471 2469 1507 2540 in
1532 2468 1745 2541 Dobrzoc
1758 2470 1864 2560 horr,

314 2592 359 2662 de
384 2592 538 2683 quolibet
572 2592 673 2664 laneo
708 2612 859 2683 persen
887 2591 1048 2664 similiter
1072 2610 1213 2682 grossos
1239 2591 1345 2681 latos,
1372 2596 1434 2661 aut
1460 2609 1524 2681 per
1549 2595 1629 2662 octo
1657 2607 1863 2662 communes.

312 2714 401 2785 Item
428 2711 585 2804 praefata
613 2713 698 2786 villa
722 2718 799 2785 tote
819 2713 930 2785 solvit
955 2712 1110 2785 nrissalia
1134 2712 1282 2803 plebano
1308 2711 1346 2782 in
1371 2710 1688 2783 Dobrzeehorr
1713 2710 1862 2801 pecunie

311 2840 445 2925 parate,
472 2840 509 2906 et
534 2835 742 2925 proveniunt
768 2839 840 2908 tres
866 2853 1003 2906 mercae
1028 2838 1066 2905 et
1091 2833 1224 2933 aliquot
1249 2832 1363 2925 grossi
1389 2831 1578 2905 communis
1605 2831 1781 2922 peoeniee.

326 2941 330 2948 ’
417 2953 599 3046 annnn,
626 2955 709 3028 villa
733 2956 798 3028 snb
823 2955 990 3048 parochia
1016 2955 1059 3026 de
1085 2954 1400 3027 Dobraechon
1428 2952 1512 3043 sita,
1540 2951 1638 3024 ouius
1664 2952 1862 3042 proprietas

315 3075 359 3147 ad
385 3077 632 3149 monasterium
657 3076 1001 3170 Koprzywnyczense
1025 3077 1187 3167 pertinet.
1221 3076 1263 3147 In
1290 3096 1358 3166 quo
1384 3078 1467 3146 sunt
1491 3071 1584 3145 lanei
1611 3071 1860 3162 emethoneles,

309 3195 400 3267 item
434 3197 581 3270 taberna
615 3218 686 3269 une
714 3197 858 3269 ¹habeus·
880 3218 1001 3289 agros,
1037 3197 1230 3288 dequibus
1266 3196 1413 3268 solvitur
1444 3195 1579 3267 decime
1604 3193 1792 3284 pecunielrs
1818 3191 1862 3263 de

317 3317 471 3407 quolibet
496 3318 596 3390 laneo
631 3339 696 3409 per
721 3339 782 3389 sex
808 3338 949 3410 grossos
974 3319 1085 3407 letos,
1120 3323 1182 3389 aut
1208 3322 1286 3388 octo
1313 3335 1539 3407 communes,
1565 3335 1637 3407 pro·
1652 3314 1862 3386 monasterio

316 3437 659 3531 lioprzywnyozensi.
693 3439 782 3511 Item
809 3445 863 3511 est
889 3439 938 3511 ibi
964 3439 1143 3530 scoltetia,
1178 3439 1310 3510 hebens
1345 3438 1431 3510 duos
1465 3438 1584 3509 laneos
1609 3435 1790 3528 proprios,
1815 3433 1862 3505 rie

318 3559 441 3646 quibus
469 3559 572 3630 solvit
599 3559 765 3631 decimam
786 3615 928 3631 ......

420 3677 678 3751 Goeozowsnn
704 3680 859 3772 Womn,
885 3682 968 3753 villa
985 3681 1050 3755 snb
1068 3681 1233 3772 parochie
1258 3680 1302 3752 de
1319 3679 1634 3752 Dobrzeehow
1660 3678 1737 3768 site,
1761 3678 1859 3749 onius

316 3800 511 3888 proprietas
546 3801 590 3872 ad
626 3802 872 3874 monasterium
898 3802 1241 3895 Koprzywnyczense
1267 3802 1428 3892 pertinet.
1472 3800 1512 3871 ln
1548 3820 1617 3891 qua
1647 3805 1730 3871 sunt
1764 3798 1856 3869 lanei

317 3921 558 4013 cmethonales,
585 3922 628 3992 de
654 3923 778 4014 quibus
805 3923 954 3995 solvitur
979 3923 1112 3996 decima
1137 3923 1326 4016 pecunialis
1350 3942 1416 4013 per
1433 3941 1494 3994 sex
1512 3921 1603 3993 letos
1625 3902 1774 4011 grossos,
1801 3924 1863 3990 aut

317 4059 380 4130 per
406 4044 484 4112 octo
511 4062 716 4135 communae,
743 4065 806 4135 pro
833 4045 1043 4117 monasterio
1061 4043 1396 4136 Koprzywnyczensi
1422 4040 1591 4133 praefato.
1607 4041 1704 4112 -Item
1731 4044 1787 4111 est
1811 4039 1862 4110 ibi

318 4161 476 4233 scoltetie
501 4184 571 4234 una
597 4164 728 4237 habens
755 4165 841 4237 ‹luos
866 4166 996 4257 laneos,
1023 4165 1211 4257 dequibus
1237 4165 1342 4237 solvit
1369 4163 1546 4251 decimam3
1572 4163 1655 4234 item
1673 4181 1738 4252 pro
1755 4160 1863 4231 eccle-

319 4281 371 4350 sia
397 4283 432 4352 in
459 4282 771 4356 Dobrzechonr
798 4286 937 4357 solvunt
963 4286 1161 4358 cmethones
1187 4283 1347 4355 nacsclnc.

421 4400 658 4473 Zenonozrna
685 4403 841 4495 WorrA,
879 4404 965 4478 villa
982 4405 1046 4477 snb
1065 4406 1229 4496 parochie
1251 4404 1294 4475 de
1319 4403 1634 4477 Dobrzechow
1660 4402 1738 4493 sita,
1764 4401 1862 4473 cuius

319 4521 514 4609 proprietas
550 4522 594 4593 ed
628 4524 876 4595 monasterium
902 4523 1243 4617 Koprzywnyczense
1277 4525 1440 4616 pertinet.
1483 4524 1524 4595 In
1552 4545 1621 4615 que
1655 4528 1737 4595 sunt
1770 4523 1863 4594 lanei

320 4642 568 4734 emethonales,
604 4644 647 4715 de
674 4644 800 4735 qrribns
836 4645 983 4719 solvitur
1016 4645 1150 4722 decime
1175 4647 1365 4737 pecunialis
1400 4666 1463 4738 per
1490 4667 1550 4717 sex
1586 4646 1677 4716 letos
1711 4663 1862 4735 grossos,

321 4767 381 4833 ant
405 4783 469 4853 per
495 4769 573 4836 octo
590 4785 805 4858 ¹communes,
832 4747 1041 4839 monasterio
1059 4766 1406 4860 Koprrywnyczensi3
1432 4768 1516 4839 item
1542 4777 1606 4856 pro
1624 4761 1777 4835 rneeclm
1793 4763 1863 4834 rol-

318 4889 405 4955 uunt
431 4885 594 4959 ecelesiae
622 4886 658 4957 iu
684 4885 1037 4962 Dobrzechow...
1473 4893 1475 4898 '
1583 4909 1588 4916 ·

989 5131 1191 5204 Doasrrow.

422 5246 516 5320 Villa
541 5250 672 5322 hebens
698 5251 1149 5341 parochialemecclesiam'
1165 5253 1313 5343 lignenm
1339 5252 1376 5323 in
1402 5271 1449 5342 se,
1475 5248 1776 5324 Sanctaellariae
1794 5248 1862 5320 As-

321 5370 507 5458 sumptioni
533 5369 692 5461 dicatam,
718 5374 816 5444 cuius
841 5373 966 5446 haeres
991 5373 1169 5446 lohannes
1196 5373 1319 5445 Nosh
1346 5373 1390 5445 de
1415 5373 1662 5462 Dobrlrorr,
1688 5369 1731 5443 ‹le
1759 5369 1862 5443 domo

321 5488 635 5580 Bippenninm.
661 5492 702 5562 In
721 5513 788 5583 que
804 5500 886 5565 sunt
911 5495 1003 5566 lanei
1021 5495 1262 5584 emetlroneles,
1289 5495 1372 5565 item
1389 5494 1618 5584 hortulaniee,
1645 5493 1727 5564 item
1746 5493 1862 5564 taber-

320 5630 395 5702 nae,
420 5611 503 5683 item
530 5612 710 5702 praedium
735 5615 885 5688 militare
911 5637 1034 5706 unum,
1054 5615 1105 5686 ¹(le
1132 5613 1256 5707 quibus
1281 5613 1439 5687 omuibus
1466 5615 1613 5687 solvitur
1638 5620 1674 5686 et
1700 5613 1862 5686 conduci-

320 5737 380 5804 tur
404 5730 537 5805 decima
562 5735 787 5826 manipularis
805 5742 841 5809 et
859 5737 1046 5827 cenapolis'
1060 5757 1124 5826 pro
1151 5735 1296 5809 ecelesia
1322 5742 1358 5807 et
1383 5737 1531 5828 plebano
1557 5736 1594 5808 in
1618 5735 1861 5823 Dobrlrow,

320 5859 355 5924 et
380 5850 479 5927 valor
505 5854 578 5926 eius
605 5857 808 5930 aestimatur
833 5857 878 5928 ed
905 5857 1022 5929 decem
1046 5877 1202 5947 mereas;
1237 5858 1320 5929 item
1347 5857 1513 5949 plebanus
1549 5856 1597 5929 ibi
1623 5857 1731 5928 habet
1757 5875 1861 5944 egros

320 5975 479 6067 proprios
505 5982 542 6049 et
566 5985 678 6070 prate,
704 6000 769 6070 pro
788 6000 851 6051 suo
868 5999 943 6068 usu,
970 5978 1115 6070 praedio·
1139 5984 1175 6051 et
1201 5980 1415 6052 necessitate:
1442 5961 1523 6052 item
1542 5975 1739 6067 nomnium,
1767 5976 1874 6066 qnod·

320 6095 484 6170 decimam
511 6091 760 6190 manipularem
786 6100 822 6171 in
835 6099 1075 6172 -Dobrlrow
1102 6099 1369 6192 emethonelem,
1405 6101 1482 6174 cum
1509 6105 1602 6173 esset
1635 6099 1678 6170 (le
1704 6098 1862 6190 proprie·

321 6221 394 6288 tate
428 6239 567 6290 mensae
602 6220 759 6310 episcopi¹
781 6219 1037 6311 tirasonensis,
1073 6226 1212 6294 sanctes
1246 6223 1431 6295 memoriae
1448 6231 1450 6236 '
1465 6220 1637 6313 Sbigneus
1664 6217 1860 6307 cardinalis,

321 6337 501 6426 episcopus
527 6335 782 6428 cracoviensis,
818 6340 1097 6432 adpetitionem
1133 6341 1281 6436 praefati
1315 6341 1486 6415 Joheunis
1521 6341 1664 6432 Nosh,
1700 6340 1755 6412 sui
1779 6343 1863 6409 tnnc

321 6459 467 6547 petroni,
494 6458 538 6529 (le
556 6475 724 6530 consensu
751 6460 894 6550 capituli
912 6461 1160 6555 cracoviensis,
1186 6463 1350 6540 eeclesiae
1375 6466 1412 6535 in
1425 6461 1670 6535 ·Dobrlrow
1695 6466 1861 6552 perpetue

323 6573 464 6647 donavit
488 6583 526 6650 et
550 6580 735 6672 inscripsit.
