4200 8342
1741 1676 1813 1754 307

268 1877 373 1951 solvit
399 1879 561 1970 episcopo
588 1878 819 1971 Cracoviensi3
845 1882 941 1953 item·
955 1887 1009 1954 est
1035 1878 1084 1954 ibi
1111 1883 1299 1973 praedium,
1327 1889 1406 1974 post
1425 1885 1522 1957 curius
1549 1886 1643 1977 agris
1671 1889 1818 1960 solvitur

269 2000 400 2072 decima
426 2002 652 2092 manipularis
679 2003 846 2074 ecclesiae
873 2010 910 2076 ct
936 2005 1114 2076 custodiae
1140 2006 1177 2075 in
1206 2004 1436 2097 Wopnicz.
1570 1985 1577 1998 ⁸

371 2120 540 2212 Gaesao,
565 2124 649 2196 villa
675 2124 739 2196 suh
766 2124 932 2215 parochia
956 2125 1000 2196 'de
1026 2124 1243 2216 Woynioz
1269 2127 1354 2218 sita,
1382 2149 1469 2218 quae
1497 2136 1551 2199 est
1577 2132 1612 2199 in
1640 2133 1817 2220 proventi-

266 2243 332 2316 bus
358 2246 620 2335 praepositurae
656 2245 849 2338 descripta,
887 2252 967 2336 post
1001 2247 1099 2318 cuins
1135 2245 1315 2338 praedium
1351 2248 1543 2321 decimatur
1578 2252 1753 2324 custodiae
1781 2255 1817 2322 iu

266 2363 492 2456 Woynicz.

371 2487 490 2560 Tertia
515 2489 552 2559 in
579 2487 797 2580 Woynicz
824 2489 1025 2579 praelatura
1051 2497 1106 2562 ost
1133 2491 1349 2580 scholastria,
1377 2513 1464 2581 quae
1492 2497 1527 2563 et
1545 2494 1619 2563 eius
1646 2514 1710 2583 pro
1729 2500 1815 2564 torn-

266 2629 350 2698 pore
376 2609 611 2701 scholastious,
638 2609 683 2681 ad
711 2630 828 2682 curam
855 2611 1047 2683 animarum
1066 2617 1102 2683 et
1119 2610 1268 2684 ollicium
1295 2614 1459 2685 horarum
1486 2615 1520 2684 in
1548 2614 1693 2686 ecclesia
1711 2613 1817 2705 Woy-

267 2731 418 2801 nicaensi
445 2731 670 2822 explendum,
707 2733 796 2802 sicut
822 2736 859 2804 et
885 2734 1014 2805 caeteri
1040 2734 1237 2806 beneficiat-i
1266 2735 1310 2805 ad
1337 2736 1402 2806 hoc
1429 2737 1534 2806 crecti
1562 2743 1597 2807 ot
1623 2735 1765 2824 fundati,
1793 2757 1814 2806 a

266 2853 386 2942 prinris
412 2851 654 2925 fundatoribus
680 2857 735 2924 est
761 2854 914 2944 astricta3
942 2855 1039 2926 cuius
1066 2856 1155 2927 tales
1182 2861 1263 2927 snut
1289 2864 1486 2946 prouentus:

368 2973 603 3063 Znuosczrn‚
630 2974 834 3046 suburbium
860 2975 980 3065 oppidi
1004 2975 1153 3066 praelati
1173 2975 1401 3067 Woynicz.
1427 2979 1467 3048 In
1496 3000 1562 3068 quo
1589 2979 1814 3050 scholasticus

266 3092 526 3186 Woyniczansis
553 3117 616 3184 pro
643 3096 725 3167 dote
753 3115 816 3166 sna
841 3097 949 3168 habet
974 3097 1155 3186 praedium
1181 3097 1328 3188 honum,
1356 3098 1438 3169 item
1466 3099 1572 3170 habet
1599 3105 1634 3170 et
1659 3099 1820 3187 hortula-¹

266 3216 342 3287 nias
370 3223 528 3308 quatuor,
555 3223 591 3288 et
619 3217 793 3308 quaelibet
818 3215 923 3289 solvit
941 3272 1109 3289 .......
1140 3218 1227 3291 ltorn
1255 3220 1401 3311 quilibet
1428 3220 1564 3292 laborat
1590 3242 1695 3293 unum
1723 3222 1813 3311 diem

265 3337 302 3406 in
328 3338 534 3428 septimana.
1193 3393 1196 3400 -

368 3458 602 3550 Pnouoozru,
630 3459 714 3532 villa
740 3459 805 3532 sub
831 3461 997 3552 parochia
1023 3461 1067 3532 de
1093 3459 1126 3532 S.
1153 3459 1285 3534 Jacobo
1313 3464 1397 3553 sita,
1425 3464 1521 3535 cuius
1548 3466 1744 3555 proprietas
1771 3466 1815 3538 ad

267 3601 379 3652 ...·.
399 3635 433 3651 ..
459 3581 616 3653 relictam
644 3580 887 3654 Goczware
922 3583 1073 3656 consulis
1101 3582 1341 3656 Gracovionsis
1368 3585 1528 3674 pertinet
1571 3587 1612 3657 In
1640 3608 1707 3677 qua
1733 3594 1816 3660 sunt
1863 3673 1868 3682 ι

264 3703 355 3775 lanei
382 3703 623 3793 cmetbonales,
649 3703 732 3776 itern
759 3705 936 3795 tabernae,
963 3706 1046 3775 item
1073 3685 1311 3796 hortulaniao,
1339 3707 1381 3777 de
1409 3707 1532 3800 quibus
1559 3709 1718 3780 omnibus
1746 3710 1814 3781 sol-

265 3825 359 3896 vitur
384 3829 419 3894 et
446 3823 649 3896 conducitur
675 3823 807 3896 decima
831 3825 1058 3916 manipularis
1076 3832 1112 3897 et
1129 3826 1351 3917 canapalis....;
1378 3829 1462 3899 itern
1484 3834 1539 3899 est
1556 3827 1604 3900 ibi
1621 3830 1814 3922 praedium,

264 3945 309 4017 de
342 3945 441 4022 ouius
476 3925 571 4037 agris
611 3944 759 4017 soluitur
798 3945 930 4018 decima
968 3947 1196 4037 manipularis
1238 3948 1403 4020 ecclesiae
1439 3954 1476 4019 et
1511 3949 1737 4022 scholastriae
1776 3952 1812 4021 in

265 4065 491 4157 Woynicz.

366 4189 570 4280 Raruowr,
605 4187 759 4261 vocatur
777 4187 955 4279 praedium
981 4189 1117 4280 regium
1144 4189 1236 4261 circa
1262 4187 1479 4280 Woynicz
1514 4191 1638 4281 situm,
1674 4192 1717 4263 de
1745 4214 1811 4283 quo

265 4307 457 4381 decimatur
483 4331 547 4401 pro
574 4309 817 4390 mansionariis
845 4313 994 4399 quatuor
1028 4309 1064 4381 in
1091 4308 1327 4400 Woynicz;
1364 4310 1446 4381 item
1474 4314 1529 4382 est
1557 4310 1606 4382 ibi
1633 4311 1811 4402 praedium

263 4428 434 4521 militare,
468 4430 512 4502 de
532 4430 757 4522 cuius-agris
794 4430 986 4502 decimatur
1019 4450 1084 4523 pro
1111 4431 1352 4502 mansionariis
1388 4432 1422 4501 in
1450 4429 1686 4523 Woynicz,
1728 4419 1812 4504 item

265 4552 440 4644 quaelibet
465 4553 587 4625 domus
613 4554 673 4625 ubi
700 4554 850 4625 cervisia
866 4553 1082 4644 propinatur,
1110 4573 1171 4625 sen
1190 4553 1365 4645 quaelibet
1390 4553 1535 4625 taberna
1553 4554 1671 4644 oppidi
1688 4553 1812 4646 Woy-

213 4759 222 4772 ι
263 4659 397 4766 ni'cz,·
416 4679 557 4748 reamur
582 4674 667 4747 dare
693 4694 758 4766 pro
785 4674 920 4748 duobus
946 4675 1078 4766 grossis
1110 4675 1293 4747 cervisiam
1319 4695 1384 4765 pro
1411 4676 1654 4747 mansionariis
1682 4696 1811 4748 annna-

263 4797 337 4887 tirn;
363 4798 447 4869 item
464 4797 595 4871 habent
610 4795 781 4887 praedicti
798 4796 1022 4868 mansionarii
1039 4797 1076 4867 in
1096 4795 1222 4886 oppido
1249 4795 1485 4887 Woynicz‚
1513 4802 1549 4866 et
1566 4797 1657 4867 circa
1674 4796 1811 4868 domum

263 4937 379 5009 suam,
412 4925 551 5010 pratum
579 4918 764 5010 optimum,
799 4918 892 5008 quod
919 4917 1112 5008 aliquando·
1130 4918 1195 5007 pro
1222 4917 1352 5007 tribus,
1388 4915 1572 5007 aliqnando
1607 4936 1672 5006 pro
1699 4916 1813 4988 media

265 5047 390 5130 quarta
414 5041 569 5114 vendunt
595 5041 730 5111 marcis.
1456 5030 1458 5034 ’
1914 5136 1916 5140 v

366 5161 455 5235 Sunt
480 5162 585 5236 etiam
611 5160 648 5231 in
674 5158 795 5233 eadem
822 5159 1066 5251 Woyniczensi
1101 5157 1246 5230 ecclesia
1277 5160 1426 5247 quatuor
1451 5157 1704 5230 mansionariae
1731 5142 1811 5250 per-

264 5289 399 5375 petuae,
426 5304 515 5376 quae
540 5283 673 5355 hahent
699 5281 849 5354 decimas
876 5281 913 5351 in
939 5279 1031 5351 villis
1059 5279 1357 5372 subsequentibus:

368 5405 681 5496 Wruuonwrssz‚
717 5403 801 5476 uilla
827 5402 892 5475 sub
917 5401 1084 5493 parochia
1110 5400 1152 5473 de
1180 5400 1398 5492 Woynioz
1434 5402 1520 5492 sita,
1556 5402 1652 5474 cuius
1684 5403 1809 5473 haeres

264 5524 440 5599 lohannes
467 5525 819 5618 Wpelowyeslry
853 5525 896 5597 de
923 5524 1028 5596 aunis
1064 5522 1308 5595 Polukoza.
1353 5523 1392 5594 In
1420 5544 1488 5614 qua
1515 5528 1594 5595 sunt
1629 5523 1746 5595 decom
1774 5527 1810 5593 et

265 5654 343 5719 octo
369 5648 461 5720 lanei
487 5648 740 5738 cmetbonales,
776 5647 860 5718 item
886 5646 975 5718 dnae
1001 5647 1168 5718 tabernae
1195 5645 1362 5716 habentes
1390 5665 1511 5735 agros,
1547 5646 1629 5715 item
1656 5643 1811 5738 hortula-

265 5769 343 5839 niae
369 5767 536 5840 habentes
563 5790 683 5860 agros,
717 5770 801 5840 item
837 5767 1018 5860 praedium
1042 5765 1212 5856 militare,
1249 5764 1443 5855 dequibus
1476 5765 1634 5836 omnibus
1662 5763 1809 5834 solvitur

263 5896 300 5962 ot
334 5888 540 5961 conducitur
573 5889 707 5962 decima
742 5890 967 5980 manipularis
1002 5893 1039 5960 et
1074 5887 1248 5978 canapalis
1289 5907 1353 5977 pro
1389 5884 1629 5956 mansionariis
1666 5883 1810 5973 Woyni-

264 6012 452 6084 curensibus.
709 6015 769 6086 ’Ψ

367 6132 699 6221 Manounrowrozn‚
714 6167 718 6174 ·
732 6131 817 6204 uilla
841 6133 907 6204 suh
933 6130 1100 6222 parochia
1126 6129 1169 6201 de
1196 6103 1413 6220 Wffnicz
1440 6127 1526 6215 sita,
1563 6125 1659 6197 cuius
1685 6125 1808 6196 haere-

263 6256 353 6327 ditas
378 6255 424 6327 ad
449 6251 632 6325 Elisabeth
659 6251 1031 6344 Milrolayowska
1058 6249 1219 6342 pertinet.
1259 6247 1302 6320 ln
1330 6267 1399 6338 qua
1425 6253 1505 6320 sunt
1538 6248 1629 6319 lanei
1656 6247 1808 6318 cmotho-

263 6375 369 6466 noles,
395 6376 440 6448 do
466 6376 591 6468 quibus
618 6363 766 6446 solvitur
799 6373 934 6446 decima
959 6370 1182 6460 manipularis
1209 6374 1246 6441 et
1272 6369 1446 6461 canapalis
1471 6390 1541 6460 pro
1569 6367 1809 6439 mansionariis

166 6491 208 6590 ,ξ’
226 6473 238 6582 ’,
262 6495 299 6566 in
325 6495 563 6589 Woyniou;
598 6497 683 6569 item
708 6499 764 6568 est
789 6494 839 6568 ibi
864 6491 1064 6586 meodian,
1091 6491 1134 6563 de
1160 6495 1229 6582 'quo
1256 6490 1448 6562 decimatur
1475 6490 1640 6562 ecclesiae
1666 6491 1704 6560 in
1730 6487 1808 6558 Mi-

160 6612 621 6704 ·⁵-t·.·2‚‚k,luaahouicza
