4200 8342
1707 1633 1781 1705 421

231 1842 393 1936 militare,
419 1844 503 1914 item
530 1863 599 1914 una
624 1844 779 1933 taberna,
806 1842 937 1916 habens
966 1862 1069 1933 agros
1097 1862 1140 1913 ex
1168 1840 1310 1931 praedio
1324 1839 1500 1930 largitos,
1527 1839 1611 1911 item
1638 1844 1787 1930 quatuor
1903 1869 1910 1881 *

233 1943 461 2055 hortulaniae,
487 1963 656 2037 habentes
682 1985 785 2055 agros
813 1986 855 2036 ex
882 1963 1026 2055 praedio
1042 1963 1209 2053 largitos,
1236 1964 1319 2034 item
1346 1962 1416 2035 tria
1434 1960 1631 2034 molendina
1656 1961 1786 2034 haben-

233 2085 283 2157 tia
309 2107 421 2175 agree,
449 2105 492 2157 cx
514 2085 662 2178 praedio
689 2086 851 2177 largitos,
888 2085 931 2157 de
960 2086 1085 2176 quibus
1113 2086 1271 2157 omuibus
1298 2084 1445 2157 solvitur
1472 2083 1605 2156 decima
1631 2084 1788 2175 manipu-

235 2208 320 2280 laris
347 2208 511 2280 ecclesiae
539 2207 582 2281 de
609 2207 775 2298 Magna
805 2207 833 2278 P
842 2208 1030 2299 yassek,
1067 2208 1164 2279 33133
1201 2206 1298 2279 33133
1324 2206 1530 2278 aestimatur
1565 2205 1610 2278 ad
1638 2206 1787 2299 quinque

165 2417 168 2424 Ι
234 2349 378 2402 marcas.

337 2449 541 2542 chnvow,
578 2450 662 2523 villa
688 2451 752 2524 sub
779 2451 945 2541 parochia
971 2450 1014 2522 de
1040 2448 1207 2540 Magna
1233 2447 1441 2540 Pyassek
1468 2449 1555 2538 sita,
1583 2448 1680 2521 33133
1707 2449 1788 2520 hae-

234 2593 291 2644 res
318 2572 465 2662 Spithlro
493 2572 536 2644 de
563 2571 791 2644 Melsthiu
820 2573 862 2644 de
888 2573 994 2645 armis
1021 2572 1206 2645 helina.
1250 2571 1290 2640 ln
1319 2591 1387 2662 qua
1411 2576 1493 2642 3331
1519 2570 1610 2652 13331
1637 2570 1790 2642 emetho-

234 2694 450 2784 3313311333
478 2695 625 2768 taberna
653 2715 720 2766 una
746 2694 878 2767 habeus
906 2716 1028 2786 agrae,
1064 2694 1107 2765 de
1135 2694 1259 2786 quihus
1287 2693 1445 2764 omnihus
1473 2692 1621 2765 solvitur
1648 2698 1683 2764 et
1709 2712 1790 2762 con-

205 2835 208 2840 ·
236 2815 374 2888 ducitur
401 2817 534 2888 decima
569 2816 793 2907 manipularis
820 2821 857 2888 31
883 2816 1059 2907 canapalis
1094 2837 1158 2907 pro
1186 2815 1386 2908 episcopatu
1415 2813 1655 2904 cracoviensi,
1693 2814 1791 2885 33133

237 2938 334 3007 valor
361 2937 405 3008 ad
433 2945 583 3030 quatuor
609 2959 744 3009 marcas
771 2939 984 3010 aestimatur.
1011 2939 1098 3009 Item
1118 2960 1187 3009 non
1215 2943 1269 3008 est
1288 2938 1324 3008 in
1343 2936 1464 3009 eadem
1492 2937 1575 3008 villa
1601 2936 1790 3038 praedium,

237 3080 348 3151 neque
374 3059 602 3132 hortulaniae.
646 3062 733 3133 Item
761 3063 820 3131 331
850 3081 921 3132 333
946 3061 1093 3132 taberna
1128 3060 1262 3131 hahens
1298 3080 1419 3152 agnda,
1456 3059 1500 3128 ad
1537 3057 1790 3149 proprietatem

237 3180 374 3273 plebani
404 3180 446 3252 de
463 3179 630 3270 Magna
655 3179 863 3278 Pyassek
890 3182 1080 3272 pertinens,
1108 3181 1150 3252 de
1170 3200 1237 3271 qua
1256 3180 1322 3252 sibi
1349 3184 1493 3251 censuat
1519 3176 1665 3278 singulis
1692 3178 1792 3250 annis

238 3299 325 3372 duas
353 3322 497 3376 marcas.

257 3487 261 3498 .
340 3423 455 3495 Villae
481 3423 706 3515 parochiales:
732 3422 899 3518 Magna
925 3423 1152 3515 Pyassek,
1179 3428 1216 3497 et
1241 3422 1482 3514 Zagayow,
1513 3407 1551 3494 31
1577 3422 1613 3492 13
1640 3426 1789 3512 utraque

237 3545 321 3619 villa
347 3546 494 3618 solvitur
520 3546 730 3620 columhatio
757 3567 821 3637 per
832 3519 1004 3637 ‘grossum
1026 3547 1076 3638 ,de
1103 3547 1213 3637 laneo,
1240 3566 1304 3638 pro
1332 3544 1490 3636 plebano.

614 3791 775 3865 Znonovv
802 3791 889 3863 alias
915 3791 1133 3864 Bascnowa
1160 3790 1420 3864 Errseorums.

342 3909 437 3985 Villa
463 3914 595 3984 habens
623 3914 802 3986 ecelesiam
830 3912 1063 4004 parochialem
1090 3912 1239 4001 ligneam
1267 3913 1302 3982 in
1330 3932 1382 4001 33,
1417 3910 1555 3984 Sanctis
1583 3890 1728 3980 Nicolao
1755 3912 1792 3980 et

239 4033 386 4124 Aegidio
414 4035 573 4126 dicatam,
601 4036 698 4106 cuius
725 4035 921 4126 proprietas
945 4034 990 4108 ad
1008 4034 1245 4125 episcopatum
1273 4028 1537 4104 Craeovie'nscm
1564 4031 1726 4122 pertinet.
1753 4029 1794 4102 ln

241 4177 308 4245 qua
334 4162 414 4228 3331
441 4163 573 4247 septem
600 4157 820 4230 hortulauiae
846 4157 1016 4230 habentes
1043 4177 1147 4246 agros
1174 4159 1209 4225 31
1237 4155 1367 4244 hortos,
1395 4154 1437 4224 de
1461 4173 1607 4243 quorum
1635 4150 1730 4241 agris
1757 4154 1792 4223 et

239 4277 352 4376 hortis
380 4278 527 4352 solvitur
553 4284 588 4350 et
615 4278 818 4351 conducitur
845 4278 977 4349 decima
994 4277 1220 4367 manipularis
1247 4298 1311 4366 pro
1340 4275 1540 4366 episcopatu
1559 4272 1794 4380 Cracoviensi,

240 4403 291 4498 et„
301 4397 400 4492 valor
426 4400 500 4469 3133
527 4401 732 4496 aestimatur
759 4398 803 4471 ad
830 4404 902 4472 tres
928 4419 1072 4471 mareas.
1117 4398 1205 4469 Item
1232 4397 1378 4468 ecclesia
1405 4397 1440 4468 13
1467 4395 1663 4488 Zborow
1688 4391 1796 4466 habet

241 4540 344 4610 agros
371 4521 530 4611 proprios
557 4527 593 4593 et
618 4530 739 4614 prata,
767 4522 849 4593 item
878 4522 982 4595 habet
1009 4541 1112 4604 unam
1140 4520 1322 4592 tabernam
1349 4520 1535 4592 habentem
1562 4539 1677 4608 agros
1706 4536 1794 4609 quae

238 4641 343 4713 solvit
369 4640 516 4729 plebano
542 4664 606 4733 pro
632 4664 737 4715 33333
765 4631 879 4715 33333
906 4642 991 4716 duas
1018 4663 1172 4732 marcas;
1200 4642 1284 4714 item
1311 4642 1418 4744 habet
1445 4640 1531 4714 duas
1558 4637 1788 4727 hortulanias,

239 4769 274 4834 et
300 4761 476 4853 quaelibet
501 4762 638 4864 laborat
664 4764 755 4836 diem
782 4766 817 4836 in
845 4767 1047 4856 septimana.
1075 4765 1161 4836 Item
1179 4764 1287 4835 habet
1313 4761 1425 4834 lacum
1444 4768 1480 4833 et
1498 4762 1630 4853 sylvam
1659 4759 1788 4832 dictam

240 4883 481 4975 Koozowa,
508 4905 550 4957 ex
578 4886 691 4959 altera
717 4908 800 4960 vcro
827 4891 929 4979 parto
955 4887 1092 4976 sylvae,
1134 4892 1216 4956 suunt
1233 4889 1337 4974 prata
1363 4883 1477 4954 dictae
1504 4881 1680 4962 eeclesiae.
1707 4878 1796 4958 Item

242 5006 386 5078 ecclesia
411 5007 520 5079 habet
546 5007 658 5079 lacum
684 5009 880 5098 proprium,
907 5027 1006 5078 secus
1032 4992 1148 5076 laeum
1174 5005 1393 5100 emethonum
1421 5002 1463 5075 de
1490 5000 1796 5091 Biskupicze,

242 5132 279 5202 31
304 5129 420 5201 331133
446 5130 536 5201 31133
562 5130 669 5202 habet
695 5129 944 5220 proprietatem
972 5128 1008 5198 in
1036 5125 1129 5198 dicto
1156 5128 1243 5218 lacu,
1270 5126 1338 5197 nisi
1367 5124 1461 5197 solus
1487 5123 1666 5216 plebanus.

346 5250 584 5343 anveumzn,
611 5250 694 5321 villa
720 5250 852 5323 habens
879 5249 915 5320 in
941 5269 979 5321 se
1006 5248 1187 5320 ecclesiam
1224 5227 1475 5340 parochialem,
1502 5245 1598 5334 33133
1634 5244 1797 5317 haeres...

243 5371 586 5464 Zahyorouslry
614 5372 656 5446 de
672 5351 790 5444 ‘armis
816 5369 1001 5461 Ostoya.
1046 5370 1087 5442 ln
1116 5390 1183 5462 qua
1211 5375 1293 5456 3331
1318 5368 1497 5442 duodecim
1524 5367 1616 5442 lanei
1644 5368 1798 5442 33131133-

243 5492 350 5581 33133,
376 5493 461 5565 item
486 5495 662 5586 tabernae,
692 5495 775 5568 item
802 5491 1022 5572 hortulaniae
1049 5496 1124 5564 tres
1142 5492 1312 5565 habentes
1339 5511 1455 5584 agros
1475 5487 1799 5588 1333113333ιηί-

243 5611 309 5681 bus
336 5611 483 5684 solvitur
500 5619 536 5685 et
553 5614 758 5688 conducitur
785 5614 918 5688 decima
944 5614 1172 5707 manipularis
1190 5619 1226 5686 et
1245 5613 1420 5706 canapalis
1447 5612 1613 5685 ecclesiae
1628 5614 1675 5682 ¹in
1699 5609 1798 5680 Zbo-

244 5752 343 5822 rou,
371 5737 406 5804 31
430 5733 530 5805 valor
556 5736 631 5807 eius
658 5737 862 5818 aestimatur
888 5736 933 5810 ad
960 5736 1140 5830 duodecim
1168 5757 1312 5810 marcas.
1352 5735 1441 5807 Item
1469 5738 1552 5804 3331
1579 5733 1628 5804 111
1654 5729 1798 5838 praedia

245 5853 430 5944 militaria,
466 5852 509 5924 de
537 5876 682 5944 quorum
710 5857 820 5948 agria,
846 5858 1038 5931 decimatur
1065 5858 1230 5931 ecclesiae
1258 5860 1292 5930 in
1321 5855 1673 5944 Xangnicze,'.et
1696 5851 1799 5926 ,valor

246 5975 320 6048 3133
347 5975 553 6048 aestimatur
580 5976 625 6047 ad
652 5983 803 6067 quatuor
827 5999 971 6076 mareas.
1044 5959 1047 5964 ¹
1782 6060 1786 6068 ,

349 6097 480 6170 Kansv
507 6097 660 6190 Punva,
700 6097 784 6170 villa
807 6099 874 6172 snb
899 6098 1067 6190 parochia
1093 6099 1136 6172 de
1171 6097 1194 6170 J
1204 6098 1340 6169 33133
1374 6095 1463 6187 3113,
1504 6095 1602 6170 33133
1628 6094 1798 6167 haeredes

247 6219 397 6294 Thomas
428 6219 694 6322 Karslrylde
721 6199 827 6292 armis
863 6219 1109 6312 Habdank,
1144 6225 1181 6290 et
1206 6198 1799 6316 Jolraupes'llorzenvomshy

245 6341 288 6414 de
315 6344 421 6415 armis
447 6329 629 6415 133133.
670 6333 861 6432 lu'quibus
887 6329 956 6412 nou
983 6347 1065 6412 sunt
1091 6340 1184 6410 lanei
1211 6339 1454 6434 emethonales,
1482 6341 1543 6413 sed
1570 6339 1799 6412 3311113313-

245 6464 357 6536 laniae
383 6465 554 6539 habentes
581 6486 693 6558 agros,
719 6463 755 6535 in
783 6459 1231 6556 33331111311333131331333
1259 6461 1450 6553 distinctos,
1478 6463 1521 6533 de
1540 6483 1685 6554 quorum
1704 6460 1798 6562 agris

246 6585 379 6666 decima
403 6585 681 6684 diversificatum
714 6605 801 6676 uam
821 6584 868 6680 de
892 6604 954 6658 sex
980 6580 1190 6676 hortulaaiis
1216 6584 1364 6678 percipit
1391 6583 1559 6657 decimam
1589 6581 1737 6686 eeclesia
1763 6584 1800 6672 in

635 6801 642 6810 ⁵
713 6837 795 6926 tl*-
