4200 8342
262 1614 333 1699 124

259 1820 382 1910 quibus
416 1837 484 1907 pro.
514 1836 581 1885 uno
617 1832 706 1883 anuo
738 1810 884 1883 solvitur
910 1808 1044 1879 decima
1070 1804 1297 1895 manipularis
1324 1809 1361 1874 et
1387 1802 1562 1893 canapalis
1588 1801 1800 1892 episcopatui

258 1937 493 2024 cracoviensi,
519 1939 555 2005 et
589 1932 686 2004 valor
723 1932 797 2002 eius
832 1929 1036 2001 aestimatur
1062 1926 1107 1998 ad
1135 1931 1284 2016 quatuor
1310 1943 1464 2012 marcas3
1490 1943 1555 2026 pro
1582 1921 1695 2009 altero
1722 1942 1800 1993 vero

258 2079 346 2141 auno
374 2056 527 2137 soluitur?
545 2074 608 2144 pro
635 2051 780 2125 ecclesia
805 2050 841 2121 in
868 2027 1090 2121 Skawina
1118 2047 1206 2118 Item
1233 2050 1287 2117 est
1312 2045 1362 2116 ibi
1388 2043 1568 2135 praedium
1595 2042 1800 2131 coenobiale

224 2263 225 2266 Ἴ
258 2175 353 2267 ᾳυοᾱ,
375 2197 438 2265 pro
466 2195 504 2261 se
529 2173 627 2255 tollit,
648 2171 823 2253 decimam
891 2162 893 2167 ’
1158 2166 1163 2173 ’
1373 2201 1376 2207 ·
1418 2225 1420 2231 .
1610 2255 1612 2258 ,

359 2295 568 2382 Rusonem,
594 2292 679 2378 villa
707 2292 772 2384 sub
799 2290 966 2381 parochia
991 2289 1033 2360 de
1060 2287 1270 2382 Lysszky
1297 2286 1396 2375 sita,-
1411 2285 1509 2360 cuius
1535 2283 1735 2375 proprietas
1760 2283 1801 2354 ad

256 2415 503 2506 monasterium
540 2413 783 2510 Thyneczense
817 2411 979 2501 pertinet.
1018 2409 1060 2480 lu
1087 2429 1158 2499 qua
1184 2412 1266 2489 sunt
1292 2406 1417 2497 viginti
1443 2405 1535 2476 lanei
1561 2404 1802 2494 emethonales

257 2536 339 2613 'rtem
365 2535 456 2606 duae
481 2534 656 2622 tabernae,
682 2531 850 2605 babentes
878 2551 990 2621 agros,
1018 2529 1062 2616 de
1089 2529 1214 2621 quibus
1241 2528 1406 2602 omnibus·
1426 2527 1567 2599 solvunt
1584 2525 1802 2598 deeimamin

256 2676 366 2744 grano
392 2655 648 2746 manipularem
675 2659 711 2727 et
737 2651 934 2725 conducunt
952 2672 1035 2724 caru
1062 2643 1127 2741 pro
1153 2648 1366 2723 monastario
1394 2646 1620 2740 Thyuczensi,
1637 2645 1802 2719 dandoin

256 2796 365 2864 grano
401 2776 487 2847 duas
521 2794 701 2851 mensuras
725 2773 901 2863 fuliginis,
929 2772 1015 2844 duas
1050 2771 1160 2843 tritici
1190 2775 1232 2842 et
1258 2771 1345 2865 duas
1372 2789 1521 2859 avenae,
1547 2773 1584 2840 et
1610 2767 1712 2865 palor
1732 2768 1803 2840 eius

258 2895 461 2966 aestimatur
488 2894 530 2966 ad
559 2894 753 2985 quindecim
779 2914 924 2965 mareas.
950 2893 1041 2964 Item
1067 2915 1137 2964 non
1164 2896 1220 2963 est
1245 2892 1295 2965 ibi
1320 2890 1511 2981 praedium.
1656 2952 1659 2959 .

361 3013 481 3086 Noua
497 2998 644 3104 'vr-rma,
671 3015 755 3086 villa
780 3014 844 3086 sub
872 3014 1037 3105 parochia
1054 3013 1111 3084 de
1127 3012 1344 3104 ,Lysszky
1371 3012 1467 3101 sita‚-
1484 3010 1582 3082 cuins
1608 3011 1803 3101 proprietas

256 3134 303 3217 ad
327 3135 573 3219 monasterium
600 3135 822 3227 Thynezensc
849 3135 1011 3226 pertinet
1054 3135 1096 3205 In
1123 3154 1192 3224 qna
1217 3137 1301 3206 sunt
1326 3131 1506 3208 duodecim
1532 3131 1626 3202 lanei
1653 3130 1803 3203 emetha

256 3255 351 3335 raas
378 3261 414 3328 et
439 3262 518 3331 tres
539 3261 693 3346 quartae,
719 3256 801 3364 item
828 3256 917 3343 duae
944 3255 1124 3328 scoltetiae
1150 3255 1320 3345 habentes
1347 3274 1451 3344 agros
1470 3253 1649 3360 ¹proprios,
1668 3251 1713 3324 de
1731 3253 1803 3343 qni·

256 3375 332 3449 bns·
348 3376 506 3454 omuibus
532 3373 671 3449 solvunt
697 3377 863 3464 decimam
889 3377 925 3448 in
938 3380 1061 3466 'grano
1088 3375 1350 3467 manipularem·
1373 3378 1409 3447 et
1433 3373 1630 3446 conducunt
1646 3393 1723 3445 earu
1741 3394 1801 3463 pro

257 3497 468 3580 monasterio
495 3497 719 3587 Thyuczensi,
745 3495 863 3570 dando.
878 3495 913 3568 in
931 3517 1040 3588 grano
1060 3496 1151 3569 duas
1165 3517 1344 3597 mensuras
1361 3495 1480 3585 tritici,
1498 3494 1585 3566 duas
1604 3494 1753 3585 siliginis
1770 3498 1806 3566 et

258 3614 343 3687 duas
362 3637 500 3708 avenae,
519 3623 554 3689 et
572 3617 670 3689 valor
688 3617 762 3689 eius
780 3617 825 3688 ad
841 3638 903 3696 ,sex
923 3638 1056 3690 marcas
1070 3618 1284 3690 aestimatur.
1301 3617 1389 3689 Item
1403 3616 1453 3688 ibi
1466 3637 1535 3693 non
1548 3621 1604 3688 est
1617 3616 1805 3707 praedium.

441 3831 444 3835 ι
622 3747 624 3751 ’
858 3737 1183 3826 Ὶ-ΟΖΥΒΝΥΕυΗοπ.
1219 3758 1221 3763 ·
1262 3798 1265 3802 ,

361 3857 454 3928 Villa
489 3859 620 3929 habens
654 3858 691 3929 iu
725 3878 763 3930 se
799 3859 1031 3949 parochialem
1068 3860 1249 3932 ecelesiam
1281 3858 1429 3934 Sanctae
1456 3856 1623 3930 Trinitati
1649 3858 1806 3947 dicatam,

257 3978 353 4049 cuius
380 3981 585 4070 proprietas*
601 4000 665 4070 pro
692 4001 762 4052 una
788 3985 897 4072 parte,
910 3981 1069 4081 pertinet
1094 3981 1139 4052 ad
1164 3980 1412 4053 monasterium
1431 3979 1664 4071 Thyuozeuse,
1683 3979 1721 4050 in
1739 4000 1807 4071 qua

257 4105 339 4170 sunt
373 4101 440 4172 duo
475 4102 565 4173 lanei
602 4102 852 4192 emethonales‚
874 4104 1010 4193 absque
1045 4103 1202 4175 tabernis
1229 4108 1266 4174 et
1290 4100 1519 4197 hortulaniis‚
1545 4111 1636 4192 qnae
1662 4089 1712 4172 ibi
1739 4122 1808 4173 nou

258 4226 358 4309 suut,
385 4229 421 4293 et
456 4224 585 4313 absque
616 4222 758 4313 praedio
785 4223 1008 4314 quodetiam
1035 4224 1085 4312 ibi
1112 4245 1181 4296 uon
1207 4224 1279 4312 est3
1305 4242 1369 4318 pro
1390 4206 1502 4294 altera
1518 4242 1602 4294 vero
1621 4222 1808 4294 medietate

259 4341 332 4409 eius
360 4344 512 4431 pertinet
547 4342 591 4413 ad
622 4343 811 4431 Zegotbam
839 4342 1079 4435 Obrychth
1107 4344 1150 4417 de
1177 4345 1278 4441 domo
1305 4343 1634 4434 Bippenniume
1661 4342 1709 4436 de
1733 4344 1809 4434 qui-

260 4461 325 4529 bus
354 4463 517 4549 omnibus·
540 4462 634 4552 agris
652 4461 754 4533 villae
774 4464 1030 4551 coenobialibus
1048 4466 1211 4541 videlicet
1228 4471 1265 4538 et
1282 4464 1491 4538 milltaribus
1509 4464 1657 4537 solvitur
1675 4471 1712 4536 et
1729 4487 1809 4538 eon-

259 4579 397 4651 ducitur
433 4582 564 4652 decima
599 4582 823 4672 manipularis
859 4590 895 4656 ct
922 4588 1095 4677 canapalis
1122 4587 1288 4661 eeclesiae
1313 4587 1350 4658 in
1378 4584 1746 4678 Gzyrnyechow‚
1774 4591 1810 4658 et

261 4700 357 4771 valor
385 4703 458 4774 eius
485 4703 689 4773 aestimatur
716 4704 759 4775 ad
787 4725 847 4776 sex
873 4728 1016 4778 marcas.
1044 4709 1131 4780 Item
1159 4715 1214 4783 est
1239 4709 1286 4780 ibi
1315 4729 1421 4789 uuum
1447 4707 1628 4803 praedium
1646 4707 1809 4797 militare,

261 4821 398 4911 dequo
434 4823 622 4894 decimatur
658 4823 823 4898 ecclesiae
860 4827 895 4897 iu
932 4826 1290 4921 CzyrnyechoW,
1317 4834 1353 4901 et
1378 4828 1478 4900 valor
1503 4828 1578 4900 eius
1604 4829 1810 4918 aestimatur

260 4942 303 5011 ad
331 4948 402 5014 tres
430 4965 570 5016 marcas.
597 4945 685 5016 Item
711 4947 856 5018 ecclesia
881 4947 930 5020 ibi
956 4948 1063 5021 habet
1088 4949 1206 5021 laneos
1234 4969 1296 5021 seu
1322 4970 1426 5039 agros
1449 4955 1489 5021 et
1515 4954 1627 5040 prata,
1654 4970 1719 5039 pro
1747 4970 1810 5022 suo

260 5063 401 5151 praedio
430 5071 465 5136 ct
490 5067 706 5138 necessitate.
1489 5131 1491 5137 .
1530 5150 1532 5152 ,
1752 5050 1767 5061 ”

363 5184 605 5277 Paucorum,
633 5187 715 5258 villa
749 5190 812 5260 sub
848 5192 1012 5279 parochia
1041 5192 1090 5265 de
1126 5189 1465 5282 Gzyrnyechow
1491 5191 1577 5280 sita,
1604 5190 1703 5262 cuius
1729 5210 1809 5281 pro·

261 5305 394 5394 prietas
421 5330 484 5398 pro
513 5328 581 5378 una
608 5314 708 5398 parte
736 5311 888 5407 pertiuet
913 5312 956 5382 ad
984 5314 1147 5385 abbatom
1173 5312 1503 5415 Thpuozeus'emin
1530 5332 1599 5402 qua
1625 5318 1708 5383 sunt
1727 5333 1810 5402 qua·

260 5431 340 5496 tuor
366 5428 457 5500 lanei
484 5429 716 5500 cmethouales
744 5436 779 5501 ot
804 5451 875 5501 uua
900 5433 1047 5504 taberna
1072 5434 1204 5506 babens
1230 5416 1347 5524 agros,
1376 5432 1419 5504 de
1446 5430 1570 5523 quibus
1597 5433 1748 5507 solvitur
1774 5438 1810 5505 et

260 5548 463 5621 conducitur
499 5550 632 5621 decima
666 5551 889 5641 manipularis
923 5559 957 5624 et
985 5555 1176 5645 campalis,
1203 5559 1240 5626 et
1267 5547 1565 5626 conducuuteam
1591 5575 1656 5644 pro
1684 5553 1810 5626 Craco-

260 5668 369 5739 viensi
396 5672 565 5761 episeopo,
593 5676 654 5741 aut
681 5672 864 5763 manipulo,
890 5680 952 5746 aut
978 5674 1091 5747 dando
1119 5675 1205 5747 duas
1222 5696 1402 5747 mensuras
1420 5675 1538 5765 tritici,
1557 5674 1643 5748 duas
1662 5675 1810 5766 siliginis

261 5793 297 5859 et
325 5799 402 5863 ooto
430 5799 559 5864 scottos
597 5793 749 5869 latorumv
773 5814 973 5883 grossorum
1000 5797 1043 5868 de
1071 5797 1226 5887 quolibet
1253 5788 1375 5885 laneo3
1403 5801 1573 5884 tenentur
1598 5797 1704 5868 ctiam
1732 5817 1810 5888 pro·

261 5931 382 5984 curare
415 5914 576 5986 nuncium
612 5915 849 6006 episcopalem
868 5918 1062 5990 venientem
1089 5918 1134 5989 ad
1161 5916 1408 5989 decimandum.
1448 5915 1559 6008 Super
1579 5939 1654 6008 -quo
1681 5918 1812 5991 habent

261 6053 330 6103 uua
357 6056 432 6106 curu
461 6035 543 6106 villa
569 6037 600 6107 R
608 6038 726 6129 ybna
753 6038 975 6129 privilegium
1001 6039 1172 6111 lobannis
1200 6038 1440 6111 Cracovieusis
1468 6039 1620 6130 episcopi
1637 6039 1675 6111 in
1694 6061 1811 6112 mona·

261 6156 367 6228 sterio
396 6157 609 6247 Tlrynczeusi
637 6161 835 6249 repositum.
861 6160 949 6231 Item
976 6180 1038 6251 pro
1066 6156 1178 6232 altera
1203 6159 1389 6232 medietate
1415 6161 1499 6232 villa
1524 6160 1683 6252 praelata
1705 6162 1811 6252 perti·

261 6281 319 6346 net
354 6278 398 6349 ad
433 6277 627 6349 Iohannem
664 6280 950 6373 Skawynsky
985 6281 1028 6351 de
1065 6281 1166 6353 domo
1200 6280 1395 6371 Dolywa.
1438 6280 1480 6352 In
1516 6288 1692 6373 quasunt
1718 6282 1810 6354 lanei

261 6398 513 6488 emethoualeS‚
541 6398 583 6469 de
618 6401 741 6491 quibus
769 6403 916 6474 solvitur
943 6408 978 6473 et
1005 6403 1208 6475 conducitur
1235 6402 1368 6474 decima
1393 6402 1619 6497 manipularis
1647 6407 1683 6476 et
1697 6386 1810 6475 'rana-

261 6519 348 6608 palis
375 6542 438 6614 pro
467 6573 475 6589 .
502 6573 510 6589 .
538 6573 546 6592 .
573 6521 661 6594 Item
687 6522 737 6597 ibi
763 6544 831 6597 uon
861 6529 915 6597 est
942 6523 1121 6616 praedium
1148 6524 1357 6598 coenobiale.
