4200 8342
335 1831 424 1914 ¹llam
449 1827 501 1910 ibi
525 1847 644 1898 omnes
681 1825 881 1898 emethoucs
916 1823 1056 1895 solvunt
1081 1820 1248 1893 decimam
1275 1820 1506 1911 peeuuialem,
1541 1820 1687 1911 quilibet
1718 1821 1761 1892 de
1788 1820 1892 1892 laneo
1914 1843 1916 1850 ·

339 1973 444 2025 uuum
470 1951 639 2022 fertonem
673 1946 862 2019 communis
897 1945 1082 2036 pecuniae,
1119 1947 1154 2015 et
1181 1944 1363 2036 episcopus
1392 1935 1633 2016 Cracovien'sis
1660 1944 1787 2015 asserit
1813 1962 1894 2015 eam

335 2073 380 2146 ad
406 2094 444 2145 sc
471 2071 657 2163 portinere,
685 2074 721 2141 et
746 2068 915 2159 plebanus
943 2067 986 2139 de
1013 2065 1240 2138 Ramizow
1266 2064 1434 2138 similiter.
1734 2071 1736 2076 '

778 2385 781 2390 .
857 2329 873 2386 ³.
893 2315 914 2374 '·.·
960 2308 1267 2383 Czrrmnocrnsz.

441 2437 536 2509 Villa
562 2437 599 2507 in
626 2434 733 2507 cruda
760 2433 879 2522 radice
904 2434 1042 2506 noviter
1068 2432 1200 2522 locata,
1237 2431 1334 2504 cuius
1361 2433 1484 2505 haeres
1511 2430 1690 2505 lohannes
1717 2433 1817 2506 Felix
1846 2433 1891 2506 de

338 2561 572 2631 Tharnow.
598 2557 639 2629 Iu
667 2573 735 2647 qua·
760 2561 841 2628 sunt
867 2554 959 2628 lanei
977 2607 1145 2624 .......
1191 2553 1231 2625 Iu
1259 2553 1387 2644 eadem,
1430 2554 1574 2625 ecclesia
1600 2559 1654 2626 est
1679 2555 1892 2645 parochialis

337 2682 462 2774 lignea,
491 2679 615 2751 Sancto
643 2677 818 2749 Stauislao
846 2675 1000 2767 pontifici
1028 2674 1151 2765 dicata,
1179 2681 1215 2745 et
1233 2675 1371 2746 noviter
1396 2675 1539 2746 lundata
1566 2682 1602 2746 et
1628 2674 1757 2765 dotata,
1786 2695 1893 2765 quarn

207 2901 215 2910 ,
340 2802 474 2878 obtinet
502 2821 591 2904 nunc
617 2798 781 2871 Nicolaus
809 2798 851 2870 de
878 2797 1092 2887 Lanczky
1119 2796 1251 2886 primus
1278 2796 1352 2867 eius
1379 2796 1556 2886 plebanus.
1577 2849 1584 2865 .
1604 2850 1611 2865 .

802 3062 1100 3181 Praepositum
1133 3059 1433 3142 Wlalloienola.

443 3285 671 3360 Wisliciansis
698 3284 919 3376 praepositus
955 3283 1062 3356 habet
1090 3283 1132 3354 de
1159 3284 1234 3356 iure
1263 3283 1414 3355 officium
1441 3283 1655 3355 visitationis
1682 3283 1717 3353 in
1744 3303 1895 3376 praepa

339 3410 451 3500 situra
477 3406 707 3497 Wislioieusi,
734 3408 771 3478 iu
797 3406 955 3477 omuibus
983 3405 1156 3496 parochiis
1192 3426 1253 3478 seu
1281 3406 1450 3495 plebaniis
1486 3405 1597 3477 eidem
1629 3405 1894 3496 praepositurae
2015 3437 2017 3442 ¹

339 3511 552 3628 Wislicicusi
578 3503 753 3618 subiectis,
780 3535 815 3599 et
843 3526 991 3599 ollioiunr
1019 3527 1255 3599 archidiaconi
1281 3534 1419 3600 exercet
1445 3528 1481 3597 in
1508 3548 1585 3617 aar,
1612 3525 1785 3599 visitando
1813 3526 1895 3598 illus

339 3631 439 3734 mr'nis
466 3649 625 3741 siugulis,
662 3653 698 3721 et
724 3649 1001 3739 procurationem
1028 3648 1073 3720 ab
1100 3649 1150 3719 eis
1178 3647 1356 3738 exigendo.
1401 3648 1553 3737 Quarum
1581 3648 1721 3721 nomina
1747 3646 1894 3754 inferius

340 3773 555 3850 subiciamus.

572 4035 720 4116 &noti
755 4034 966 4115 laumntll
997 4039 1122 4115 extra
1157 4056 1301 4115 muros
1334 4001 1648 4164 wielleienaea.

444 4257 485 4328 ln
511 4255 677 4330 suburbio
704 4254 905 4328 Vislicieusi
931 4275 1054 4328 versus
1081 4255 1292 4347 aquilonem,
1319 4260 1373 4327 ost
1399 4257 1543 4330 ecclesia
1570 4257 1686 4347 lignea
1711 4257 1895 4348 parochia-

340 4380 385 4450 lis
413 4378 539 4450 Sancto
558 4375 746 4448 Laurentio
769 4376 917 4467 martyri
944 4375 1068 4467 dicata,
1096 4378 1193 4449 cuius
1219 4378 1387 4468 plebanus
1405 4377 1608 4469 Stanislaus,
1636 4380 1733 4451 cuius
1752 4380 1896 4470 patroni

342 4505 378 4572 et
396 4499 583 4572 collatores
600 4497 780 4572 Johanuoa
807 4497 1092 4578 Gzaruoczki
1120 4499 1532 4592 deN.yep1·owicze‚
1560 4501 1754 4575 Stauislaus
1782 4501 1895 4594 Nyc-

342 4619 604 4714 prowszlry,
631 4618 1180 4724 Johauncs1Nyeprowszlry
1215 4619 1386 4693 dedomo
1414 4620 1606 4694 etlamilia
1623 4675 1737 4713 .....
1766 4622 1895 4698 Petrus

341 4729 813 4844 Myodzigorszlrpio
839 4741 940 4818 domo
967 4741 1287 4833 Kopasclriua,
1327 4744 1425 4816 euius
1452 4749 1641 4842 prouentus
1679 4747 1761 4817 suut
1786 4743 1896 4820 intra-

341 4863 472 4954 scripti,
499 4868 535 4936 et
561 4863 664 4935 villae
691 4863 909 4954 parochiales
937 4862 1187 4954 infrascriptae.
1211 4862 1362 4955 Primo,
1390 4865 1558 4956 plebanus
1586 4866 1700 4938 dictae
1727 4865 1894 4938 ecclesiae

340 4983 448 5074 halet
474 5007 538 5077 pro
551 4978 621 5057 'sua
639 4985 721 5057 dote
739 4983 890 5058 medium
915 4986 1063 5076 laneum,
1090 4986 1126 5056 in
1154 4985 1319 5058 suburbio
1347 4986 1438 5059 inter
1457 4987 1576 5060 civiles
1603 5008 1716 5078 agror,
1743 4981 1894 5060 liberum'

342 5125 497 5178 acensu
522 5112 558 5177 et
584 5105 744 5196 tributis,
781 5107 1050 5197 quamproprie
1087 5111 1205 5177 aratro
1233 5111 1269 5177 ot
1295 5106 1414 5178 labore
1442 5107 1538 5196 colit,
1579 5129 1643 5198 pro
1671 5129 1733 5180 suo
1761 5129 1826 5180 usu
1852 5114 1892 5181 et

203 5325 207 5330 β
341 5226 505 5315 utilitate
532 5226 638 5297 solvit
665 5232 781 5298 tamen
808 5248 871 5316 pro
900 5228 1101 5316 episcopatu
1128 5209 1348 5298 Cr·aco'viensi
1380 5226 1422 5299 de
1450 5227 1508 5320 illo
1537 5226 1703 5301 decimam
1730 5228 1895 5319 pecunia-

202 5389 206 5402 ·
341 5345 410 5426 lem
438 5367 544 5418 uuum
570 5346 747 5418 fertonem.
791 5348 877 5418 item
906 5348 1011 5420 habet
1037 5349 1074 5419 iu
1102 5348 1221 5422 eodem
1249 5339 1414 5421 suburbio
1443 5349 1641 5422 Vislicieusi
1668 5371 1785 5422 aream
1812 5372 1895 5441 pro·

341 5467 453 5557 priam
480 5465 634 5558 liberam,
662 5490 737 5540 cum
765 5469 868 5540 lmrto
896 5474 931 5539 et
958 5468 1069 5559 domo,
1097 5470 1190 5542 inter
1216 5469 1433 5541 suburbanos
1461 5470 1616 5543 eiusdem
1642 5472 1770 5562 oppidi.

448 5586 674 5680 Coarcnrnr,
701 5590 784 5661 villa
811 5590 875 5662 sub
902 5590 1068 5681 parochia
1095 5589 1258 5664 eeclesiae
1281 5590 1324 5662 do
1342 5591 1469 5664 Sancto
1487 5591 1677 5666 Laurentio
1698 5594 1776 5685 sita,
1795 5595 1895 5668 cuius

278 5777 314 5821 .·
340 5712 540 5824 proprietas
567 5711 612 5783 ad
639 5711 909 5786 illustrissimum
936 5710 1101 5784 l'oloniac
1128 5732 1245 5802 regem
1272 5713 1431 5804 pertinet.
1457 5712 1497 5784 ln
1517 5734 1584 5804 qua
1601 5720 1683 5786 sunt
1701 5715 1895 5811 qrrmdecin

319 5827 432 5934 ''lunei
458 5833 707 5923 cmetlronale5‚
736 5833 820 5905 item
849 5832 1035 5922 praedium
1068 5832 1111 5905 de
1139 5832 1272 5906 duobus
1299 5833 1408 5906 laneis
1436 5833 1638 5906 advocatiae
1666 5835 1893 5929 Vislicieusin

341 5953 385 6028 ue
411 5955 535 6044 quibus
562 5954 719 6025 omnibus
747 5952 893 6026 solvitur
920 5953 1052 6025 decima
1079 5953 1313 6044 manipularis,
1331 5962 1368 6027 et
1385 5976 1448 6045 per
1467 5960 1616 6045 quatuor
1633 5957 1771 6046 ierugas
1789 5978 1895 6030 cana-

339 6075 430 6166 palis
455 6076 490 6145 in
515 6071 731 6170 ponitlucom,
758 6095 822 6165 pro
850 6075 1049 6166 praebenda
1075 6076 1112 6146 iu
1139 6065 1301 6166 Chotel
1328 6075 1549 6168 Militari,
1575 6100 1644 6150 non
1671 6059 1786 6150 tamen
1814 6078 1894 6164 uui-

340 6193 506 6288 formiter,
535 6196 596 6268 sed
622 6196 800 6288 perceptio
826 6196 900 6268 eius
928 6196 1198 6288 diversificatum
1216 6218 1295 6270 uam
1314 6198 1357 6270 de
1375 6200 1468 6289 agris
1487 6200 1564 6272 sitis
1582 6221 1703 6272 versus
1721 6201 1895 6292 Buszko,

340 6318 488 6408 percipit
523 6317 619 6388 illam
646 6316 738 6392 enni
766 6338 856 6390 anno
883 6318 1082 6409 praebenda
1108 6319 1151 6392 de
1179 6318 1346 6392 Ghotel
1372 6320 1600 6411 Militari,
1628 6327 1664 6393 et
1690 6322 1787 6395 valor
1813 6324 1892 6398 eius

342 6440 545 6514 aestimatur
581 6437 625 6509 ad
662 6437 857 6529 quindecim
890 6461 1043 6532 marcas,
1071 6441 1119 6547 de¹
1141 6441 1235 6532 agris
1272 6462 1354 6513 vero
1382 6442 1459 6522 sitis
1480 6462 1607 6520 ,versus
1635 6442 1894 6537 Visliciam,

340 6561 466 6650 recipit
501 6559 596 6636 illam
631 6560 787 6640 anana
814 6541 1059 6666 Wisli'cieffl,
1086 6568 1121 6636 et
1154 6545 1600 6688 ralurffl'ff'aastimutur
1626 6565 1670 6636 ad
1697 6563 1903 6658 quindeo'ua
