4200 8342
1763 1638 1809 1714 79

211 1930 214 1935 ,
259 1862 338 1921 edm
363 1841 478 1920 medio
505 1841 757 1936 cmethonales,
784 1846 827 1920 de
855 1845 979 1940 quibus
1001 1844 1154 1921 'solvitur
1180 1851 1216 1921 et
1233 1844 1438 1921 conducitur
1463 1847 1596 1923 decima
1621 1848 1812 1938 manipula·

259 1970 309 2041 ris
340 1974 376 2040 et
402 1968 578 2060 cenapolis
613 1989 677 2061 pro
712 1969 912 2061 praebenda
938 1968 1175 2061 Oracoviensi,
1209 1990 1297 2061 quae
1323 1969 1453 2067 dicitur
1479 1968 1688 2061 -Zyraws'ka,
1715 1969 1812 2041 euius

259 2090 359 2163 valor
384 2091 589 2163 aestimatur
624 2090 669 2163 ad
695 2089 817 2193 decem*
840 2110 984 2163 marcas.
1023 2091 1111 2162 Item
1146 2095 1202 2163 eet
1227 2091 1277 2163 ihi
1312 2088 1491 2182 praedium
1525 2089 1699 2181 militene,
1728 2089 1812 2163 item

259 2211 480 2284 hortulauiae
508 2216 600 2302 tres,
626 2212 796 2284 habentes
823 2233 947 2311 agros,
965 2212 1051 2283 item
1077 2214 1225 2284 taberna
1250 2232 1338 2302 una,
1359 2208 1492 2293 hebens
1519 2230 1639 2303 agros,
1653 2210 1710 2291 ,de
1737 2211 1813 2302 qui·

258 2333 336 2405 bus-
351 2333 510 2405 omnibns
537 2332 684 2406 soluitur
710 2339 746 2406 et
764 2333 969 2406 conducitur
987 2333 1121 2405 decima
1145 2332 1371 2422 manipularis
1398 2337 1436 2404 et
1454 2328 1812 2424 campalis-ecclesiae

259 2454 296 2525 in
321 2452 747 2545 Wroczimowicze,
775 2460 811 2527 et
829 2454 929 2527 valor
951 2454 1158 2526 aestimatur
1183 2453 1257 2525 eius
1284 2453 1425 2525 edocto
1452 2453 1507 2524 vel
1525 2450 1642 2524 decem
1668 2472 1812 2525 marcas.

362 2574 520 2667 Souezn
538 2575 622 2648 villa
635 2574 927 2666 subparochiade
941 2566 1178 2651 Pelcznic'za
1195 2574 1277 2665 sita,
1296 2572 1393 2645 cuius
1402 2573 1527 2645 haeres
1545 2562 1811 2666 Pothoczslry,

232 2695 295 2779 ¹in
322 2716 392 2788 qua
416 2699 497 2767 sunt
522 2696 629 2769 lanei·
647 2696 895 2785 cmethonales,
931 2696 1014 2767 item
1043 2694 1224 2786 praedium
1259 2694 1428 2784 militare,
1469 2693 1512 2765 de
1546 2695 1670 2785 quihus
1704 2696 1813 2767 omni·
1927 2780 1930 2787 Ι

259 2817 324 2889 hus
360 2816 526 2922 solvitur·
543 2822 580 2889 et
614 2816 819 2890 conducitur
853 2815 987 2888 decima
1030 2816 1255 2907 manipularis
1291 2820 1327 2888 et
1362 2813 1538 2906 canapalis
1573 2816 1739 2888 ecclesiae
1774 2817 1811 2888 in

258 2936 674 3030 Wroezimowicze,
701 2939 800 3010 cuius
819 2938 917 3011 valor
945 2937 1152 3010 aestimatur
1175 2932 1223 3009 ¹ad
1241 2958 1303 3010 sex
1321 2936 1377 3007 vel
1395 2940 1474 3009 octo
1501 2956 1647 3011 marcas.

362 3057 617 3150 MnczraroW,
643 3059 728 3131 uilla
745 3061 809 3132 sub
832 3059 999 3151 parochia
1017 3056 1061 3130 de
1078 3077 1221 3149 parva
1247 3054 1429 3129 Xansch
1455 3059 1542 3148 slta,
1569 3059 1666 3129 cuius
1680 3035 1809 3131 haeres

259 3232 416 3271 .......
443 3180 480 3250 in
498 3200 568 3272 qua
592 3184 675 3251 suut
692 3180 817 3270 viginti
844 3184 995 3271 quatuor
1020 3178 1111 3251 lanei
1139 3177 1387 3269 cmethonales;
1415 3179 1498 3251 item
1515 3179 1694 3269 praedium
1722 3179 1811 3251 mili-

256 3306 350 3391 tare,
385 3300 429 3372 de
455 3301 581 3393 quibus
608 3300 766 3372 omuibus
793 3300 941 3373 solvitur
967 3299 1101 3372 decima
1125 3299 1353 3390 manipularis
1379 3305 1416 3372 et
1442 3299 1619 3391 cauapalis
1645 3300 1809 3371 ecclesiae

265 3420 302 3492 iu
330 3418 744 3511 Wrocuimowicze,
771 3420 869 3493 cuius
895 3419 994 3494 valor
1020 3421 1222 3492 aestimetur
1248 3420 1293 3492 ad
1318 3416 1463 3510 triginta
1486 3439 1630 3494 mareas.

361 3540 673 3632 Snnunrowrczn,
701 3540 786 3614 villo
812 3542 877 3614 suh
904 3541 1070 3633 parochia
1096 3541 1139 3612 de
1165 3539 1572 3614 Wroczimonicze
1598 3542 1685 3633 sita,
1712 3541 1810 3614 cuius
1855 3613 1857 3616 ,

257 3662 455 3753 proprietas
490 3662 535 3733 ad
560 3662 749 3752 capitulum
767 3662 997 3736 Oracoriense
1022 3663 1191 3754 pertinet,
1227 3662 1263 3733 in
1290 3682 1360 3753 quc
1389 3668 1472 3735 sunt
1498 3667 1575 3735 octo
1601 3663 1693 3735 lanei
1720 3684 1811 3735 eme·

257 3783 430 3875 thonales,
466 3782 549 3855 item
585 3805 655 3856 una
689 3784 853 3876 taberna,
889 3806 995 3857 unum
1030 3783 1282 3874 molendinum,
1318 3789 1468 3874 quatuor
1503 3782 1740 3875 hortulaniae,
1773 3789 1809 3856 et

259 3904 375 3976 omnia
400 3905 532 3976 habent
558 3925 680 3997 agros,
708 3905 751 3976 de
770 3905 894 3996 quibus
913 3905 1106 3977 decimatur
1132 3904 1298 3976 ecclesiae
1324 3902 1473 3976 Sanctae
1490 3903 1626 3977 Mariae
1652 3906 1688 3977 in
1707 3904 1810 3978 (lra-

259 4025 406 4115 coria,
433 4030 469 4097 et
494 4024 593 4098 valor
618 4026 693 4098 eius
719 4023 765 4097 ad
791 4025 909 4098 decem
935 4044 1071 4097 marcas
1097 4024 1310 4097 aestimatur.
1353 4024 1442 4096 Item
1473 4029 1529 4097 est
1554 4025 1604 4098 ibi
1630 4025 1810 4117 praedium

258 4145 463 4238 capitulare,
490 4145 533 4219 de
552 4166 620 4238 quo
637 4167 706 4219 non
724 4146 831 4219 solvit
847 4146 950 4218 alicui
977 4145 1161 4237 decimam,
1189 4144 1250 4217 sed
1268 4164 1345 4217 eam
1361 4164 1426 4236 pro
1445 4165 1483 4218 se
1499 4145 1594 4219 tollit
1611 4142 1808 4243 capitulum.

851 4267 1166 4340 Rnczcnhwrczr.
1387 4250 1390 4255 ’
1681 4320 1690 4335 ..
1721 4292 1723 4299 ·

286 4462 302 4477 .,
361 4387 473 4480 Villa,
500 4370 643 4462 hahens
657 4389 750 4461 in-se
777 4388 956 4461 ecclesiam
982 4387 1216 4479 parochialem
1240 4386 1400 4480 ligneam,
1427 4388 1554 4461 Sancto
1580 4364 1686 4462 Petro
1713 4387 1809 4481 Apo-
1846 4424 1849 4429 ·

257 4509 348 4609 stolo
375 4502 543 4602 dicatam,
578 4511 615 4581 in
642 4531 712 4602 qua
746 4515 829 4582 sunt
863 4510 954 4582 lanei
990 4508 1241 4600 emethonales,
1276 4510 1361 4581 item
1392 4510 1578 4602 tabernae,
1614 4510 1810 4602 dequibus

258 4622 417 4705 omnibus
451 4631 601 4705 solvitur
626 4637 663 4705 et
688 4617 893 4706 conducitur
923 4630 1058 4703 decima
1083 4630 1310 4722 manipularis
1337 4636 1374 4703 et
1400 4632 1577 4723 canapulis
1603 4653 1668 4722 pro
1695 4687 1809 4704 .....

258 4752 345 4827 Item
372 4758 427 4825 est
445 4753 494 4825 ibi
520 4753 719 4845 praedium
745 4754 829 4826 item
855 4753 1018 4843 eeclesia,
1045 4753 1173 4824 eteius
1199 4752 1368 4843 plebanus
1393 4754 1501 4826 hebet
1525 4753 1575 4825 ihi
1593 4772 1697 4844 egros
1722 4753 1809 4825 lihe-

258 4894 317 4947 ros
343 4879 381 4946 et
405 4880 508 4966 prata
533 4894 599 4967 pro
619 4896 688 4947 suo
714 4894 780 4947 usu
806 4881 842 4947 et
868 4874 1085 4947 necessitate.
1244 4859 1249 4869 '

361 4994 665 5086 anmmmm,
701 4996 785 5069 villa
817 4997 883 5069 sub
917 4996 1084 5087 parochia
1118 4994 1162 5066 de
1196 4994 1549 5087 Raczsluwycze
1589 4994 1676 5085 sita,
1710 4994 1808 5067 cuins

262 5116 431 5189 haeredes
448 5110 621 5205 Nicolaum⁴
640 5124 676 5189 et
692 5116 870 5190 lohannes
897 5118 939 5189 de
957 5118 1063 5189 annis
1090 5115 1366 5215 Salmonum,
1393 5122 1430 5188 et
1447 5115 1573 5189 Petrus
1600 5121 1636 5188 et
1652 5114 1812 5189 Andrees

260 5236 302 5309 de
327 5226 691 5331 Drieuyantly'e-
713 5238 756 5310 de
782 5238 888 5310 armis
915 5236 1247 5330 Odrowans'ch,
1282 5238 1317 5308 in
1338 5258 1409 5328 qua·
1431 5242 1514 5309 sunt
1540 5238 1691 5328 quinque
1717 5236 1811 5309 lanei

260 5356 505 5449 methurides,
542 5359 625 5432 item
652 5356 838 5451 tabernae,
874 5359 957 5431 item
983 5357 1221 5449 hortulaniae',
1252 5356 1448 5449 dequibus
1476 5358 1635 5431 omnibus
1663 5358 1811 5431 solvitur

259 5484 293 5550 et
317 5478 524 5567 conducitur
550 5480 684 5552 decima
707 5476 934 5572 manipularis
960 5500 1025 5570 pro
1051 5479 1252 5570 praebenda
1278 5477 1519 5571 Gracoviensi,
1551 5501 1639 5571 quae
1666 5484 1811 5551 vocatur

259 5582 464 5693 Zyratlslra,
490 5607 527 5679 et
552 5601 651 5674 valor
668 5600 753 5675 eius
780 5602 983 5674 aestimatur
1009 5599 1054 5673 ad
1082 5600 1232 5691 quinque
1259 5620 1402 5672 marcas.
1442 5601 1531 5673 Item
1557 5606 1638 5673 sunt
1664 5601 1712 5672 ibi
1739 5601 1809 5673 dno

259 5700 400 5812 praedia
426 5722 607 5813 militaria,
634 5723 677 5795 de
697 5743 841 5814 quorum
859 5724 950 5815 nmo,
969 5721 1062 5817 quod
1086 5728 1140 5795 est
1158 5722 1256 5794 Petri
1279 5722 1323 5795 de
1339 5722 1678 5814 Dzewyantlye,
1706 5721 1809 5793 datur

260 5843 391 5916 decima
408 5843 635 5935 manipularis
654 5843 819 5925 ecelesiae
836 5850 872 5916 et
889 5820 1039 5935 plebano
1065 5843 1102 5916 in
1119 5842 1491 5936 Raczslawycze,
1518 5843 1561 5914 de
1578 5843 1690 5949 altero
1717 5862 1810 5934 vero,

259 5965 349 6057 quod
367 5962 612 6038 estJohannis
629 5962 953 6058 Milrulor'rycz,
978 5952 1173 6037 decimatur
1190 5964 1373 6039 altaristae
1390 5965 1426 6036 in
1444 5963 1809 6036 Proschowicue.

360 6084 566 6176 cucuron,
602 6085 686 6159 villa
720 6086 785 6158 suh
819 6074 983 6177 parochia
1019 6082 1063 6159 de
1093 6086 1450 6176 Raczslawycze
1481 6085 1568 6176 sita,
1605 6084 1703 6157 cuius
1728 6104 1810 6177 pro-
1946 6103 1956 6123 ·

259 6208 390 6297 prietes
417 6206 461 6278 ad
488 6204 1024 6299 monasteriom.,‚Zwierzynense
1060 6209 1231 6305 pertinet,
1266 6206 1302 6277 iu
1329 6212 1507 6296 quaeunt
1536 6205 1629 6279 lanei
1655 6207 1809 6279 ematho-

258 6328 361 6401 nales.
401 6327 490 6400 Item
514 6382 612 6401 .....
637 6326 797 6403 Morslr
805 6351 828 6421 y
856 6327 942 6400 duos
969 6328 1103 6418 laneos,
1130 6348 1234 6398 unam
1260 6328 1457 6419 tabernam,
1483 6328 1669 6400 habentem
1696 6348 1809 6419 agros,

259 6454 292 6521 et
317 6471 423 6522 uuam
459 6438 703 6527 holtdltrtlam.
742 6450 830 6522 Item
864 6448 1114 6540 Woyschik
1149 6469 1253 6519 unum
1280 6449 1436 6540 laneum,
1472 6450 1554 6521 item
1591 6469 1699 6540 nepos
1733 6450 1809 6525 eiua
1912 6516 1917 6523 .

258 6590 363 6645 unum
389 6570 528 6645 laneum
553 6572 691 6645 ratione
717 6571 906 6644 scoltetiae.
