4200 8342
319 1326 332 1341 ⁸
364 1296 520 1371 Goasrra
546 1296 712 1386 Woarn,
742 1296 826 1368 villa
853 1298 918 1369 sub
945 1297 1110 1388 parochia
1136 1295 1179 1368 de
1205 1296 1572 1370 Straschanczin
1600 1298 1685 1389 sita,
1713 1300 1809 1371 cuius

256 1419 428 1493 haeredes
453 1417 619 1491 Nicolans
645 1423 683 1489 61
706 1416 884 1490 16166666
910 1417 954 1491 (16
980 1420 1087 1489 armis
1114 1423 1150 1490 et
1175 1418 1305 1490 familia
1323 1473 1436 1489 .....
1473 1419 1514 1491 16
1541 1440 1609 1510 qua
1634 1426 1716 1492 sunt
1742 1421 1810 1493 dno

255 1540 365 1613 lanai'
378 1538 624 1627 ametbonales,
650 1538 694 1610 (16
720 1537 846 1629 quibus
873 1538 1021 1611 solvitur
1039 1537 1172 1610 decima
1190 1538 1380 1630 pecunialis
1400 1540 1561 1629 episcopo
1580 1526 1824 1631 (1666616661,ΙΙ

258 1662 302 1733 (16
330 1660 488 1753 quolibet
512 1660 614 1731 laneo
640 1680 704 1750 per
722 1680 825 1731 unum
853 1660 1021 1731 fertonem
1048 1660 1199 1732 latorum
1225 1680 1445 1749 grossorum3
1472 1661 1554 1731 itom
1573 1662 1811 1752 6611116666-

258 1780 354 1853 dium
384 1780 535 1852 militare
561 1801 685 1869 unum,
720 1780 764 1852 de
792 1781 889 1852 66166
916 1782 1011 1870 agris
1047 1781 1181 1852 decima
1216 1780 1321 1852 datur
1348 1782 1512 1853 ecclesiae
1540 1787 1575 1852 et
1601 1782 1748 1872 plebano
1776 1786 1811 1854 in

258 1900 648 1989 Straschanczin,
675 1902 772 1973 cuius
799 1902 897 1972 valor
923 1902 1127 1973 aestimatur
1153 1902 1197 1971 ad
1216 1955 1330 1972 .....

372 2022 588 2112 Ronanus,
623 2023 707 2093 villa
742 2024 805 2094 sub
841 2024 1007 2112 parochia
1045 2022 1212 2094 ecclesiae
1249 2024 1291 2094 de
1327 2022 1699 2094 Strasclranczin
1735 2026 1810 2115 6116,

257 2144 358 2215 66166
385 2145 509 2215 haeres
534 2143 824 2235 Mykoschek
851 2143 895 2214 (16
923 2144 1023 2215 domo
1051 2142 1324 2216 Grillonum.
1351 2144 1392 2215 In
1411 2165 1479 2234 qua
1498 2149 1579 2216 srmt
1604 2144 1695 2216 lanei
1722 2166 1812 2217 cme-

258 2265 422 2337 thonales
441 2319 555 2334 .....

364 2386 650 2475 Wrnnooazun,
677 2386 761 2459 villa
779 2387 843 2457 sub
862 2386 1027 2476 parochia
1055 2386 1097 2458 de
1124 2387 1492 2458 Straschanczin
1520 2387 1588 2458 sita
1607 2442 1614 2456 .
1633 2440 1640 2457 .
1660 2443 1666 2457 .
1686 2442 1693 2457 .
1716 2389 1812 2459 cuius

259 2508 439 2578 haeres..
458 2560 466 2575 .
485 2560 520 2576 ..

366 2626 541 2715 (161666,
577 2628 658 2698 villa
687 2628 751 2699 sub
776 2628 943 2718 parochia
969 2626 1012 2699 (16
1038 2628 1403 2700 Straschanczin
1441 2629 1525 2715 sita,
1562 2630 1658 2701 cuius
1689 2630 1813 2700 haeres

257 2748 433 2821 Henricus
459 2748 790 2840 llospyorzsky
817 2748 861 2819 (16
879 2749 986 2819 armis
1005 2802 1118 2819 .....
1145 2748 1185 2819 16
1213 2770 1281 2839 666
1308 2750 1506 2821 666116661
1534 2751 1767 2822 cinethonales
1769 2805 1814 2820 .....

248 2912 259 2925 -
364 2870 479 2959 Znnr,
514 2869 598 2941 villa
622 2870 687 2941 sub
726 2870 892 2960 parocbia
926 2870 1093 2942 eeclesiae
1121 2870 1163 2940 (16
1190 2868 1561 2943 Strascbanczin
1597 2871 1681 2959 sita,
1717 2873 1814 2943 cuius

257 2992 386 3063 haeres
417 2990 595 3063 lohannes
629 2990 967 3082 Pothgrodsky
995 2992 1038 3062 do
1066 2992 1167 3063 domo
1204 2998 1240 3063 et
1266 2992 1396 3063 familia
1414 3047 1528 3062 .....
1564 2992 1604 3063 ln
1631 3014 1699 3082 qua
1735 3001 1814 3065 6661

257 3112 350 3183 lanei
378 3112 622 3200 amathunales,
650 3111 693 3183 de
721 3112 845 3202 quibus
872 3112 1031 3184 omnibus
1059 3112 1205 3184 solvitur
1223 3167 1338 3182 .....

366 3232 495 3321 Runa,
523 3233 606 3303 villa
623 3232 687 3304 sub
705 3232 871 3322 parocbia
889 3232 931 3303 dc
958 3232 1326 3304 Straschanczin
1354 3234 1440 3322 sita,
1469 3234 1565 3306 66166
1584 3235 1706 3306 haeres
1723 3234 1814 3307 idem

260 3352 441 3427 Johannes
467 3352 801 3445 Pothgrodsky
829 3353 871 3424 de
899 3354 1006 3425 armis
1025 3407 1140 3424 .....
1176 3354 1216 3424 16
1245 3375 1311 3443 qua
1339 3359 1419 3424 sunt
1456 3354 1547 3426 lanei
1574 3356 1815 3427 omethonales.

365 3474 567 3565 Zranaoav,
594 3474 679 3546 villa
696 3474 759 3546 sub
777 3474 944 3564 parochia
962 3474 1126 3546 ecclesiae
1154 3473 1196 3545 do
1223 3474 1588 3545 Straschanczin
1616 3477 1692 3559 sita,
1720 3477 1815 3546 66166

260 3598 387 3668 haeres
415 3594 609 3669 Stanislaus
634 3594 665 3667 L
674 3615 852 3689 yganza
877 3594 920 3666 (16
948 3596 1054 3667 armis
1080 3594 1329 3667 Poluhoza.
1356 3595 1395 3665 ln
1415 3614 1482 3685 qua
1501 3601 1583 3667 sunt
1609 3596 1699 3667 lanei
1727 3616 1815 3668 eme-

260 3716 422 3789 thonalas
423 3772 468 3787 .....

367 3838 634 3911 Zrnnuowsun
668 3836 831 3927 Wonrn,
858 3838 950 3909 -villa
984 3838 1049 3908 sub
1076 3838 1243 3927 parochia
1278 3836 1321 3909 (16
1348 3836 1712 3911 Straschanczin
1740 3841 1815 3935 sita,
1958 3904 1960 3911 .

260 3960 361 4033 66166
394 3959 519 4031 haeres
554 3958 643 4031 idem
677 3957 870 4031 Stanislaus
904 3956 1130 4050 Lyganzo.
1167 3958 1210 4067 In
1235 3978 1302 4049 qua
1329 3966 1411 4031 sunt
1446 3957 1537 4030 lanei
1572 3958 1816 4034 cmethonales

260 4080 304 4153 da
332 4080 458 4172 quibos
484 4080 632 4152 solvitur
658 4086 695 4152 et
720 4079 924 4153 conducitur
937 4079 1083 4151 decima
1114 4080 1339 4171 manipularis
1367 4086 1402 4151 61
1436 4081 1611 4170 canapalis
1646 4102 1710 4171 pro
1746 4082 1850 4183 661-Ι

258 4208 408 4295 scopata
433 4202 673 4291 cracoviensi,
699 4208 736 4273 61
762 4201 859 4272 valor
877 4201 952 4273 eius
978 4202 1183 4274 aestimatur
1208 4201 1253 4272 ad
1272 4256 1278 4271 .
1298 4256 1305 4270 .
1324 4256 1358 4272 ..
1384 4201 1471 4273 Item
1498 4200 1677 4292 praedium
1705 4201 1752 4274 ibi
1755 4255 1808 4273 ......
1811 4204 1849 4295 ,’

937 4322 1148 4395 Dammczn.

365 4444 539 4537 Oppidum
565 4445 696 4518 habens
722 4445 758 4517 in
786 4466 823 4515 so
840 4444 1074 4535 parochialem
1102 4442 1282 4515 ecclesiam
1310 4443 1478 4534 ligneam,
1505 4442 1651 4515 Sanctae
1678 4442 1818 4535 Marga-

258 4566 383 4639 rethac
409 4565 576 4653 dicatam,
602 4565 699 4637 66166
724 4566 923 4655 proprietas
949 4563 993 4635 ad
1020 4562 1217 4635 Johannem
1243 4560 1562 4653 Pcdgrodzky,
1597 4562 1748 4635 nobilem
1774 4564 1818 4637 de

261 4688 365 4759 domo
393 4692 428 4758 61
453 4687 585 4759 iamilia
620 4685 886 4758 Griiionum
921 4685 1091 4776 pertinet,
1128 4684 1226 4755 cuius
1261 4684 1430 4775 plebanus
1467 4690 1502 4755 61
1533 4688 1650 4757 666166
1684 4684 1819 4775 Ρ61666,
1964 4758 1968 4765 ,

261 4808 391 4881 nobilis
416 4808 461 4879 (16
487 4807 589 4879 domo
616 4806 899 4900 Wycnyawa.
929 4806 1018 4878 Item
1046 4806 1082 4877 in
1109 4804 1229 4877 codem
1256 4803 1383 4896 oppido
1412 4810 1494 4877 sunt
1521 4804 1702 4877 duodecim
1729 4807 1820 4878 lanei
1911 4852 1916 4865 ·

261 4928 524 5021 oppidanorum,
550 4928 594 5001 (16
621 4930 746 5019 quibus
769 4929 914 5019 quilibet
932 4926 975 4999 dc
992 4927 1094 5000 laneo
1121 4925 1226 4999 solvit
1243 4926 1391 5017 plebano
1418 4926 1454 4997 in
1480 4926 1730 4999 Dambicza
1757 4948 1819 5017 pro
1870 4932 1890 5019 ff*

263 5050 398 5125 decima
423 5070 530 5123 unum
564 5051 753 5139 fertonem,
789 5056 826 5122 61
860 5070 964 5122 unam
989 5068 1198 5121 'mensuram
1234 5048 1399 5140 siliginis,
1437 5052 1473 5120 et
1499 5047 1646 5121 alteram
1681 5068 1820 5138 arenae3

262 5173 362 5247 item'
385 5172 531 5245 ecclesia
557 5178 593 5245 61
619 5172 787 5264 plebanus
814 5173 849 5242 in
876 5172 1125 5243 Dambicza
1150 5171 1257 5243 habet
1283 5171 1392 5242 bonos
1420 5175 1456 5241 61
1484 5170 1616 5261 amplos
1655 5189 1758 5259 agros
1785 5175 1821 5239 et

263 5302 477 5387 66616166
503 5294 584 5367 dote
612 5299 648 5367 et
666 5293 817 5385 'praedio
844 5313 927 5383 su03
954 5293 1038 5367 item
1065 5292 1186 5366 661111
1205 5292 1385 5384 praedium
1404 5290 1554 5362 militare
1572 5291 1710 5381 bonum,
1736 5290 1821 5363 item

263 5420 382 5491 66161
407 5416 591 5489 advocatia
616 5415 747 5489 babens
773 5434 897 5507 agros,
924 5414 967 5489 dc
994 5416 1121 5507 quibus
1148 5414 1306 5487 omnibus
1333 5412 1481 5486 solvitur
1507 5410 1640 5483 decima
1657 5408 1821 5485 ecclcsiae

262 5538 300 5611 in
326 5537 595 5629 Dambicza,
623 5536 721 5613 cuius
761 5544 842 5631 post
878 5536 1054 5611 dominum
1090 5536 1252 5610 videlicet
1287 5539 1322 5606 et
1357 5533 1572 5605 advocatiam
1612 5532 1823 5607 coniunctim

263 5650 364 5734 valor
389 5660 598 5734 aestimatur
623 5660 669 5734 ad
695 5662 827 5753 septam
853 5679 996 5733 marcas.
1922 5656 1924 5660 ’

369 5780 665 5873 Gawazrnowa,
698 5780 783 5855 villa
807 5782 873 5855 661
898 5780 1066 5872 parocbia
1092 5778 1135 5851 dc
1162 5778 1421 5871 Dambycza
1448 5777 1534 5865 sita,
1572 5776 1670 5848 cuius
1696 5776 1820 5847 haeres

264 5904 445 5979 lohannes
468 5903 596 5978 nobilis
622 5902 794 5977 dedomo
820 5908 858 5977 61
882 5901 1013 5974 familia
1038 5898 1315 5974 Griilonum.
1343 5898 1383 5973 ln
1412 5920 1480 5991 qua
1507 5903 1588 5971 sunt
1614 5896 1706 5968 lanei
1731 5918 1821 5969 6616-

266 6026 441 6118 11666166,
477 6025 669 6119 dequibus
705 6026 864 6100 omnibus
900 6022 1049 6098 solvitur
1074 6029 1112 6097 61
1138 6022 1342 6098 conducitur
1377 6020 1509 6095 decima
1535 6019 1759 6116 manipularis
1786 6024 1821 6095 et
