4200 8342
1756 1645 1829 1719 529

278 1838 390 1931 lanei·
409 1836 660 1928 cmethouales,
685 1839 784 1961 ,item
815 1841 989 1915 tabernae
1025 1848 1100 1916 tres
1135 1845 1306 1918 habentes
1341 1867 1462 1939 agros,
1498 1848 1582 1921 item
1618 1850 1838 1926 hortulauiae

286 1961 399 2050 duae,
426 1959 594 2032 habentes
621 1961 727 2032 etiam
754 1982 875 2053 agros,
911 1963 1018 2036 etde
1045 1966 1204 2039 omuibus
1230 1967 1377 2040 solvitur
1411 1972 1448 2039 et
1465 1970 1678 2054 ,conducitur
1707 1974 1841 2046 decima

281 2081 513 2172 manipularis
549 2086 585 2152 et
612 2083 789 2173 canapalis
817 2104 881 2173 pro
908 2087 1119 2159 monasterio
1148 2087 1476 2180 Szeczechovyensi,
1508 2097 1543 2162 et
1570 2093 1667 2163 valor
1688 2095 1768 2165 eius
1794 2095 1840 2166 ad

282 2202 408 2294 uiginti
450 2203 601 2294 quinque
637 2223 782 2275 marcas.
822 2205 909 2275 Item
947 2211 1001 2277 est
1037 2208 1216 2296 praedium
1253 2210 1302 2281 ibi
1329 2185 1546 2301 coenobiale,
1583 2213 1625 2284 de
1652 2237 1719 2305 quo
1755 2216 1840 2287 uulli

285 2324 394 2397 solvit
421 2323 611 2413 decimam,
633 2322 698 2395 sed¹
713 2345 788 2395 eam
812 2345 936 2415 prose
963 2327 1119 2416 percipit.
1158 2329 1246 2399 Item
1273 2337 1354 2401 sunt
1379 2332 1428 2402 ibi
1455 2334 1546 2422 agri,
1572 2334 1632 2405 sed
1650 2337 1751 2424 pauci
1777 2357 1840 2426 per

279 2445 522 2517 limitationem
558 2444 660 2517 villae
697 2443 957 2535 Odpuchow
994 2447 1167 2538 adempti,
1207 2449 1250 2520 de
1285 2451 1411 2539 quibus
1446 2452 1580 2524 decima
1614 2457 1839 2547 manipularis

280 2566 429 2639 solvitur
455 2566 631 2637 custodiae
659 2565 939 2638 Saudomirieusi.

384 2687 557 2775 Muuow,
586 2686 671 2757 villa
699 2688 762 2759 sub
789 2688 958 2777 parochia
984 2689 1027 2759 de
1044 2688 1380 2762 Skarzeschow
1407 2694 1491 2781 sita,
1519 2694 1617 2766 cuius
1643 2672 1839 2786 proprietas

284 2809 334 2883 ad
357 2807 628 2880 illustrissimum
655 2806 821 2880 Polouiae
857 2829 973 2899 regem
1000 2811 1164 2900 pertinet.
1196 2811 1249 2882 .Iu
1277 2831 1345 2901 que
1371 2817 1453 2884 suut
1489 2814 1721 2905 quadraginta
1747 2818 1838 2889 lanei

276 2929 537 3018 emethouales,
573 2929 658 3000 item
693 2930 859 3001 tabernae
891 2951 951 3001 sex
980 2930 1148 3003 habentes
1183 2952 1305 3022 agros,
1335 2933 1426 3007 item·
1445 2933 1664 3008 hortulauiae
1691 2945 1839 3028 quatuor

282 3051 452 3123 habentes
478 3069 600 3140 agros,
637 3049 681 3121 de
708 3050 832 3140 quibus
860 3050 1019 3122 omuibus
1046 3050 1193 3122 solvitur
1229 3059 1266 3149 et
1292 3053 1496 3126 conducitur
1523 3056 1655 3127 decirua
1680 3060 1837 3150 manipu-

280 3172 366 3244 laris
392 3176 430 3243 et
455 3171 649 3262 canapalis,
676 3170 855 3242 custodiae
882 3169 1173 3260 Sandomirieusi,
1199 3173 1297 3245 cuius
1324 3175 1422 3247 valor
1448 3175 1492 3247 ad
1519 3177 1668 3267 triginta·
1692 3200 1836 3251 marcas.

281 3294 371 3366 Item
407 3298 462 3364 est
496 3292 545 3364 ibi
573 3291 753 3382 praedium
781 3291 919 3367 unicum
945 3291 1098 3383 regium,
1133 3291 1177 3365 de
1204 3292 1301 3366 cuius
1328 3295 1422 3385 agris
1454 3296 1646 3370 decimatur
1672 3299 1838 3372 ecclesiae

282 3417 319 3489 iu
346 3414 473 3488 Nora
499 3414 677 3485 Radom.
1433 3468 1435 3474 .
1838 3465 1841 3470 -

386 3535 653 3622 Musowrucz,
681 3532 764 3605 uilla
789 3532 902 3624 regis,
934 3534 998 3607 sub
1025 3535 1192 3625 parochia
1218 3536 1261 3608 de
1287 3536 1648 3623 Szlrarzeschow
1675 3540 1752 3610 sita.
1797 3541 1837 3612 Iu
1957 3513 1960 3519 ¹

284 3677 353 3748 qua
379 3659 461 3728 suut
486 3653 602 3725 decem
630 3653 722 3725 lanei
749 3654 1003 3743 emethonales,
1030 3654 1221 3746 dequibus
1248 3657 1396 3729 solvitur
1421 3664 1457 3729 et
1474 3659 1678 3732 conducitur
1704 3658 1839 3731 decima

286 3776 512 3866 manipularis
538 3780 574 3846 et
591 3775 766 3865 canapalis
792 3792 856 3866 pro
884 3775 1042 3848 custodia
1067 3775 1357 3866 Saudomirieusi,
1384 3779 1481 3851 cuius
1506 3780 1606 3852 valor
1631 3781 1839 3852 aestimatur

284 3898 329 3971 ad
356 3897 475 3971 decem
506 3915 661 3985 marcas,
695 3897 780 3967 item
815 3896 964 3979 taberna
998 3916 1069 3968 uua
1094 3897 1227 3969 habeus
1253 3919 1375 3989 agros,
1410 3920 1454 3970 er
1481 3901 1575 3990 agris
1602 3891 1837 3991 praedialib'us

285 4019 451 4110 largitos,
481 4016 678 4108 dequibus
705 4015 897 4091 decimatur
931 4017 1126 4108 manipulo,
1162 4018 1268 4112 etiam
1303 4020 1339 4089 iu
1367 4019 1492 4091 Nova
1527 4019 1703 4119 Radom.
1748 4021 1837 4092 ltem

284 4146 342 4214 est
374 4139 425 4212 ibi
461 4160 567 4211 uuum
602 4138 781 4229 praedium
817 4139 969 4229 regium,
1006 4136 1049 4209 de
1077 4158 1145 4227 quo
1172 4138 1215 4211 de
1241 4160 1310 4210 uuo
1337 4159 1477 4230 campo,
1512 4160 1574 4212 seu
1600 4161 1685 4230 agro
1712 4161 1834 4212 versus

283 4261 430 4352 Rodum
458 4259 649 4341 decimatur
668 4259 833 4333 eeclesiae
859 4260 896 4330 iu
922 4258 1037 4331 Nora
1062 4259 1229 4348 Radom,
1256 4260 1299 4331 de
1316 4260 1395 4333 aliis
1421 4266 1537 4333 autem
1573 4261 1703 4352 campis
1729 4281 1830 4353 prae-

284 4383 350 4473 dii,
378 4382 483 4455 datur
509 4380 687 4454 custodiae
714 4379 986 4457 Saudomirieusi
1012 4382 1049 4452 in
1073 4378 1298 4477 qonyrluoom.

757 4576 760 4581 .
960 4499 1157 4575 crunnus.

386 4624 482 4705 Villa
507 4625 640 4697 habeus
666 4624 845 4696 ecclesiam
863 4623 1098 4713 parochialem
1115 4624 1265 4715 ligneam
1282 4624 1319 4695 in
1338 4644 1385 4713 se,
1413 4623 1521 4696 Senot
1540 4677 1653 4695 .....
1672 4624 1832 4712 dicatam,

284 4746 330 4829 sd
366 4744 638 4818 illustrissimum
674 4744 840 4816 Polouiae
875 4763 993 4834 regem
1028 4745 1216 4835 pertinens.
1256 4744 1297 4815 Iu
1324 4765 1394 4833 qua
1429 4750 1510 4816 sunt
1536 4744 1636 4815 multi
1664 4745 1775 4834 campi
1802 4752 1838 4815 et

284 4866 386 4939 multi
412 4865 611 4937 cmethoues
638 4869 674 4934 et
694 4863 816 4951 coloni,
844 4883 990 4952 quorum
1016 4865 1093 4954 agri
1120 4865 1156 4934 iu
1174 4864 1307 4952 laneos,
1334 4864 1412 4952 plus
1431 4865 1523 4935 euim
1541 4865 1741 4935 venatoriae
1760 4865 1839 4949 arti,

288 5007 392 5079 quam
426 4986 585 5077 agrariae
612 4984 778 5056 culturae
814 4989 936 5055 extant
970 4981 1103 5072 dediti,
1133 5002 1203 5055 uon
1239 4988 1321 5054 suut
1355 4982 1531 5071 distincti3
1561 4985 1648 5054 item
1673 4984 1840 5056 tabernae

285 5108 414 5200 multae
440 5107 610 5179 habentes
637 5125 757 5195 agros,
785 5103 867 5175 item
895 5102 1073 5176 hortulani
1100 5103 1205 5174 etiam
1232 5103 1332 5173 multi
1358 5103 1527 5175 hebentes
1555 5125 1668 5195 agros,
1695 5105 1739 5175 de
1767 5106 1842 5195 qui-

286 5231 352 5303 bus
379 5227 537 5301 omuibus
555 5228 686 5316 absque
704 5224 947 5314 diminutione,
974 5223 1108 5295 decima
1126 5223 1351 5314 manipularis
1369 5229 1405 5295 et
1422 5224 1607 5314 canapalis,
1635 5225 1783 5298 soluitur
1804 5233 1842 5297 et
1949 5224 1954 5234 ‘

286 5350 488 5423 conducitur
523 5367 590 5439 pro
623 5345 780 5418 custodia
814 5344 1107 5433 Saudomirieusi,
1143 5344 1241 5423 emus
1276 5344 1373 5457 valor
1408 5346 1615 5431 aestimatur
1649 5346 1694 5417 ad
1712 5346 1838 5436 viginti

287 5476 436 5560 quatuor
462 5488 606 5541 marcas.
649 5468 736 5540 Item
768 5473 822 5539 est
848 5467 897 5539 ibi
922 5485 1028 5537 unum
1064 5465 1246 5556 praedium
1271 5465 1407 5556 regale,
1443 5465 1487 5538 de
1514 5467 1612 5538 cuius
1648 5467 1742 5557 agris
1769 5467 1838 5538 sol-

285 5592 379 5666 vitur
407 5590 540 5663 decima
557 5588 782 5679 manipularis
800 5585 967 5659 ecclesiae
984 5585 1020 5657 in
1039 5582 1261 5676 Gyedlua.
1301 5585 1388 5656 Item
1406 5589 1488 5657 sunt
1505 5585 1555 5657 ibi
1573 5586 1650 5676 agri
1676 5592 1713 5656 et
1730 5592 1841 5676 prata,
1974 5596 1976 5601 ’

286 5709 330 5783 ad
357 5711 542 5802 plebanum
568 5710 793 5799 pertinentes,
819 5726 885 5798 pro
906 5692 975 5789 'suo
1001 5725 1067 5777 usu
1094 5711 1131 5778 et
1157 5706 1374 5779 necessitate.
1485 5783 1487 5786 Α
1562 5715 1564 5719 ’

386 5827 583 5917 Owsuow,
610 5828 694 5899 villa
710 5829 775 5900 sub
793 5828 971 5918 parochia
987 5826 1031 5899 de
1048 5824 1110 5918 Gy
1121 5825 1171 5898 ed
1183 5825 1261 5896 lua
1276 5826 1365 5914 sita,
1392 5825 1489 5930 curius
1507 5825 1630 5896 haeres
1649 5825 1842 5895 Stuuislaus

289 5948 635 6038 Panthkowslry
662 5949 705 6020 de
723 5948 828 6019 anuis
855 5947 1121 6038 cygnorum.
1164 5946 1205 6017 Iu
1225 5967 1294 6036 qua
1312 5950 1394 6017 sunt
1411 5945 1503 6016 lanei
1520 5944 1770 6032 emethonales,
1797 5944 1841 6015 de

262 6071 413 6163 ‘quibus
440 6068 589 6140 solvitur
614 6073 651 6139 et
669 6069 890 6157 conducitur,
917 6065 1051 6139 decima
1077 6067 1302 6157 manipularis
1331 6072 1368 6137 et
1385 6065 1560 6154 canapalis
1577 6066 1842 6155 praepositurae
1943 6142 1957 6169 .

286 6189 573 6277 Sandomiriensi,
591 6189 688 6260 cuius
715 6188 814 6261 valor
831 6187 875 6259 ad
894 6187 980 6259 duas
997 6207 1132 6261 marcas
1150 6187 1365 6259 aestimatur.
1391 6187 1479 6258 Item
1498 6190 1579 6256 suut
1596 6185 1646 6256 ibi
1664 6186 1841 6274 tabernae,

288 6314 372 6385 item
399 6309 639 6398 hortulaniae;
665 6308 750 6381 iteri
784 6315 839 6380 est
864 6308 914 6381 ibi
940 6307 1121 6399 praedium
1155 6307 1307 6380 militare
1333 6310 1458 6397 unum,
1484 6306 1527 6378 de
1555 6326 1622 6396 quo
1649 6303 1842 6377 decimatur

288 6433 451 6505 ecclesiae
478 6433 515 6503 iu
542 6429 772 6525 Gyedlua,
799 6434 835 6502 et
860 6429 960 6503 valor
987 6481 1131 6499 ......
1211 6412 1250 6465 '³'

311 6550 334 6641 J
391 6552 609 6643 Gzowrczu,
635 6551 719 6624 villa
743 6549 1002 6641 supparatura
1026 6548 1072 6623 de
1098 6545 1309 6640 Gyedlua
1334 6547 1422 6638 sita,
1449 6549 1549 6621 cuius
1574 6547 1769 6639 proprietas
1796 6546 1841 6618 ad

391 6718 600 6763 nummum
1634 6697 1669 6745 ⁶⁷
