4200 8342
302 1629 354 1698 td

300 1835 351 1904 ibi
386 1833 571 1922 tabernae,
606 1854 675 1903 nou
710 1839 791 1905 sunt
826 1830 1053 1905 hortulaniae.
1097 1831 1186 1903 Item
1220 1830 1366 1903 ecclesia
1392 1835 1428 1902 et
1459 1829 1629 1922 plebanus
1657 1828 1772 1903 hbet
1796 1827 1843 1900 ibi

300 1954 459 2045 proprIos
493 1975 596 2044 agros
631 1955 761 2025 liberos
787 1958 823 2025 et
848 1960 960 2044 prata,
974 1990 981 2003 ·
995 1975 1058 2043 pro
1086 1975 1148 2024 suo
1175 1975 1258 2042 usu,
1286 1952 1429 2044 praedio
1457 1957 1493 2023 et
1518 1952 1735 2024 necessitate.

404 2073 527 2146 [uma
552 2073 699 2164 Mauors,
734 2075 819 2146 villa
844 2075 910 2145 sub
935 2075 1101 2164 parochia
1127 2073 1293 2144 ecclesiae
1320 2073 1363 2144 de
1382 2070 1565 2145 ‘Maiori
1589 2070 1742 2162 Ulyna
1768 2070 1843 2159 sita,

300 2196 397 2266 cuius
423 2196 590 2267 haeredes
616 2195 744 2269 Paulus
771 2195 973 2285 Ulinsky
1007 2200 1042 2266 et
1068 2193 1245 2268 Johannes
1272 2193 1295 2266 J
1304 2195 1446 2267 aroch
1475 2193 1520 2265 de
1546 2193 1648 2266 doum
1674 2191 1842 2282 Ulyna,

299 2317 336 2386 iu
363 2336 432 2405 qua
458 2322 538 2386 sunt
565 2322 714 2406 quatuor
739 2316 831 2387 lanei
849 2316 1089 2406 cmethonaleS,
1116 2317 1161 2387 ad
1178 2316 1429 2406 proprietatem
1454 2313 1675 2405 praebendae
1702 2311 1746 2383 de
1763 2311 1843 2383 Sie-

301 2437 610 2508 ciechowicze
636 2437 860 2528 pertinentes,
886 2436 930 2508 de
957 2456 1102 2526 quorum
1129 2437 1243 2509 tribus
1269 2435 1418 2507 solvitur
1434 2441 1471 2506 st
1487 2434 1694 2507 conducitur
1710 2431 1841 2503 decima

300 2555 524 2646 manipularis
551 2563 588 2627 et
613 2558 789 2648 canapalis
819 2578 883 2647 pro
909 2557 1109 2647 praebenda
1135 2556 1376 2646 CracoriensI,
1412 2576 1501 2647 quae
1527 2560 1674 2628 vocatur
1699 2552 1843 2624 Racibo

300 2678 457 2767 rowska,
493 2684 639 2767 quartus
664 2698 748 2749 vero
774 2678 897 2749 laneus
930 2678 1084 2750 eiusdem
1112 2677 1330 2767 praebendae
1363 2676 1407 2748 de
1432 2675 1844 2761 sieciecbowicze,

301 2798 406 2869 solrit
431 2798 598 2868 decimam
625 2797 874 2889 manipularem
909 2797 1057 2888 plebano
1092 2799 1130 2869 in
1156 2798 1305 2889 Ulyna
1339 2819 1399 2887 eo,
1429 2796 1529 2887 ¹qnod
1560 2802 1640 2867 erat
1674 2793 1844 2885 quondam

300 2918 471 2990 militaris.
496 2919 584 2989 Item
610 2926 692 2990 sunt
708 2914 767 2991 'ibi
793 2919 862 2990 duo
888 2919 1031 3008 praedia
1057 2919 1224 2991 militaria
1249 2926 1286 2989 et
1311 2917 1401 2989 duae
1422 2916 1652 3005 hortulaniae,
1678 2917 1844 2987 habentes

300 3060 413 3129 agros
439 3039 482 3110 de
509 3039 634 3130 quibus
660 3039 852 3111 decimatur
879 3039 1043 3110 ecclesiae
1070 3046 1107 3111 et
1131 3040 1280 3130 plebano
1307 3040 1342 3110 in
1369 3038 1537 3130 Ulyna,
1562 3042 1601 3109 et
1625 3037 1727 3109 valor
1757 3033 1844 3106 deci·

300 3181 377 3230 mae
403 3161 605 3232 aestimatur
631 3161 677 3231 ud
704 3167 853 3250 quatuor
878 3180 1024 3234 marcas

986 3278 1176 3353 qunrczn.

404 3398 516 3490 Villa,
550 3400 684 3471 habeus
718 3399 951 3490 parochialem
987 3399 1167 3470 ecclesiam
1201 3399 1352 3489 ligneam
1387 3401 1424 3471 iu
1451 3421 1506 3490 se,
1542 3399 1669 3471 Sancto
1705 3398 1845 3470 Nicolao

302 3519 490 3592 confessori
507 3520 667 3609 dIcatam,
685 3521 782 3592 cuius
800 3520 923 3591 haeres
940 3519 1138 3591 Jochannes
1157 3518 1439 3611 Czuliczslry
1466 3522 1510 3592 de
1531 3521 1638 3592 armis
1657 3519 1845 3607 Czeruia,

303 3641 338 3711 in
366 3661 435 3731 qua
461 3646 540 3711 sunt
558 3647 637 3712 octo
663 3640 754 3712 lanei
772 3640 1019 3729 cmethonales,
1047 3640 1090 3711 de
1117 3640 1242 3731 quibus
1269 3641 1416 3712 solvitur
1432 3647 1469 3712 et
1486 3641 1691 3714 conducitur
1717 3640 1847 3711 decima

301 3762 527 3852 manipularis
562 3769 599 3833 et
634 3762 810 3852 canapalis
844 3782 908 3852 per
939 3767 1089 3851 quatuor
1124 3762 1262 3850 ierngas
1297 3782 1361 3851 pro
1395 3762 1595 3851 praebenda
1627 3759 1848 3832 cracoviensi

301 3890 427 3953 rosata
452 3881 699 3973 Gosczyczslra,
725 3883 824 3952 cuins
850 3882 948 3953 ralm
974 3883 1179 3953 aestimatur
1209 3882 1254 3952 ad
1286 3881 1467 3953 duodecim
1495 3903 1639 3953 marcas
1674 3882 1770 3971 Item
1796 3884 1858 3970 est,

301 4004 340 4073 in
366 4003 487 4075 eadem
504 4003 588 4074 riba
614 4004 711 4074 curia
728 4003 900 4092 militaria,
926 4003 1059 4075 habens
1085 4023 1202 4092 agros,
1229 4003 1313 4072 item
1341 4008 1490 4092 quatuor
1516 4004 1693 4091 tabernae,
1720 4002 1849 4073 haben·

301 4132 356 4195 tes
382 4145 496 4214 agroS,
523 4125 608 4195 item
633 4145 695 4196 ser
720 4123 949 4213 hortulaniae,
976 4125 1145 4195 habentes
1172 4143 1286 4212 agros,
1312 4121 1499 4214 dequibus
1516 4124 1676 4203 omnibns
1703 4123 1850 4194 soluitur

302 4244 435 4315 decima
471 4245 694 4335 manipularis
730 4245 895 4315 ecclesiae
922 4250 958 4314 et
984 4244 1132 4333 plebano
1159 4245 1233 4313 eius
1263 4244 1300 4314 in
1319 4242 1561 4333 -qulicze‚
1587 4250 1624 4315 et
1650 4243 1750 4315 valor
1776 4242 1849 4313 eius

301 4365 507 4435 aestimatur
530 4365 577 4435 ad
603 4370 752 4454 quatuor
777 4385 921 4434 marcas.
946 4363 1035 4434 Item
1062 4363 1169 4435 habet
1195 4363 1245 4434 ibi
1271 4364 1417 4436 ecclesia
1440 4370 1477 4435 et
1493 4364 1662 4455 plebanus
1688 4364 1850 4454 proprios

301 4505 406 4574 agros
430 4484 563 4557 liberos
586 4490 623 4554 et
648 4491 759 4573 prata,
785 4505 848 4573 pro
868 4504 935 4571 suo,
957 4505 1022 4555 usu
1049 4490 1086 4554 et
1111 4485 1332 4557 necessitate.
1360 4536 1365 4543 -
1899 4538 1913 4549 .

406 4604 566 4675 ll'noams
590 4600 733 4693 Maron,
760 4605 842 4675 villa
867 4605 934 4677 sub
958 4605 1124 4694 parochia
1149 4604 1193 4674 de
1220 4603 1439 4676 Cznlicze
1464 4606 1541 4694 sita,
1568 4604 1667 4677 cuius
1693 4605 1849 4695 proprie-

301 4732 358 4796 tas
382 4723 429 4795 ad
463 4725 710 4796 monasterium
737 4724 857 4799 Sancti
882 4725 1034 4814 Spiritus
1069 4725 1104 4796 in
1136 4724 1368 4798 Cracoria
1399 4727 1570 4815 pertinet,
1605 4726 1740 4816 inqua
1767 4729 1849 4798 sunt

304 4845 498 4937 quindecim
516 4845 608 4917 lanei
635 4845 877 4935 cmethonales,
904 4847 987 4916 item
1005 4846 1151 4916 taberna
1169 4866 1247 4934 una,
1274 4822 1359 4917 item
1374 4846 1594 4918 hortulaniae
1611 4853 1696 4937 tres,
1722 4848 1852 4919 haben·

302 4977 357 5039 tes
383 4989 496 5058 agros,
523 4968 575 5038 ita
592 4966 685 5058 quod
702 4968 849 5039 taberna
867 4974 904 5037 et
920 4952 1140 5039 hortuffiiae
1166 4965 1343 5057 praelatae
1364 4967 1496 5038 habent
1521 4968 1696 5058 integrum
1713 4967 1851 5038 laneum

303 5088 505 5177 specialem,
539 5088 718 5159 intereos
744 5089 930 5177 partitum,
969 5087 1165 5177 dequibus
1200 5088 1359 5159 omnibus
1395 5085 1543 5159 soluitur
1577 5095 1614 5158 et
1647 5089 1852 5159 conducitur

304 5206 438 5277 decima
462 5208 689 5297 maniprdaris
716 5215 752 5278 et
778 5207 954 5297 canapalis
988 5228 1054 5297 pro
1090 5207 1290 5297 praebenda
1316 5207 1556 5297 Cracoriensi,
1591 5230 1681 5298 quae
1709 5195 1853 5280 uocatur

304 5327 545 5415 Karniowslra,
571 5336 607 5398 et
634 5328 733 5399 ralor
759 5330 834 5398 eius
860 5328 1065 5398 aestimatur
1091 5328 1135 5399 ad
1161 5328 1287 5418 siginti
1313 5348 1456 5398 marcas
1481 5329 1571 5399 Item
1597 5336 1652 5400 est
1678 5330 1729 5401 ibi
1755 5350 1854 5419 prae-

305 5448 400 5518 dium
427 5448 636 5536 coenobiale,
664 5448 707 5519 de
734 5449 831 5518 cuius
858 5449 953 5537 agris
978 5449 1064 5519 nulli
1083 5449 1188 5521 solrit
1213 5449 1389 5538 decimam,
1416 5449 1477 5519 sed
1504 5470 1580 5519 eam
1606 5452 1853 5521 monasterium

305 5569 396 5638 tollit
424 5589 488 5657 pro
514 5589 552 5639 se
579 5576 612 5638 et
640 5570 676 5638 in
703 5569 866 5640 horreum
893 5569 998 5639 ducit.

409 5688 616 5778 hararum,
643 5688 726 5759 rilla
752 5690 816 5760 sub
833 5689 999 5779 parochia
1025 5690 1068 5760 de
1095 5688 1312 5761 qulicze
1339 5691 1418 5777 sita
1444 5690 1542 5761 cuius
1559 5690 1684 5761 haeres
1701 5690 1856 5763 Iacobus

305 5811 349 5881 de
375 5809 736 5901 Koupeczpolpe
763 5810 807 5880 do
833 5811 940 5880 aruns
965 5808 1198 5901 Pobodzc,
1225 5812 1260 5880 in
1287 5816 1456 5900 quasunt
1481 5810 1745 5900 quatuordecim
1763 5808 1855 5883 lanei

305 5931 549 6021 emethonales,
573 5932 658 6002 item
685 5930 774 6001 duae
800 5931 978 6019 tabernae,
1002 5931 1088 6001 item
1115 5941 1265 6020 quatuor
1291 5931 1519 6019 hortulaniae,
1545 5931 1715 6003 habentes
1741 5953 1856 6022 agros

307 6049 351 6119 de
378 6052 502 6138 quibus
527 6053 687 6123 omnibns
723 6052 872 6122 solvitur
898 6058 935 6122 ct
961 6051 1167 6121 conducitur
1193 6050 1326 6120 decima
1362 6051 1589 6139 manipularis
1615 6058 1652 6123 et
1679 6054 1857 6143 canapalis

307 6189 372 6261 pro
397 6170 595 6256 praebenda
619 6170 850 6261 Cracoriensi,
876 6193 965 6262 quae
993 6183 1137 6241 uocatur
1153 6169 1395 6258 Karniouska
1421 6172 1520 6242 cuius
1545 6171 1645 6242 valor
1670 6173 1716 6243 ad
1733 6174 1860 6264 uiginti

306 6308 442 6361 meas
468 6290 682 6360 aestimatur.
710 6291 795 6361 Item
822 6299 874 6361 est
902 6293 950 6362 ibi
977 6290 1157 6380 praedium
1183 6290 1342 6379 militare,
1368 6289 1412 6361 dc
1430 6292 1527 6361 cuins
1552 6292 1648 6381 agris
1666 6292 1860 6366 decimatur

307 6410 474 6482 ecclesiae
500 6418 536 6480 et
563 6410 711 6500 plebano
739 6413 775 6480 in
802 6410 1037 6499 Czuliczc,
1064 6418 1098 6481 et
1117 6410 1215 6481 valor
1240 6412 1315 6480 eiius
1332 6413 1539 6484 aestimatur
1555 6412 1601 6482 ad
1620 6419 1695 6483 tres
1713 6434 1858 6486 marcas

411 6530 715 6620 Cznaarscuow,
750 6530 835 6600 silla
859 6531 925 6602 sub
950 6533 1117 6622 paroc-hia
1153 6531 1197 6602 de
1223 6530 1441 6602 Czulicze
1477 6532 1564 6622 sita,
1599 6533 1698 6604 cuins
1733 6535 1859 6609 haeres
