4200 8342
263 1631 312 1703 94

264 1842 462 1922 Decimae
496 1843 762 1962 manipularis
795 1844 1063 1926 exaratoris
1094 1847 1219 1928 villae
1251 1847 1468 1927 howalew
1501 1869 1636 1952 propo
1670 1846 1797 1950 hisiy-

260 2002 383 2059 czow
407 1983 702 2083 provenientia
726 1974 940 2065 ecclesiae
959 1984 1187 2088 parochiali
1215 1987 1254 2064 in
1276 1984 1487 2064 Tarnowa
1522 2007 1601 2089 por
1635 1977 1797 2064 Petrum

289 2116 441 2198 Wisch
474 2119 721 2224 episcopum
755 2119 1089 2203 Oracoviensom
1120 2123 1174 2204 da
1207 2146 1422 2204 consensu
1455 2123 1625 2229 capituli
1658 2122 1769 2203 lacta

888 2261 1059 2340 donatio
1094 2260 1180 2341 1411.

361 2446 401 2515 11
429 2445 574 2516 Nomine
602 2447 739 2519 Domini
765 2445 885 2517 Amen.
929 2446 986 2517 Ad
1012 2452 1216 2537 perpetuam
1252 2446 1305 2516 rei
1332 2445 1533 2517 memoriam
1568 2445 1643 2516 Nos
1678 2445 1800 2516 Petms

259 2565 325 2635 Dei
367 2566 482 2654 gratia
517 2567 696 2657 episcopus
732 2568 961 2639 cracoviensis
986 2572 1105 2638 notum
1131 2566 1276 2638 facimus
1293 2566 1428 2655 ,quibus
1459 2565 1601 2656 expedit
1630 2566 1799 2636 universis

261 2686 501 2774 praesentibus
520 2692 556 2756 et
568 2686 693 2758 futuris
719 2688 952 2778 praesentium
980 2687 1139 2758 notitiam
1152 2663 1343 2758 habituris.
1371 2686 1470 2775 Quod
1488 2672 1565 2757 cum
1578 2686 1677 2757 ¹inter
1695 2691 1800 2756 11111-

258 2826 316 2876 111
344 2806 612 2877 sollicitudinum
648 2828 766 2898 curas,
803 2809 927 2898 quibus
962 2828 1025 2898 pro
1062 2813 1261 2879 nostrorum
1305 2805 1521 2879 subditorum
1560 2826 1801 2897 usquequaque

257 2925 493 3017 distrahimur,
520 2929 625 2997 etad
652 2930 717 2999 hoc
745 2929 1235 3019 consideratione'praecipua
1260 2927 1478 3017 meditamur,
1506 2933 1547 2998 11
1572 2927 1744 2998 ministris
1770 2932 1802 2998 et

257 3047 433 3134 potissime
460 3049 710 3137 parochialium
738 3049 968 3138 ccclesiamm,
997 3049 1122 3139 quibus
1150 3069 1234 3120 cura
1260 3048 1417 3120 imminet
1443 3047 1647 3137 animarum,
1674 3047 1756 3137 proi
1789 3088 1802 3099 -

257 3167 350 3237 tibus
379 3168 589 3239 utilitatibus
617 3175 654 3240 et
680 3170 867 3240 commodis
903 3169 1014 3260 possit
1041 3175 1197 3258 tempore
1233 3169 1344 3239 nostri
1370 3167 1481 3239 felicis
1507 3169 1688 3258 regiminis
1716 3168 1803 3238 salu·

257 3287 353 3357 brius
380 3288 554 3376 provideri
573 3343 715 3358 ......
741 3289 939 3360 huiusmodi
966 3289 1130 3373 ministri¹
1146 3308 1251 3361 onere
1278 3290 1432 3379 ipsomm
1458 3271 1612 3359 humeris
1643 3288 1802 3378 imposito

258 3412 356 3477 tanto
384 3407 571 3479 ferventius
598 3409 788 3499 intendere,
816 3430 857 3480 ac
882 3410 1008 3481 divinis
1034 3410 1195 3481 laudibus
1213 3409 1416 3499 devotisque
1442 3408 1657 3480 orationibus
1683 3429 1805 3480 vacare

257 3528 392 3617 possint
427 3534 464 3600 et
500 3529 658 3620 valeant,
693 3535 823 3619 quanto
858 3530 1097 3619 temporalium
1135 3529 1298 3601 subsidiis
1334 3535 1371 3600 et
1405 3528 1499 3601 vitae
1534 3530 1739 3600 necessariis
1769 3550 1804 3599 sc

257 3649 494 3737 persenserint
520 3650 660 3720 uberius
687 3649 854 3721 suffultos.
898 3649 984 3721 Cum
1015 3651 1123 3740 igitur
1160 3650 1306 3721 ecclesia
1339 3649 1549 3740 parochialis
1575 3649 1611 3719 in
1626 3649 1806 3723 Tamowa
1882 3657 1884 3662 ’

258 3789 365 3857 prope
392 3769 643 3860 Mstyczow
678 3770 722 3840 ad
748 3770 883 3842 laudem
912 3777 948 3841 11
973 3771 1140 3841 honorem
1167 3769 1420 3860 Omnipotentis
1446 3769 1511 3840 Dei
1547 3770 1612 3841 sub
1639 3771 1820 3841 vocabulo·

255 3889 465 3961 visitationis
501 3890 630 3961 Beatue
666 3889 800 3961 Mariae
837 3890 994 3981 Virginis
1030 3897 1066 3962 11
1103 3891 1292 3963 Beatorum
1330 3890 1495 3979 martyris
1531 3894 1566 3961 et
1596 3889 1803 3962 confessoris

257 4010 422 4080 Stanislai
450 4017 486 4083 11
512 4010 647 4082 11111111
683 4011 883 4101 pontificum
918 4011 1063 4083 fundata
1090 4017 1126 4082 et
1153 4016 1287 4100 erecta,
1323 4011 1410 4083 adeo
1436 4011 1572 4101 exiguis
1599 4016 1637 4083 et
1661 4011 1804 4081 modicis

256 4131 496 4220 temperalium
524 4131 706 4221 stipendiis
725 4132 770 4203 sit
788 4132 916 4221 dotata,
945 4132 1036 4221 quod
1065 4131 1174 4221 ipsius
1201 4137 1318 4202 rector
1345 4153 1452 4203 onera
1478 4132 1545 4202 sibi
1572 4131 1805 4202 incumbentia

257 4273 333 4323 cum
370 4252 540 4339 eiusdem·⁴
560 4252 725 4323 eeclesiae
769 4252 937 4323 ministris
973 4252 1191 4324 commodose
1208 4248 1295 4322 ’111
1330 4257 1448 4341 potest
1482 4257 1689 4323 sustentare.
1733 4250 1805 4322 Nos

256 4373 364 4460 ipsius
400 4372 592 4443 defectibus
628 4379 772 4462 paterne
808 4373 1075 4463 compatientes,
1112 4373 1291 4463 ipsamque
1327 4377 1363 4443 et
1394 4372 1503 4462 ipsius
1539 4376 1693 4443 rectores
1729 4392 1804 4443 euru

255 4492 419 4582 praelatis
454 4493 621 4564 ministris
648 4494 684 4562 in
712 4514 808 4583 spem
836 4499 996 4565 aeternae
1032 4494 1274 4564 retributionis
1308 4499 1344 4564 11
1370 4498 1569 4564 nostrorum
1603 4493 1806 4582 praedeees-

255 4635 372 4684 sorum
400 4614 511 4684 salute
539 4614 679 4685 uberius
706 4613 830 4684 dotare'
855 4613 1031 4704 volentes,
1068 4615 1235 4685 decimam
1262 4613 1514 4704 manipularem
1541 4613 1688 4683 invilla
1715 4612 1807 4684 dicta

255 4733 422 4806 Cowalew
462 4735 588 4806 ibidem
629 4754 736 4824 prope
772 4734 964 4826 Mstyczovv
1002 4736 1091 4825 sita,
1128 4741 1163 4807 11
1198 4755 1274 4806 cum
1309 4734 1481 4824 grauitiis·
1505 4733 1666 4804 villamm
1702 4733 1805 4807 Brze·

252 4856 332 4926 'scae
368 4862 403 4927 11
439 4856 618 4926 Paeoslaw
654 4855 872 4945 continente,
909 4856 953 4927 ad
989 4862 1144 4927 nostram
1177 4876 1332 4926 mensam
1376 4853 1606 4944 episcopalem
1648 4861 1805 4944 spectan-

258 4984 347 5066 tem,
384 4977 496 5048 eidem
523 4977 689 5048 ecclesiae
725 4979 760 5048 iu
788 4977 974 5066 Tarnowa,
1010 4958 1115 5067 prout
1140 4977 1249 5067 ipsam
1276 4976 1442 5047 hacteuus
1470 4974 1694 5064 possedimus,
1721 4974 1806 5045 nihil

253 5098 340 5168 iuris
368 5098 467 5168 nobis
502 5097 556 5169 vel
584 5098 712 5170 nostris
749 5097 1005 5170 suecessoribus
1034 5096 1069 5167 in
1097 5117 1140 5167 ea
1166 5101 1403 5184 reservantes,
1431 5094 1474 5165 de
1502 5115 1672 5171 consensu
1703 5115 1804 5165 vene·

254 5218 415 5288 rabilium
442 5217 588 5289 fratrum
625 5224 824 5290 nostrorum
860 5216 1012 5307 Capituli
1049 5217 1214 5288 ecclesiae
1241 5221 1381 5286 nostrae
1414 5215 1647 5286 cracoviensis
1681 5215 1802 5286 damus

257 5338 473 5426 conferimus,
501 5339 764 5428 appropriumus
784 5344 819 5409 et
836 5343 958 5409 tenore
984 5337 1221 5428 praesentium
1249 5335 1426 5427 perpetuis
1452 5335 1668 5424 temporibus
1694 5336 1806 5407 incor-

255 5479 427 5548 poramus,
455 5478 517 5547 per
544 5459 699 5529 eiusdem
726 5459 891 5530 eeclesiae
917 5466 1081 5547 rectores,
1109 5459 1167 5548 qui
1194 5478 1258 5549 pro
1277 5464 1433 5546 tempore
1459 5455 1589 5527 inerint
1607 5455 1805 5545 tollendam,

255 5579 458 5668 habendam,
486 5580 707 5668 erigendam,
734 5579 970 5650 decimandam
998 5586 1034 5651 11
1061 5580 1096 5651 11
1125 5599 1205 5649 1111
1232 5599 1315 5648 1111
1341 5577 1577 5668 beneplacitos
1604 5583 1807 5648 converten-

256 5701 343 5771 dam.
374 5701 577 5789 inquorum
607 5699 758 5770 omnium
784 5701 1021 5771 testimonium
1040 5705 1076 5771 et
1090 5698 1297 5775 evidentiam
1320 5697 1519 5787 pleniorem,
1538 5698 1671 5768 maiora
1688 5698 1804 5788 sigilla

256 5823 389 5895 seilicet
415 5827 572 5892 nostrum
592 5826 628 5892 11
646 5820 793 5911 praefati
819 5821 930 5892 nostri
957 5820 1100 5910 capituli
1119 5820 1359 5909 praesentibus
1386 5825 1468 5891 suut
1494 5837 1654 5908 appensa.
1681 5818 1806 5888 Actum

255 5949 292 6014 et
318 5942 438 6013 datum
475 5940 680 6030 Cracoviae,
716 5941 773 6012 die
807 5942 974 6031 vigesima
1010 5940 1138 6011 mensis
1175 5939 1395 6028 Novembris,
1431 5958 1521 6010 anuo
1555 5932 1695 6008 Domini
1731 5938 1807 6008 mil·

255 6062 375 6132 lesimo
403 6061 743 6152 quadringentesimo
771 6061 962 6132 undecimo.
1006 6060 1253 6131 Praesentibus
1280 6059 1408 6130 ibidem
1434 6058 1696 6130 honorabilibus
1723 6059 1807 6130 viris

256 6181 413 6253 dominis:
441 6182 601 6253 Johaune
637 6181 839 6254 Szafraneez
879 6181 1107 6270 scholastico,
1142 6181 1267 6253 kieleio
1296 6186 1456 6269 cantore,
1484 6174 1593 6250 Paulo
1620 6178 1805 6251 Vladimiri

256 6302 417 6391 custode,
458 6301 628 6372 Michaele
664 6303 870 6375 scholastico
912 6303 1098 6393 gneznensi
1135 6308 1316 6373 11111111
1352 6300 1509 6391 officiali,
1535 6298 1671 6405 Divisio
1706 6321 1806 6391 prae·

256 6423 372 6515 posito
416 6422 618 6514 collegiatae
662 6424 967 6514 scarbimirieusis,
1003 6421 1168 6495 Johanue·
1198 6423 1313 6512 Pella,
1350 6422 1494 6495 Nicolao
1530 6421 1574 6494 de
1613 6421 1804 6513 Lupones,
